4246 5906
230 589 331 650 lunum.
351 586 411 670 la]
672 586 864 648 HISTORIA
890 587 1181 650 blrtotrnurcn.

449 837 1056 851 m*-
1061 839 1226 849 unu-mn·
1231 839 1253 848 —v
1260 839 1409 850 ...σο-

1159 861 1162 868 v

283 1069 505 1152 Mandatum
530 1070 580 1152 ad
601 1067 818 1178 Philippum
841 1070 889 1152 de
914 1070 1055 1152 Aversa
1078 1078 1121 1152 nt
1143 1079 1371 1152 mercatores
1388 1067 1550 1152 Venetos
1571 1096 1640 1178 pro
1771 1098 1797 1130 ²0

227 1203 355 1311 joettis
383 1202 432 1284 ab
467 1203 611 1285 eisdem
641 1201 803 1285 venditis
829 1202 999 1312 quietare
1030 1201 1167 1286 debeat
1193 1203 1241 1284 de
1277 1202 1437 1311 pecunia
1468 1227 1585 1312 quarn
1618 1229 1640 1283 a

232 1335 436 1419 Thomasio
453 1335 502 1418 de
518 1333 736 1420 Brundusio
754 1335 926 1418 nondum
945 1345 1178 1444 receperunt.

314 1516 443 1596 (Reum.
460 1516 564 1594 imper.
578 1513 697 1574 stodor.
719 1514 761 1587 11,
777 1513 829 1576 tol.
847 1523 882 1576 tt
899 1530 1001 1592 uerso,
1016 1522 1053 1576 8²
1070 1520 1165 1588 κοῖος
1181 1517 1212 1574 Ιιι
1226 1514 1297 1576 edit.
1314 1513 1451 1592 Curcum,
1466 1531 1498 1591 p.
1520 1523 1588 1576 ²8².
1605 1514 1641 1576 ln

352 1623 409 1684 hoc
420 1621 491 1684 totto
506 1632 542 1684 82
554 1628 635 1682 recto
648 1621 721 1682 ntbtt
734 1621 813 1682 ultra
826 1622 968 1698 scriptum
978 1621 1036 1680 ntst
1048 1621 1141 1697 ipsius
1154 1619 1285 1680 mandstt
1299 1635 1368 1696 pars
1382 1617 1514 1699 ulttma.)

282 1771 329 1840 De
350 1767 520 1862 imperiali
540 1765 696 1837 mundato
722 1769 812 1856 sacto
832 1787 895 1858 per
918 1766 1115 1858 magistrum
1136 1764 1300 1837 Albertum
1322 1768 1453 1860 scripsit
1478 1767 1641 1839 lohannes

232 1893 363 1965 Idrouti
378 1894 416 1964 in
436 1893 498 1962 buc
514 1893 646 1981 sonna:
1339 1899 1344 1907 ·

282 2015 498 2102 Fredcricns,
520 2023 603 2101 eto,
624 2011 782 2107 Philippo
801 2011 846 2085 de
866 2011 998 2085 Aversa
1014 2013 1182 2085 collectori
1205 2015 1351 2108 pecunie
1372 2015 1408 2086 in
1429 2017 1638 2112 Capitanata,

235 2139 429 2229 Basilirnta,
447 2148 537 2211 terra
551 2137 628 2208 Bari
647 2145 681 2208 et
696 2135 838 2228 ldronti,
854 2146 920 2210 eto.
935 2137 1181 2232 Exposuerunt
1196 2138 1397 2212 excellentie
1413 2149 1527 2211 nostre
1545 2143 1643 2212 Lam-

235 2266 353 2352 binus,
371 2265 491 2334 Petrus
512 2264 667 2333 Donatus
688 2269 723 2333 et
737 2261 857 2334 Petrus
877 2259 1019 2332 Caldara
1038 2269 1242 2332 mercatores
1265 2261 1399 2352 Veneti,
1420 2259 1539 2336 fideles
1556 2285 1637 2336 nos-

237 2389 296 2476 tri,
317 2386 412 2482 quod
440 2407 520 2458 oum
538 2384 742 2456 Thomssins
762 2383 807 2456 de
831 2382 1024 2455 Brundusio
1040 2384 1208 2478 receperit
1225 2383 1403 2476 qnondam
1422 2385 1457 2455 in
1474 2385 1644 2458 mandatis

237 2531 258 2581 a
276 2509 412 2582 dilectis
430 2507 656 2579 familiaribus
679 2515 714 2579 et
730 2504 890 2578 fidelibus
912 2507 1035 2578 nostris
1051 2527 1115 2600 pro
1130 2515 1226 2600 parte
1242 2515 1380 2598 nostra,
1399 2515 1438 2578 ut
1458 2527 1518 2579 eos
1538 2510 1644 2601 quie-

236 2643 324 2706 taret
346 2631 391 2704 de
414 2631 560 2724 pecunia
589 2630 640 2702 eis
666 2639 836 2702 conventa
866 2651 928 2724 pro
956 2628 1144 2702 faldistorio
1173 2645 1208 2702 et
1235 2632 1311 2702 aliis
1333 2631 1450 2724 joettis
1475 2633 1576 2704 nobis
1600 2633 1645 2705 ab

237 2756 365 2829 eisdem
384 2755 554 2842 venditis,
574 2753 688 2825 dictus
707 2753 910 2826 Thomasius
927 2753 1048 2846 partim
1072 2752 1202 2826 eisdem
1220 2753 1264 2826 de
1286 2755 1361 2848 ipsa
1378 2755 1524 2849 pecunia
1543 2757 1645 2828 solvit

236 2893 271 2954 ct
287 2879 437 2975 quedam
464 2879 638 2973 quantitas
664 2887 703 2948 nt
729 2887 887 2950 asserunt
911 2877 1073 2948 remansit
1097 2877 1143 2949 ad
1165 2876 1385 2969 solvendum,
1414 2900 1519 2973 quam
1538 2879 1583 2952 eb
1603 2899 1645 2951 eo

236 3005 363 3079 habere
379 3025 448 3077 non
465 3009 608 3099 possunt
626 3023 689 3097 pro
702 3021 744 3074 eo
759 2999 852 3096 qnod
868 3001 913 3072 ab
926 3001 1039 3072 officio
1054 3009 1105 3073 est
1120 3010 1265 3074 amotus.
1287 3001 1416 3074 Verum
1434 3005 1516 3098 quia
1531 3015 1645 3078 nostre

236 3130 422 3202 voluntatis
443 3137 494 3200 est
515 3137 553 3199 nt
569 3125 650 3199 dicti
676 3136 880 3200 mercatores
902 3124 947 3197 de
969 3147 1011 3198 eo
1034 3126 1130 3220 qnod
1157 3127 1360 3198 remanserit
1382 3127 1515 3222 integro
1541 3131 1645 3222 quie·

236 3263 362 3339 tentur,
384 3250 539 3324 fidelitati
555 3259 613 3322 tne
634 3249 856 3345 precipiendo
875 3249 1080 3322 mandamns
1097 3259 1268 3343 quatenns
1290 3251 1319 3322 si
1338 3259 1389 3324 est
1414 3251 1461 3324 ita
1477 3251 1644 3346 quicquid

238 3375 283 3448 de
300 3377 374 3470 ipsa
392 3375 540 3470 pecnnia
565 3373 812 3446 mercatoribus
837 3373 920 3466 ipsis
931 3394 958 3450 ,a
975 3374 1072 3445 curia
1096 3383 1213 3445 nostra
1239 3373 1354 3446 debita
1381 3375 1440 3444 tibi
1459 3376 1646 3449 constiterit
1722 3393 1736 3412 ’·

237 3521 300 3595 per
316 3498 565 3570 confessionem
586 3497 668 3570 dicti
684 3494 856 3568 Thomesii
871 3497 916 3568 de
934 3497 1129 3570 Brundusio
1143 3498 1347 3570 remansisse
1366 3497 1411 3570 ad
1439 3499 1645 3572 solvendum

238 3619 385 3710 eisdem,
409 3621 454 3693 de
471 3621 619 3715 pecnnia
636 3621 729 3690 curie
748 3628 948 3711 nostreque
973 3629 1025 3691 est
1043 3641 1104 3712 per
1122 3641 1243 3690 manns
1268 3631 1357 3706 tuas,
1379 3619 1487 3692 dictos
1513 3643 1644 3695 merca·

239 3757 329 3818 tores
354 3746 429 3817 sine
448 3765 543 3816 more
567 3741 749 3837 dispendio
772 3763 836 3836 pro
863 3751 959 3837 parte
986 3744 1082 3816 curie
1102 3753 1217 3816 nostre
1235 3742 1376 3816 studeas
1392 3745 1559 3838 quietare.
1577 3747 1646 3818 Re-

238 3880 399 3964 cepturus
417 3868 527 3940 abeis
551 3867 685 3938 lieteras
709 3875 843 3938 nostras
870 3877 1025 3960 patentes
1047 3865 1176 3938 exinde
1204 3867 1289 3960 ipsis
1314 3868 1421 3940 factas
1449 3882 1484 3940 et
1505 3871 1590 3942 alias
1617 3872 1646 3942 si

237 4014 325 4087 quas
344 3991 473 4063 habent
493 3988 623 4061 exinde
644 3989 811 4078 rationes,
833 3999 866 4061 et
891 3987 1041 4062 facturus
1058 3989 1131 4064 fieri
1153 3988 1249 4062 atiud
1271 3991 1434 4084 scriptum
1449 4002 1646 4086 competens

239 4116 283 4190 do
300 4117 469 4190 solutione
486 4114 531 4188 ad
545 4113 640 4186 curie
658 4122 773 4186 nostre
790 4115 970 4186 cantelam.
1374 4203 1379 4222 .

288 4241 411 4330 Datum
426 4239 559 4329 Parme,
576 4237 636 4309 vlt
654 4235 862 4328 decembris,
880 4237 956 4308 thl
976 4236 1185 4310 indictionis.

456 4483 545 4492 ..κ-,-
554 4483 587 4490 --.
594 4483 1414 4500 .-m---u--n-„u-o-o-——c-o—--n-t-t———a--n-

291 4641 346 4836 lnV
361 4643 493 4729 itinere
509 4673 579 4732 suo
609 4675 698 4733 cum
728 4653 831 4762 apud
852 4652 1139 4738 Pontremulum
1166 4657 1401 4767 [imperator]
1431 4662 1647 4744 arcessisset

347 4817 357 4836 .
1450 4806 1486 4856 70
