4350 5922
256 609 353 668 norm.
371 604 433 689 10.]
704 604 903 667 HISTORIA
927 599 1220 663 ollnouavlce.
1633 604 1674 668 63

257 745 335 816 licet
350 741 449 838 qnod
466 743 669 836 quicunqne
687 740 799 815 tidelis
821 750 937 814 noster
958 738 1003 812 de
1022 737 1134 832 Styria
1152 757 1229 808 cum
1251 735 1368 828 aliquo
1389 733 1434 808 de
1455 733 1594 810 Austris
1618 743 1674 813 vel

258 866 427 939 Australis
444 887 522 937 cnm
541 866 708 962 styriensi
735 864 965 953 contraxerit,
986 871 1103 934 utatur
1129 869 1164 934 et
1188 859 1339 954 gaudeat
1363 862 1676 938 consuetudinibus

257 1001 290 1065 et
308 991 451 1084 juribus
474 991 655 1086 provincie
681 991 718 1063 in
741 1012 813 1086 qua
840 989 937 1084 degit
958 996 993 1060 et
1008 1007 1108 1058 suam
1129 985 1233 1079 elegit
1259 985 1493 1076 mansionem,
1514 1008 1593 1058 cum
1612 1009 1675 1083 pro

255 1115 413 1210 personis
440 1115 675 1208 singularibus
701 1115 863 1210 specialis
891 1110 1108 1188 consuetudo
1136 1131 1206 1182 non
1232 1108 1355 1184 debeat
1384 1110 1546 1204 excipere
1568 1133 1674 1206 gene·

256 1239 372 1310 ralem.
409 1239 584 1310 inimicam
616 1259 758 1334 quoqne
784 1238 919 1332 justitie
951 1233 1236 1310 cousuetudinem
1264 1255 1334 1327 que
1360 1245 1567 1308 memoratos
1597 1239 1674 1333 Sty-

256 1362 385 1434 rienses
403 1362 556 1435 indebite
573 1385 636 1458 per
654 1363 828 1458 principes
845 1383 965 1436 eorum
988 1361 1023 1430 in
1049 1381 1092 1432 eo
1115 1379 1270 1454 premere
1287 1357 1470 1431 videbatur
1493 1359 1588 1452 quod
1606 1361 1676 1434 filie

256 1507 296 1559 ac
324 1485 386 1557 lilii
410 1509 530 1559 eornm
561 1488 705 1560 coactim
728 1485 987 1582 quodammodo
1010 1483 1227 1556 matrimonio
1254 1483 1516 1577 copulabantur,
1546 1506 1610 1555 nos
1637 1493 1676 1556 ut

257 1611 418 1684 zelatores
436 1611 596 1706 equitatis
614 1612 752 1708 penitus
772 1631 1011 1698 semovenrus,
1038 1608 1129 1680 hanc
1153 1605 1285 1678 eisdem
1307 1605 1431 1678 dantes
1446 1629 1487 1679 ac
1505 1608 1673 1702 imperiali

255 1735 386 1826 justitia
407 1735 650 1809 confirmantes
672 1737 864 1809 libertatem
887 1743 926 1808 ut
942 1733 1051 1806 libere
1067 1731 1155 1804 filios
1173 1753 1214 1802 ac
1229 1729 1315 1802 filias
1330 1752 1449 1804 eorum
1472 1732 1529 1804 cui
1555 1733 1675 1806 volue-

258 1859 324 1930 rint
340 1862 503 1954 copularc
518 1860 669 1932 debeant
692 1860 915 1932 inlaturum.
937 1858 1144 1950 Quicunque
1169 1866 1286 1931 auum
1301 1857 1487 1952 Styriensis
1505 1859 1549 1929 ab
1568 1858 1673 1932 intes·
1734 1866 1739 1876 '

259 1989 327 2054 tato
349 1982 551 2073 decesserit,
573 1985 674 2056 heres
691 1986 767 2078 ejus
786 1984 844 2056 vel
860 1982 922 2077 qui
941 1982 979 2052 in
1003 1979 1311 2074 consanguinitatis
1329 1980 1419 2053 linea
1445 1981 1478 2050 ci
1494 1982 1673 2075 proximus

261 2107 359 2178 luerit
386 2107 572 2180 succedere
599 2107 725 2180 debeat
747 2107 848 2180 bonis
867 2106 954 2178 suis.
971 2106 1006 2178 Si
1032 2105 1119 2178 inter
1143 2105 1332 2199 Styrienses
1356 2105 1571 2198 questionem
1591 2106 1673 2179 oriri

260 2231 454 2324 contigerit,
477 2231 633 2305 duellum
649 2233 763 2304 locum
780 2251 850 2302 non
873 2229 999 2303 habeut
1017 2231 1074 2302 vel
1092 2229 1247 2324 probatio
1270 2251 1333 2323 per
1355 2231 1590 2324 campionem,
1612 2234 1673 2307 nbi

260 2363 357 2428 testes
378 2354 496 2429 idonei
519 2355 754 2450 producentur
776 2352 971 2428 secundum
991 2376 1139 2448 qnorum
1169 2353 1401 2426 testimonium
1425 2357 1561 2449 questio
1588 2357 1672 2430 diri·

261 2477 441 2575 natur(l).
453 2479 674 2564 Querimonia
691 2501 774 2552 vcro
790 2500 896 2574 super
915 2477 1046 2573 prediis
1061 2478 1180 2550 habita
1197 2499 1312 2550 coram
1332 2479 1468 2552 statutis
1477 2480 1668 2574 judicibus,

260 2601 384 2674 auditis
407 2602 655 2676 assertionibus
671 2603 827 2693 testium,
845 2602 1021 2677 ordinario
1041 2603 1175 2695 judicio
1199 2601 1394 2675 secundum
1411 2605 1579 2697 justitiam
1603 2617 1671 2680 ter·

260 2726 418 2798 minetur.
449 2727 488 2798 ln
508 2727 686 2800 beneficiis
706 2737 823 2801 autem
848 2727 1038 2802 molestiam
1065 2750 1134 2821 qne
1159 2725 1261 2800 Anlel
1287 2727 1394 2822 vulgo
1422 2740 1566 2802 vocatur
1596 2741 1671 2805 tan·

260 2871 357 2943 quam
384 2851 486 2924 honis
512 2862 547 2924 et
573 2852 726 2925 honestis
754 2852 1064 2926 consuetudinibus
1094 2851 1335 2926 adversantem
1359 2853 1499 2948 penitus
1526 2877 1668 2930 amove·

259 2995 342 3045 mus.
374 2975 430 3046 Ex
460 2975 578 3048 innate
608 2997 751 3071 quoque
783 2977 963 3050 clementie
997 2985 1112 3050 nostre
1143 2976 1252 3068 gratia
1285 2977 1454 3070 presentis
1497 2979 1669 3074 privilegii

259 3099 456 3171 rucuntatc
480 3101 654 3173 sancimus
679 3108 718 3173 ut
741 3099 810 3174 filie
838 3101 873 3172 in
903 3100 1004 3172 bonis
1029 3107 1165 3194 patrum
1183 3099 1372 3172 succedant
1390 3101 1441 3172 eis
1458 3101 1587 3176 herede
1611 3125 1669 3177 ca·

259 3223 408 3294 rentibus
426 3223 636 3316 masculino,
659 3247 722 3320 per
745 3247 833 3318 quas
850 3233 986 3319 patrum
1006 3223 1171 3296 memoria
1196 3223 1231 3294 in
1249 3223 1329 3296 liliis
1352 3237 1574 3321 propagatur.
1592 3227 1669 3300 Sta·

258 3345 382 3418 tuimus
398 3349 542 3442 insuper
567 3356 605 3418 ut
621 3347 791 3420 beneficia
809 3347 854 3420 ab
877 3347 954 3419 aliis
967 3347 1156 3440 acquisita,
1173 3347 1308 3420 etiamsi
1327 3371 1348 3422 a
1366 3349 1506 3422 domino
1523 3361 1612 3424 terre
1631 3353 1668 3426 in

258 3472 495 3566 proprietatem
517 3473 644 3546 suenni
667 3483 803 3569 empta,
830 3473 863 3544 ei
881 3473 944 3566 qni
968 3474 1026 3565 jus
1052 3473 1212 3546 beneficii
1238 3474 1407 3569 possidet,
1435 3477 1663 3552 dimittantur.

258 3591 481 3669 concedimus
505 3597 648 3692 insuper
672 3596 803 3669 eisdem
833 3596 1115 3670 ministerialibus
1139 3597 1263 3670 nostris
1292 3609 1327 3672 ct
1349 3600 1424 3673 aliis
1450 3604 1668 3697 comprovin-

258 3717 399 3791 cialibus
427 3721 537 3815 Styrie
562 3730 601 3792 ut
626 3721 726 3793 liccat
747 3720 799 3793 eis
821 3741 940 3792 eorum
963 3719 1085 3816 predia
1110 3722 1264 3796 vendere
1290 3724 1347 3796 vel
1372 3724 1515 3799 donare.
1539 3729 1589 3800 De
1616 3729 1668 3800 al-

257 3840 424 3914 dnenticri
444 3863 587 3938 quoque
614 3845 723 3938 gratia
746 3855 860 3917 nostra
875 3845 1061 3918 eximimus
1083 3845 1249 3918 ducatum
1271 3848 1382 3943 Styrie
1405 3859 1440 3921 et
1458 3849 1667 3928 habitatores

256 3963 361 4058 ipsius
374 3967 673 4040 abstractionibus
688 3977 723 4041 et
738 3969 979 4062 gravaminum
1000 3970 1163 4043 molestiis
1179 3993 1249 4066 que
1263 3993 1326 4067 per
1347 3995 1513 4067 precones
1528 3975 1667 4050 Austris

257 4087 325 4162 lieri
353 4101 389 4164 et
417 4093 535 4166 inlerri
558 4093 725 4166 solebant.
754 4093 983 4168 concedimus
1011 4096 1062 4168 eis
1084 4097 1258 4170 licentiam
1282 4099 1446 4172 videlicet
1470 4102 1666 4196 cuicunque

257 4212 288 4285 in
303 4217 419 4312 Stpria
438 4217 483 4290 de
505 4216 614 4291 londo
628 4239 693 4290 suo
718 4218 748 4290 si
767 4219 915 4292 voluerit
936 4222 1116 4293 ecclesiam
1140 4223 1362 4297 construendi
1385 4225 1441 4298 vel
1466 4225 1666 4300 conterendi

258 4335 298 4411 dc
311 4339 443 4435 prediis
457 4363 577 4414 eorum
595 4342 751 4416 ecclesiis
774 4343 900 4415 intuitu
926 4343 1076 4439 pietatis.
1095 4343 1152 4418 Ad
1175 4345 1240 4418 hec
1264 4349 1448 4422 statuimus
1465 4351 1666 4426 auctoritate

290 4721 325 4794 lt)
345 4723 385 4782 lle
398 4721 555 4782 inhibitione
567 4723 648 4782 duelli
657 4723 800 4797 iudicarit,
812 4723 869 4785 vid.
884 4726 1134 4802 emeritumque,
1150 4728 1198 4788 lib.
1212 4729 1246 4801 ll,
1262 4731 1302 4786 tit.
1316 4733 1350 4789 ³2
1362 4737 1391 4790 ct
1406 4736 1449 4789 33.
