4226 5900
201 677 302 736 lauros.
321 671 384 748 la]
649 665 846 726 HISTORIA
870 663 1162 726 blruounulca
1549 663 1608 724 tel

202 809 291 882 lonis
315 827 377 902 per
402 803 583 898 pilaturam
609 801 792 891 cujuslibet
811 799 1020 894 designatis,
1040 822 1145 894 quam
1167 799 1270 872 etiam
1297 798 1343 870 de
1362 798 1427 869 XX
1445 798 1611 888 jumentis

202 931 320 1004 electis
338 937 372 1000 et
394 925 531 999 statutis
553 933 593 995 ut
609 922 791 995 comedant
810 923 977 1010 ordeum,
1000 923 1097 1016 quod
1113 923 1167 994 lac
1184 922 1305 994 lortius
1323 921 1487 1014 prebeant
1509 920 1610 1014 pullis

203 1055 297 1142 sois,
321 1059 456 1144 gratum
484 1069 544 1142 per
569 1046 685 1117 omnia
703 1045 864 1117 ducimus
890 1053 925 1115 et
949 1053 1044 1116 tuam
1071 1044 1282 1138 diligentiam
1309 1041 1607 1130 commendamus;

203 1175 410 1248 mandantes
426 1171 580 1244 fidelitati
600 1179 660 1241 tue
675 1177 847 1262 quatenus
860 1189 964 1262 super
984 1169 1072 1239 lacto
1088 1168 1284 1240 marescallo
1303 1166 1456 1260 predicte
1473 1187 1610 1238 omnem

203 1299 417 1393 diligentiam
435 1295 541 1368 lacios
555 1294 727 1384 adbiberi,
745 1294 841 1387 quod
856 1315 903 1364 ex
922 1314 963 1365 ea
982 1293 1183 1365 nobistales
1200 1293 1281 1387 equi
1297 1293 1500 1388 perveniant
1518 1313 1612 1385 qua-

203 1425 252 1494 les
267 1421 367 1493 nobis
384 1421 520 1514 placere
542 1419 740 1511 cognoscis,
759 1427 794 1488 et
815 1418 852 1488 in
875 1417 1003 1511 quibus
1023 1425 1122 1488 tuum
1147 1417 1316 1512 possimos
1335 1416 1492 1488 studium
1516 1437 1610 1487 com·

204 1543 382 1616 mendane.
418 1542 562 1614 Gratum
589 1542 694 1613 etiam
724 1542 789 1611 fuit
815 1539 914 1613 nobis
939 1539 1034 1634 quod
1066 1539 1267 1634 significasti
1300 1540 1345 1612 do
1370 1539 1612 1610 venationibus

204 1669 330 1740 nostris
348 1689 418 1760 qne
443 1689 523 1736 cum
551 1666 647 1737 omni
666 1665 845 1758 diligentia
870 1673 1134 1756 conservantur,
1161 1674 1195 1736 et
1220 1665 1255 1734 in
1281 1665 1412 1758 quibus
1434 1662 1613 1735 habundat

204 1792 404 1863 animalium
434 1789 631 1862 multitudo.
663 1791 758 1861 Scire
785 1798 819 1861 te
846 1798 1000 1883 preterea
1019 1789 1178 1860 volumus
1206 1788 1320 1881 quod,
1348 1786 1612 1882 depopulatione

204 1916 390 1989 Mediolani
404 1936 625 2010 quocumque
638 1914 860 1986 transivimus
877 1935 988 2008 usque
1006 1913 1053 1986 ad
1071 1914 1184 1984 menia
1199 1913 1347 1984 civitatis
1363 1921 1503 2008 peracta
1516 1933 1614 2003 mag-

204 2039 308 2110 nifice
327 2040 363 2109 in
382 2049 581 2132 perpetuam
603 2037 837 2109 confusionem
857 2035 1054 2128 rebellium,
1073 2045 1107 2107 et
1123 2036 1198 2106 aliis
1213 2035 1374 2106 omnibus
1397 2035 1532 2129 imperii
1552 2055 1615 2106 ne·

204 2164 304 2258 gotiis
329 2163 365 2233 in
382 2162 589 2235 Lomberdia
611 2183 673 2255 pro
694 2169 811 2233 nostra
832 2161 1008 2233 voluntate
1027 2160 1219 2255 dispositis,
1241 2182 1351 2254 usque
1373 2160 1408 2230 in
1428 2157 1612 2231 biarchiam

203 2287 476 2359 Anchonitanam
493 2285 637 2357 feliciter
659 2285 694 2356 in
714 2285 875 2378 proximo
888 2285 1132 2378 procedemus,
1149 2293 1183 2356 et
1201 2294 1284 2356 tunc
1300 2285 1330 2354 si
1344 2285 1432 2355 bene
1452 2283 1514 2355 tibi
1531 2283 1611 2372 erit,

203 2410 248 2483 ad
265 2417 414 2482 nostram
430 2409 637 2504 presentiam
656 2407 782 2502 poteris
796 2416 830 2479 te
848 2409 1015 2480 conferre.

250 2535 375 2606 Datum
389 2532 484 2628 apud
498 2531 665 2622 Laudem,
683 2531 762 2602 xlv
781 2531 995 2618 novembris,
1013 2530 1089 2599 Xlll
1107 2528 1317 2603 indictionis.
1451 2595 1454 2599 .
1560 2552 1561 2556 ’

411 2843 494 2853 ..ι--
500 2843 565 2850 -ιι--ι
571 2842 713 2850 ..οιιο-η-..ι
719 2841 725 2849 ι
736 2842 743 2849 -
752 2842 779 2848 ι...-
787 2841 874 2849 ...m-..n
880 2838 1341 2848 —m—mm-w-w-——m—-
1347 2837 1394 2846 00-

255 3117 477 3206 Mandatum
505 3117 555 3202 ad
578 3119 833 3230 justiciarium
858 3117 1096 3227 Principatus
1113 3125 1151 3199 et
1169 3115 1305 3200 Terrae
1330 3115 1614 3201 beneventanae

201 3261 247 3336 ut
264 3262 391 3336 amoto
403 3253 531 3362 judice
543 3253 733 3338 Mattheeo
748 3252 906 3358 Curiali,
919 3251 1001 3334 viro
1019 3249 1211 3330 illitterato
1229 3258 1266 3331 et
1278 3260 1500 3356 mercatore,
1516 3249 1614 3332 alius

200 3385 260 3468 vir
276 3384 421 3494 probus
439 3395 477 3468 et
490 3384 618 3468 fidelis
636 3387 677 3466 in
695 3385 843 3468 civitate
861 3384 1006 3467 Salerni
1026 3383 1291 3466 substituatur.

284 3587 413 3670 (Rogat.
427 3589 529 3667 imper.
543 3585 662 3649 bledo.
678 3586 723 3664 11,
738 3586 789 3648 fol.
809 3596 845 3648 ts
860 3603 959 3661 verso;
975 3588 1006 3646 ln
1019 3587 1092 3650 cdlt.
1108 3587 1245 3663 Coram,
1259 3604 1291 3665 p.
1305 3589 1389 3666 πει.)

252 3761 299 3830 De
315 3759 470 3831 mndata
487 3764 575 3851 sacto
589 3783 654 3854 per
668 3761 865 3852 magistrum
878 3761 1014 3830 Petrum
1033 3761 1072 3832 de
1093 3762 1192 3832 Viaco
1209 3763 1338 3856 scripsit
1353 3763 1394 3832 P.
1415 3762 1455 3833 de
1472 3761 1611 3856 Capua:

249 3879 465 3973 Fredericus,
480 3891 561 3968 eto,
577 3884 616 3953 T.
635 3881 680 3954 de
694 3883 909 3978 Montenigro
917 3884 1102 3974 justitiario
1115 3884 1329 3980 Principatus
1342 3893 1376 3957 et
1386 3887 1488 3958 Terre
1500 3887 1614 3959 Bene-

203 4013 365 4097 ventano,
381 4015 447 4077 eto.
467 4006 626 4078 Enormis
639 4006 826 4078 insinuatio
838 4008 1027 4100 majestatis
1041 4017 1155 4081 nostre
1166 4030 1277 4103 nuper
1290 4010 1441 4104 pulsavit
1456 4009 1613 4082 auditum

203 4148 272 4221 que
288 4137 383 4199 tuam
402 4127 574 4201 desidiam
590 4128 758 4200 violenter
776 4138 915 4201 accusat
930 4140 964 4201 et
984 4139 1134 4203 nostram
1149 4133 1227 4222 jure
1245 4140 1358 4226 potest
1373 4133 1613 4206 conscientiam
1681 4185 1686 4198 .

203 4270 419 4322 commovere
438 4276 447 4320 :
463 4249 627 4324 videlicet
645 4249 739 4344 quod
753 4251 856 4324 edicti
875 4253 982 4325 nostri
1002 4253 1181 4326 novissimi
1199 4277 1304 4352 super
1322 4257 1492 4330 creatione
1506 4278 1614 4329 anna·

202 4371 288 4443 lium
303 4372 463 4465 judicum
489 4375 619 4445 fructus
638 4394 709 4446 non
731 4385 887 4449 servatur
911 4377 948 4447 in
966 4377 1105 4450 civitate
1123 4387 1238 4451 nostra
1261 4380 1410 4470 Salerni,
1426 4379 1613 4452 Mattheum

202 4494 373 4568 Curialem
394 4497 509 4568 virum
533 4497 762 4571 inlicteratum
789 4510 1012 4574 mercatorem
1037 4511 1071 4574 et
1095 4502 1180 4575 alias
1206 4502 1254 4577 ad
1271 4503 1420 4576 officium
1437 4503 1614 4595 judicatus

203 4639 344 4713 prorsus
360 4620 515 4694 inutilem
533 4621 569 4692 in
583 4621 737 4713 judicem
749 4623 831 4718 eligi
845 4625 1045 4720 permisisti,
1060 4648 1139 4698 oum
1152 4627 1187 4697 in
1204 4635 1296 4698 tante
1308 4626 1435 4721 populo
1451 4626 1610 4717 civitatis,

202 4762 271 4834 que
289 4741 463 4816 lioteratos
481 4746 659 4840 potissime
671 4749 802 4820 nutrire
818 4750 1010 4840 consuevit,
1026 4751 1138 4822 saltim
1156 4751 1331 4823 litteratus
1344 4749 1434 4823 alius
1449 4753 1615 4846 potuisset
1668 4839 1669 4844 Ἰ
