4262 5910
214 657 389 740 tunicula]
659 656 856 718 HISTORIA
879 653 1171 716 atrabatense.
1564 655 1624 716 587

262 799 312 867 De
332 793 503 887 imperiali
518 789 676 862 madata
694 793 782 883 [octo
795 812 859 885 per
878 793 1074 885 magistram
1087 793 1129 862 R.
1153 790 1193 861 de
1212 790 1360 881 Treiecto
1377 789 1509 884 scripsit
1525 791 1564 862 G.
1584 789 1626 861 de

136 935 139 940 '
217 919 376 990 Caseotio
391 916 618 1010 responsales:

263 1041 480 1131 Fredericus,
491 1049 574 1130 ete,
590 1038 737 1110 lobanni
751 1036 797 1110 de
808 1037 926 1122 Cioffo‚
938 1046 1005 1109 ete.
1019 1037 1173 1131 Benigne
1184 1035 1377 1132 recepimus
1387 1035 1535 1127 licteras,
1556 1043 1623 1110 eto.

216 1167 266 1238 De
280 1162 453 1236 Gualterio
467 1170 582 1234 autem
599 1161 645 1234 de
657 1160 804 1233 Fisciulo
819 1161 880 1254 qui
898 1159 943 1234 de
960 1161 1118 1256 partibus
1132 1159 1363 1234 ultramarinis
1383 1159 1429 1232 ad
1446 1182 1533 1254 quas
1547 1182 1628 1232 eum

218 1287 353 1362 dudum
371 1283 622 1358 transmisimus
636 1305 748 1379 nuper
762 1284 954 1358 Messanam
968 1283 1148 1379 applicuit,
1170 1294 1209 1354 ut
1225 1282 1411 1378 scripsisti,
1431 1282 1577 1354 veniens
1592 1282 1629 1353 in
1693 1305 1704 1324 ·

219 1412 301 1484 navi
320 1411 415 1483 ouria
428 1417 543 1482 nostre
559 1429 629 1503 que
644 1417 789 1482 vocatur
805 1405 944 1502 Aquila,
961 1430 1067 1503 quam
1084 1407 1261 1502 quondam
1279 1407 1449 1480 Mattheus
1468 1407 1632 1478 Marcha-

221 1535 300 1607 faba
328 1542 480 1606 secretus
506 1530 617 1605 fidelis
645 1540 762 1604 noster
788 1539 961 1604 oneratam
995 1531 1201 1603 victualibus
1226 1539 1260 1602 ot
1287 1530 1370 1603 vino
1397 1529 1493 1602 curie
1516 1539 1632 1603 nostre

220 1658 361 1730 miserat
387 1656 482 1752 apud
507 1655 623 1746 Acon,
648 1665 785 1750 gratum
806 1655 992 1728 habuimus
1017 1655 1113 1750 quod
1139 1655 1241 1728 nobis
1267 1652 1464 1748 significare
1489 1654 1629 1726 curasti.

222 1781 324 1867 Quod
347 1789 462 1854 autem
483 1779 684 1874 significasti
706 1781 868 1874 majorem
891 1780 1118 1874 quantitatem
1141 1779 1287 1874 pecunie
1314 1801 1384 1874 que
1410 1779 1565 1872 pervenit
1589 1778 1635 1852 de

222 1905 422 1978 venditione
438 1926 554 1976 rerum
569 1926 640 2000 que
661 1903 774 1977 delate
790 1905 928 1976 luerunt
948 1904 984 1976 in
1003 1904 1085 1976 navi
1106 1903 1285 1999 predicta,
1302 1903 1510 1993 assignatam
1529 1902 1637 1975 luisse

223 2029 369 2101 ilenrico
382 2027 507 2101 Abbati
522 2026 616 2101 fideli
630 2035 746 2100 nostro
762 2027 808 2100 ad
823 2037 974 2100 nostram
991 2027 1122 2100 curiam
1134 2026 1371 2118 deserendam,
1388 2035 1423 2100 et
1438 2024 1484 2100 de
1501 2027 1636 2121 reliqua

224 2152 414 2247 quantitate
433 2161 564 2247 emptos
584 2152 691 2224 luisse
712 2152 749 2223 in
767 2151 862 2223 Aeon
882 2150 928 2224 ad
951 2173 1039 2246 opus
1062 2152 1158 2224 curie
1181 2161 1296 2224 nostre
1319 2171 1452 2246 pannos
1470 2150 1516 2224 de
1537 2151 1633 2245 lana,

224 2277 416 2349 bucaranos
431 2276 594 2348 caudatos
612 2285 645 2348 ot
659 2275 885 2365 camellottos,
902 2284 937 2348 et
954 2297 1013 2348 eos
1031 2297 1107 2348 esse
1120 2275 1295 2367 Messene,
1312 2276 1474 2348 volumus
1491 2285 1527 2348 et
1540 2297 1637 2346 man-

227 2399 350 2472 damus
378 2408 417 2470 ut
444 2421 503 2470 eos
529 2397 575 2470 ad
605 2399 811 2492 presentiam
839 2407 993 2470 nostram
1026 2399 1164 2490 mictas,
1196 2397 1450 2493 significaturus
1478 2397 1637 2471 distinete

226 2522 327 2594 nobis
351 2523 498 2616 pretinm
519 2523 745 2614 singulorum.
767 2522 868 2607 Quod
886 2543 968 2594 vero
983 2522 1096 2594 emisti
1117 2521 1164 2594 ad
1179 2543 1268 2616 opus
1289 2523 1384 2596 curie
1404 2531 1520 2596 nostre
1534 2523 1639 2614 juxta

227 2643 427 2717 mandatum
453 2653 608 2717 nostrum
633 2657 701 2717 tres
724 2646 833 2718 bones
856 2645 997 2718 balistas
1019 2645 1064 2719 de
1089 2655 1205 2737 torno,
1233 2654 1268 2718 et
1292 2645 1338 2718 ad
1362 2647 1446 2718 alias
1473 2645 1639 2718 emendas

228 2765 395 2857 intendis,
426 2776 563 2862 gratum
586 2767 747 2841 ducimus
772 2777 807 2840 et
827 2768 1031 2841 mandamns
1055 2777 1094 2839 nt
1115 2775 1351 2861 quotcumque
1370 2769 1510 2840 balistas
1530 2769 1639 2841 bonas

96 2917 98 2922 ’
230 2888 274 2960 de
285 2899 383 2962 torno
398 2899 432 2962 et
445 2890 490 2962 do
503 2890 639 2964 duobus
652 2891 800 2986 pedibus
819 2893 946 2987 poteris
962 2891 1119 2964 invenire
1133 2891 1179 2963 ad
1191 2913 1279 2986 opus
1291 2891 1386 2963 curie
1399 2900 1516 2964 nostre
1528 2913 1635 2965 emas.

229 3013 278 3084 De
301 3015 489 3108 peregrinis
505 3015 566 3108 qui
583 3015 727 3087 transire
746 3025 885 3110 propter
904 3015 1194 3112 importunitatem
1216 3014 1379 3109 temporis
1401 3024 1636 3108 nequeuntes,

230 3157 342 3229 usque
359 3136 405 3209 ad
422 3146 559 3234 tempus
573 3139 723 3233 passagii
741 3150 919 3212 morantur
936 3141 1111 3228 Messana,
1132 3148 1166 3211 et
1185 3159 1229 3210 ne
1246 3159 1268 3209 a
1290 3159 1507 3233 sampsorum
1525 3136 1636 3230 dolis,

229 3259 286 3330 vel
313 3259 457 3330 aliorum
478 3281 533 3330 res
551 3281 633 3331 suas
654 3258 881 3332 vendentium
903 3261 965 3354 qui
992 3281 1114 3333 manus
1137 3281 1218 3332 suas
1236 3269 1491 3332 consueverunt
1510 3259 1641 3332 habere

230 3381 431 3470 mendaces,
453 3383 692 3454 circumveniri
712 3385 852 3456 valeant
869 3385 925 3456 vel
949 3385 1117 3476 fraudari,
1144 3384 1263 3457 statuti
1286 3393 1367 3456 sunt
1390 3404 1584 3478 campsores
1606 3393 1642 3457 et

230 3505 287 3577 alii
306 3505 464 3599 catepani
489 3507 549 3600 qui
573 3527 642 3578 non
665 3507 871 3601 permistunt
893 3509 1093 3604 peregrinos
1117 3510 1210 3604 ipsos
1231 3508 1289 3580 vel
1314 3507 1350 3578 in
1373 3507 1507 3580 cambio
1529 3507 1586 3580 vel
1604 3508 1641 3580 in

232 3627 405 3722 emptione
421 3627 565 3700 aliarum
581 3651 695 3702 rerum
715 3631 932 3724 aliquatenus
947 3631 1164 3723 defraudari,
1185 3632 1267 3705 satis
1280 3640 1459 3726 acceptum
1472 3631 1642 3704 babemus

233 3759 267 3822 et
283 3759 353 3821 tam
370 3760 466 3822 tuam
486 3774 591 3846 quam
613 3753 757 3826 aliorum
780 3763 974 3826 nostrorum
990 3755 1145 3828 fidelium
1162 3755 1199 3826 in
1221 3753 1288 3826 hoe
1307 3753 1521 3846 diligentiam
1543 3773 1642 3826 com·

234 3874 450 3946 mendamus.
469 3877 519 3948 De
542 3884 652 3949 castro
671 3887 787 3949 nostro
809 3878 915 3950 maris
930 3880 1105 3970 Messana,
1129 3879 1165 3949 in
1182 3899 1253 3972 quo
1272 3885 1398 3949 statuta
1418 3885 1491 3950 erat
1510 3899 1643 3972 gazano

234 3995 487 4088 fleckeriorum,
512 3999 608 4092 qnod
633 4001 813 4092 assignasti
835 4003 964 4074 nuncio
983 4003 1114 4075 Nicolai
1136 4001 1279 4097 Spinule
1301 4001 1399 4094 regni
1424 4001 1538 4073 Sicilie
1567 4023 1642 4074 am·

235 4117 347 4189 mirati
356 4129 396 4190 ut
407 4119 537 4192 habitet
548 4121 585 4192 in
599 4123 738 4214 eodem,
754 4123 843 4196 sicut
855 4125 899 4197 de
909 4135 1025 4199 nostro
1036 4125 1249 4221 beneplacito
1258 4133 1310 4196 est
1323 4124 1518 4219 provisum,
1532 4125 1643 4220 placet

237 4241 348 4312 nobis.
367 4243 416 4313 De
431 4243 584 4337 predicta
600 4255 714 4320 autem
729 4268 859 4338 gazena
872 4249 1066 4324 ordinanda
1082 4250 1144 4321 ubi
1157 4248 1280 4323 debeat
1291 4247 1464 4338 laborare,
1482 4247 1643 4320 volumus

238 4369 277 4432 ut
293 4363 403 4456 ipsam
424 4368 610 4440 constituas
627 4370 662 4440 in
680 4371 840 4444 domibus
856 4395 925 4467 que
939 4371 1113 4466 quondam
1127 4371 1298 4444 ammirati
1315 4373 1470 4459 luerunt,
1488 4379 1522 4443 et
1539 4369 1576 4442 in
1593 4372 1643 4444 eis

238 4481 363 4556 debeat
377 4486 544 4561 laborare.
556 4491 666 4584 Super
675 4495 912 4568 construendis
925 4506 1042 4568 autem
1056 4495 1217 4568 domibus
1228 4517 1290 4590 pro
1302 4515 1434 4588 gazena
1447 4493 1525 4590 ipsa
1537 4515 1645 4590 prope

237 4606 400 4700 palatium
416 4619 454 4680 ut
467 4612 644 4706 scripsisti,
661 4615 707 4687 ad
717 4640 858 4712 presens
873 4639 942 4692 non
956 4618 1110 4691 vidimus
1124 4617 1403 4714 procedendum
1415 4627 1454 4690 tu
1467 4628 1639 4710 varo„stc.

286 4731 409 4802 Datum
425 4729 519 4827 apud
538 4735 744 4831 Semnum,
762 4740 839 4812 XVI
853 4739 1062 4832 decembris,
1084 4741 1159 4815 Xlll
1172 4740 1382 4814 indictionis.
