4224 5898
185 626 284 686 laniat.
304 623 369 702 12]
642 624 840 686 lllS'l'Olilll
866 621 1158 688 auctoritates.
1542 625 1603 686 2¹19

185 757 346 832 cautibus
377 759 615 853 proterantur,
648 759 804 834 veritatis
837 761 989 834 tramites
1021 757 1271 832 obumbrantur
1300 769 1335 830 et
1362 758 1516 832 falsitatis
1544 761 1602 836 vie

185 881 304 954 lucido
326 883 459 954 tramite
477 882 715 956 lustrabantur
737 893 771 956 et
787 895 985 980 persecutor
1001 883 1085 976 justi
1109 881 1172 976 qui
1188 902 1323 976 semper
1345 882 1505 956 luctando
1525 907 1603 956 suo-

184 1005 306 1076 cubuit
319 1005 461 1078 victoris
483 1027 609 1078 nomen
635 1017 808 1097 assumet;
833 1007 927 1102 quod
954 1005 1095 1101 quidem
1121 1005 1274 1076 hnmano
1292 1007 1409 1097 generi
1434 1015 1468 1078 et
1492 1007 1602 1078 chris·

185 1129 278 1200 tiana
293 1127 374 1202 fidei
393 1139 446 1201 est
468 1131 690 1202 contrarium.
715 1131 851 1204 iustitia
875 1131 1039 1203 animast
1062 1127 1144 1201 fidei
1166 1127 1427 1200 tundamentum
1447 1137 1480 1200 et
1496 1129 1601 1201 nichil

185 1251 250 1322 rite
276 1260 387 1346 potest
408 1251 562 1326 edificari
588 1253 649 1326 ubi
677 1253 775 1326 deest
801 1252 882 1326 fidei
910 1251 1192 1342 laudamentum
1220 1251 1328 1322 multo
1351 1253 1462 1342 magis
1480 1254 1602 1346 nequit

181 1375 254 1464 iam
278 1375 475 1448 edificatum
498 1397 540 1449 ea
568 1385 665 1473 parte
693 1387 824 1450 semota
851 1377 1050 1449 subsistere.
1074 1376 1146 1446 Hac
1173 1374 1277 1468 igitar
1300 1375 1437 1446 edictali
1463 1377 1538 1468 lege
1564 1376 1600 1447 ia

185 1505 342 1569 eternum
364 1499 436 1571 Deo
461 1499 609 1595 propitio
633 1499 781 1572 valitura
807 1499 982 1571 sancimus
1005 1510 1042 1570 ut
1069 1497 1097 1569 si
1121 1497 1181 1592 qui
1202 1497 1337 1588 judices
1361 1499 1600 1591 cujuscunque

186 1621 363 1714 diguitatis
378 1621 447 1692 sint
460 1623 562 1696 sorde
585 1625 641 1696 vel
655 1623 781 1718 gratia,
795 1633 917 1714 rogatu
943 1645 1003 1694 sea
1022 1621 1202 1716 precibus,
1224 1621 1339 1715 precio
1360 1622 1415 1692 vel
1436 1619 1518 1693 odio
1535 1643 1595 1692 seu

186 1743 300 1838 aliqua
319 1745 387 1818 alia
405 1767 508 1819 causa
522 1747 666 1840 injustas
679 1749 735 1820 vel
751 1747 889 1840 iniquas
907 1747 1092 1818 sententias
1106 1743 1290 1839 nephanda
1304 1765 1363 1815 ore
1378 1745 1595 1838 protnlerint,

187 1867 322 1960 capitali
354 1869 522 1942 sententie
551 1855 791 1964 subjugentur.
827 1873 919 1942 Boua
949 1869 1230 1962 euramiasuper
1255 1867 1341 1938 siin
1365 1865 1598 1940 criminalibus

186 1990 298 2062 cansa
316 1992 506 2086 exquibus
522 1993 1094 2088 penasaugainisiniligitur,tales
1112 1991 1250 2064 tulerint
1267 1992 1467 2080 sententias,
1484 1991 1598 2085 publi-

186 2121 306 2184 centur
323 2125 358 2186 et
379 2115 522 2210 impune
537 2138 598 2212 per
620 2127 728 2189 totam
746 2129 901 2188 nostram
923 2117 1104 2211 imperium
1127 2115 1172 2186 ab
1187 2115 1348 2186 omnibus
1369 2125 1592 2209 occupentur.

185 2236 219 2306 Si
235 2236 298 2330 qai
312 2247 426 2310 autem
433 2239 625 2332 judicesob
638 2241 839 2336 imperitiam
854 2241 910 2312 vel
922 2261 1072 2312 errorem
1087 2239 1231 2330 iujustas
1244 2239 1383 2310 tulerint
1394 2237 1593 2328 sententiae,

187 2379 254 2430 non
275 2360 444 2456 imputent
459 2364 542 2456 legi,
565 2363 629 2437 sed
648 2385 711 2436 sue
725 2364 904 2437 inscientia
922 2365 988 2437 boc
1007 2363 1207 2436 attribuant.
1227 2364 1345 2456 ltaque
1367 2383 1445 2433 cum
1469 2382 1594 2432 nomen

183 2483 311 2573 iudicis
330 2499 544 2559 assumentes
558 2487 743 2560 videantur
762 2509 799 2559 se
818 2487 944 2582 peritos
961 2507 1131 2575 asserere,
1152 2508 1212 2558 eos
1230 2485 1421 2581 dispendii,
1442 2485 1595 2556 extima-

187 2607 294 2680 cionis
311 2629 353 2680 ac
367 2619 400 2682 et
423 2611 492 2682 litis
509 2609 693 2684 discrimen
707 2613 871 2703 jubemus
887 2611 1074 2683 incurrere.

181 2793 189 2808 .
232 2732 321 2804 Data
333 2732 471 2822 Padus,
484 2733 580 2806 XXII
595 2734 777 2822 fabruarii,
797 2735 859 2806 Xll
873 2734 1075 2806 indictione.

232 2855 418 2950 Imperator
432 2855 623 2930 Fridericus
635 2857 821 2930 sccundus.
838 2857 1059 2952 Corruptores
1074 2854 1234 2948 judicum
1253 2855 1288 2926 in
1305 2855 1468 2927 civilibus
1481 2855 1595 2929 causis

186 2979 326 3072 antiqua
342 2980 460 3073 legum
474 2979 704 3074 dampnentur
725 2982 905 3053 sententia.
924 2982 963 3052 ln
978 2979 1215 3052 criminalibus
1232 2988 1346 3051 autem
1363 2979 1423 3072 qai
1440 2978 1595 3070 jadicem

187 3102 353 3196 corrupit,
380 3123 461 3174 cum
479 3103 555 3198 ipso
570 3103 690 3197 judice
710 3104 879 3177 bonorum
903 3103 1169 3199 publicationem
1188 3097 1250 3198 [et]
1266 3102 1445 3196 capitalem
1460 3111 1595 3176 senteu-

187 3226 266 3296 tiam
284 3225 447 3319 patiatur.

425 3477 1134 3488 „ma-m--—n—-·—
1144 3479 1323 3486 ---—.-.--.--...
1351 3481 1365 3488 -

239 3731 471 3841 Fridericus‚
502 3733 762 3816 Romanorum
790 3731 1014 3842 imperator,
1046 3741 1123 3816 tres
1155 3735 1440 3819 constitutiones
1465 3749 1597 3821 contra

187 3863 394 3948 haereticos
408 3863 491 3974 jam
511 3875 622 3948 autea
642 3891 664 3946 a
683 3891 723 3947 se
740 3865 823 3973 ipso
841 3865 939 3947 latas
957 3879 1114 3949 renouat
1130 3876 1168 3948 et
1184 3869 1416 3980 promulgat.

268 4065 508 4144 (lididitPsura,
522 4069 654 4129 Monam.
676 4067 773 4130 Germ.
792 4066 907 4141 lirion,
925 4075 998 4129 tom.
1014 4069 1068 4147 IV,
1090 4087 1121 4146 p.
1145 4079 1290 4152 ttae-³29,
1311 4090 1350 4134 ex
1371 4081 1478 4154 regest.
1500 4079 1597 4139 1222-

304 4175 381 4234 conti
393 4173 449 4253 IV,
464 4177 535 4235 anni
547 4175 603 4252 111,
625 4177 679 4235 liti.
695 4175 799 4236 carid.
815 4183 866 4250 tr,
882 4174 934 4235 ubi
946 4191 1023 4252 pepe
1036 4192 1072 4236 ea
1090 4179 1300 4254 potestatibus,
1314 4181 1444 4242 consiliis
1465 4189 1496 4244 et
1515 4201 1596 4244 corn·

304 4279 498 4342 munitetibus
510 4283 664 4340 ciuitatum
684 4287 715 4341 et
737 4281 862 4341 allorum
884 4281 1015 4341 locorum
1035 4282 1139 4342 ltaliae
1159 4283 1343 4345 observanda
1356 4290 1508 4364 proponit,
1533 4289 1595 4348 dat.

304 4385 408 4460 121411,
423 4385 467 4447 x1
480 4386 542 4446 isal.
555 4389 649 4464 junii,
665 4403 743 4448 anno
756 4386 946 4463 pontificatus
958 4389 1005 4448 sui
1025 4389 1084 4461 xt;
1098 4395 1129 4449 et
1142 4390 1181 4450 ad
1198 4389 1288 4452 fidem
1301 4393 1365 4452 cod.
1388 4396 1483 4456 Vatia.
1505 4403 1595 4473 2648,

303 4489 356 4553 iol.
373 4500 484 4566 itt-89,
506 4508 622 4552 necnon
635 4499 666 4553 et
683 4492 749 4552 ood.
764 4493 841 4553 Bibl.
857 4493 952 4554 Palat.
970 4493 1154 4572 vindobon,
1174 4498 1250 4556 inter
1270 4498 1507 4576 salisburgenses
1522 4509 1597 4574 243,

304 4597 416 4659 ailberti
426 4600 464 4660 ds
476 4599 607 4661 lebaldo
620 4604 805 4677 quaestiones
817 4603 1005 4674 contlncntis,
1019 4618 1113 4678 quum
1123 4605 1188 4678 jam
1198 4605 1268 4663 olim
1281 4607 1358 4664 inter
1367 4604 1491 4666 Patridc
1503 4607 1592 4666 Vinea

304 4699 447 4782 epistola
463 4705 513 4764 lib.
527 4707 553 4780 l,
569 4723 654 4766 num.
671 4714 812 4766 tenuit
828 4706 965 4786 evulgata
977 4705 1112 4768 fuissent.
1125 4709 1242 4769 Adsunt
1255 4727 1373 4787 quoque
1386 4713 1417 4770 in
1432 4713 1497 4772 cod.
1511 4712 1596 4774 MSS.
