4226 5900
225 622 400 707 lantcr.13.]
670 622 865 685 HISTORIA
889 623 1180 686 otetottattca
1571 629 1632 691 499

227 759 346 833 fideles
358 759 464 832 nostri
474 765 721 830 mutuaverunt
732 769 767 830 et
778 759 1040 853 assignaverunt
1052 761 1088 830 in
1104 781 1239 832 camera
1249 771 1367 832 nostra
1381 761 1426 833 de
1435 763 1635 835 Venetianis

227 884 353 976 grossis
372 883 476 953 libras
491 881 709 975 septuaginta
731 890 861 976 septem
878 882 1004 954 solidos
1019 883 1064 952 Ill
1084 891 1119 954 et
1134 883 1293 954 denarios
1305 882 1422 956 decem
1445 905 1507 977 pro
1523 886 1636 956 unciis

226 1007 301 1076 anri
317 1004 546 1078 CCCXIIllad
568 1006 728 1096 generale
743 1006 879 1099 pondus
899 1007 1014 1098 regni,
1032 1005 1079 1077 ad
1099 1005 1264 1078 rationem
1281 1006 1325 1078 de
1345 1006 1463 1078 solidis
1477 1008 1507 1076 V
1522 1009 1637 1078 minus

227 1129 369 1200 denario
387 1149 458 1200 uno
475 1149 537 1222 per
554 1127 705 1199 unciam.
726 1131 777 1201 Ile
791 1129 920 1222 quibus
937 1129 1156 1223 promisimus
1173 1140 1207 1199 et
1225 1129 1448 1201 convenimus
1462 1130 1512 1200 eis
1530 1139 1567 1199 ut
1585 1131 1631 1200 ll.

226 1252 272 1324 de
283 1253 391 1339 Valle,
408 1249 451 1322 Α.
464 1251 509 1324 de
522 1252 635 1324 Murra
647 1261 682 1323 et
693 1253 844 1323 Eutrano
857 1252 904 1324 de
915 1253 1026 1342 Porta,
1042 1253 1203 1324 custodes
1215 1253 1314 1323 erarii
1330 1253 1435 1324 nostri
1450 1253 1637 1324 Salvatoris

227 1374 273 1446 ad
291 1375 404 1464 Mare,
422 1393 485 1470 pro
499 1383 595 1469 parte
613 1376 708 1446 curie
729 1383 843 1447 nosue
862 1374 907 1446 de
921 1374 1068 1469 pecunia
1087 1373 1241 1466 ejusdem
1255 1375 1356 1446 erarii
1374 1376 1481 1446 nostri
1499 1397 1567 1468 que
1587 1385 1639 1448 est

229 1517 291 1590 per
308 1517 432 1568 manus
447 1517 586 1585 eorum,
607 1495 780 1590 predictos
799 1506 1001 1570 mercatores
1025 1497 1081 1568 vel
1105 1497 1249 1568 alterum
1268 1519 1387 1569 eorum
1410 1498 1487 1570 sive
1507 1506 1640 1600 certum

229 1620 391 1691 nuntium
416 1621 470 1692 vel
500 1629 755 1713 procuratorem
774 1642 895 1693 eornm
923 1621 959 1691 in
984 1619 1166 1692 medietato
1186 1622 1312 1690 mensis
1338 1621 1500 1691 februarii
1525 1621 1638 1715 primo

230 1743 335 1814 futuri
359 1742 464 1834 hujus
489 1744 566 1814 XIII
596 1743 794 1816 indictionis
818 1745 894 1816 sine
921 1743 1140 1831 difficultate,
1161 1743 1297 1814 deiectu
1323 1753 1356 1814 et
1381 1744 1519 1835 majoris
1546 1765 1640 1815 more

229 1865 413 1960 dispendio
431 1867 581 1938 debeant
601 1868 769 1961 quietare.
789 1868 824 1938 Si
845 1889 944 1958 vero,
961 1867 1058 1962 quod
1078 1867 1219 1938 omnino
1233 1867 1411 1948 nolumus,
1427 1866 1544 1959 aliquo
1556 1889 1639 1938 casu

229 1989 405 2084 predictus
435 1991 613 2062 solutionis
645 1993 814 2064 terminus
842 1992 1079 2085 pertransiret,
1111 1990 1238 2062 deinde
1269 1991 1304 2060 in
1337 2001 1437 2062 antea
1470 1991 1640 2082 quamdiu

230 2113 356 2186 solutio
372 2113 577 2205 differretur,
594 2113 640 2186 de
657 2115 805 2208 singulis
823 2114 848 2186 C
863 2115 974 2186 unciis
993 2125 1061 2186 tres
1080 2114 1200 2185 uncias
1217 2113 1292 2184 auri
1312 2111 1356 2184 ad
1371 2114 1530 2206 generale
1549 2133 1642 2206 pon-

231 2236 298 2308 dus
319 2237 415 2330 regni
439 2259 499 2330 per
517 2259 670 2310 mensem
686 2237 832 2332 predicti
856 2237 1016 2310 custodes
1038 2237 1138 2309 erarii
1162 2237 1206 2308 de
1233 2236 1354 2308 eadem
1380 2235 1524 2330 pecunia
1549 2237 1643 2306 curie

230 2370 346 2432 nostre
359 2360 409 2432 ais
422 2361 557 2432 solvere
569 2370 751 2433 teneantur
764 2369 799 2432 et
811 2359 960 2433 debeant
974 2383 1037 2455 pro
1056 2360 1215 2455 dampnis
1229 2371 1264 2430 et
1277 2359 1455 2448 interesse,
1469 2367 1504 2430 et
1521 2357 1643 2430 nichil·

231 2484 368 2556 ominus
393 2485 523 2578 integre
545 2495 581 2557 et
605 2507 684 2556 cum
713 2486 806 2557 omni
833 2487 1005 2558 celeritate
1029 2485 1162 2557 solvere
1184 2483 1305 2556 uncias
1329 2481 1556 2576 supradictas.
1589 2482 1643 2554 Ad

231 2606 354 2699 hujus,
370 2616 438 2679 etc.
1507 2599 1510 2608 ’

281 2734 403 2802 Datum
421 2731 517 2827 apud
535 2731 707 2824 Laudem,
726 2733 817 2805 vtttt
829 2731 878 2828 (a)
896 2733 1111 2820 novembris,
1128 2732 1206 2804 XIII
1220 2729 1432 2803 indictionis.

281 2855 391 2924 Item:

280 2975 492 3068 Fredericus,
504 2978 800 3068 etc.,custodibns
809 2979 912 3050 erarii
919 2965 1155 3050 Salvatorisad
1164 2978 1268 3048 Mare.
1279 2977 1403 3047 Notum
1412 2975 1557 3046 tacimus
1566 2973 1647 3045 fide

204 3173 215 3194 ,
232 3098 318 3170 litati
338 3107 451 3171 vestre
468 3099 563 3193 quod
578 3102 728 3172 lacobus
747 3101 959 3193 Ficcalioar,
976 3100 1150 3173 lohannes
1163 3099 1376 3186 Ficoalicar.,
1389 3097 1510 3170 Petrus
1522 3099 1645 3169 Ficca-

233 3219 328 3292 ficar.
345 3231 378 3294 et
392 3221 572 3317 Philippus
587 3225 691 3296 irater
706 3224 793 3316 ejus,
812 3234 1018 3298 mercatores
1034 3223 1180 3311 romani,
1198 3221 1318 3294 lideles
1330 3221 1452 3310 nostri,
1467 3230 1648 3292 mutuave-

233 3353 358 3415 runtet
371 3345 682 3437 assignaveruntin
696 3369 832 3419 camera
845 3357 962 3421 nostra
972 3347 1018 3421 de
1030 3347 1221 3419 venetianis
1239 3345 1366 3438 grossis
1380 3345 1485 3416 libras
1497 3343 1647 3415 LXXVII

236 3466 366 3539 solidos
388 3467 434 3538 lll
458 3477 494 3539 et
516 3467 677 3541 denarios
696 3470 729 3540 X
748 3491 810 3564 pro
835 3470 948 3541 unciis
971 3469 1046 3542 auri
1065 3467 1234 3540 CCCXIIII
1258 3467 1304 3539 ad
1326 3465 1484 3559 generale
1509 3464 1648 3560 pondus

233 3589 349 3682 regni,
368 3589 603 3663 ad'rationem
627 3592 673 3665 de
691 3593 810 3666 solidis
824 3594 854 3665 V
868 3593 983 3663 minus
999 3591 1140 3663 denario
1159 3592 1173 3660 I
1195 3611 1259 3684 per
1276 3590 1435 3676 unciam;
1454 3587 1499 3660 de
1519 3587 1648 3681 quibus

234 3713 456 3804 promisimus
480 3723 515 3786 et
538 3717 764 3788 convenimus
786 3717 836 3789 eis
855 3727 896 3787 ut
913 3737 976 3788 vos
995 3737 1056 3810 pro
1080 3723 1176 3809 parte
1197 3715 1290 3785 curie
1307 3721 1421 3785 nostre
1436 3709 1481 3783 de
1499 3711 1648 3805 pecunia

235 3836 336 3907 erarii
359 3839 551 3932 nostrique
569 3849 621 3911 est
645 3861 704 3933 per
726 3861 850 3912 manus
868 3850 1000 3912 vestras
1016 3839 1188 3933 predictos
1203 3845 1407 3908 mercatores
1426 3834 1484 3906 vel
1503 3833 1648 3905 alterum

236 3980 355 4030 eorum
372 3962 447 4034 sive
461 3972 591 4034 certum
608 3963 784 4055 nuntium,
801 3965 858 4035 vel
868 3972 1124 4058 procuratorem
1138 3981 1257 4034 eorum
1273 3962 1308 4030 in
1324 3957 1507 4030 medietate
1521 3958 1647 4029 mensis

237 4083 402 4156 februarii
421 4085 531 4179 prImo
553 4087 660 4157 futuri
678 4087 784 4178 hujus
806 4087 882 4158 XIII
900 4085 1098 4157 indictionis
1123 4085 1198 4157 sine
1220 4083 1439 4170 difficultate,
1459 4080 1597 4154 delectu
1613 4088 1648 4152 et

237 4206 376 4296 majoris
388 4228 484 4278 more
501 4207 683 4304 dispendio
698 4211 869 4304 quietatis.
890 4209 926 4281 Si
942 4229 1042 4294 vero,
1059 4208 1154 4302 quod
1168 4208 1309 4280 omnino
1324 4207 1505 4296 nolumus,
1530 4205 1647 4298 aliquo

238 4349 321 4399 casn
336 4329 513 4424 predictus
535 4333 713 4406 solutionis
729 4334 895 4406 terminus
912 4333 1148 4428 pertransiret,
1166 4331 1295 4404 deinde
1312 4332 1348 4402 in
1364 4339 1464 4402 antea
1479 4326 1646 4422 quamdiu

238 4452 361 4524 solutIo
380 4454 589 4548 differretur,
612 4457 657 4530 de
669 4459 815 4552 singulis
832 4458 856 4530 C
874 4457 987 4528 unciis
1005 4466 1074 4528 tres
1093 4456 1214 4527 uncias
1231 4455 1306 4527 auri
1324 4453 1370 4526 ad
1383 4453 1543 4545 generale
1563 4471 1647 4546 pon·

280 4711 321 4794 (a)
345 4717 410 4792 διες
424 4719 580 4798 legendum
591 4737 661 4782 vero
674 4722 771 4784 XIIII.
786 4722 851 4785 lllel
862 4725 976 4784 noman
989 4721 1071 4783 deest
1086 4723 1116 4781 io
1132 4719 1196 4780 cod.
1210 4719 1364 4794 PhtIIIpps.
