4242 5904
499 607 561 669 212
1000 608 1213 669 FlilllElllGl
1241 606 1414 668 SECUNDI
1723 606 1803 684 [llsrr.
1823 605 1907 668 1238.

499 763 576 814 essa
603 743 764 814 volumus
787 751 855 814 tam
882 741 1029 836 posteris
1052 763 1156 835 quam
1180 741 1375 825 modernis,
1405 738 1501 833 quod
1523 759 1587 810 nos
1615 738 1750 813 devotis
1777 739 1908 835 suppli·

500 865 693 937 sationibus
711 865 885 936 Wilhelmi
916 864 961 936 de
989 865 1165 959 Wimpina
1194 863 1306 936 fidelis
1335 863 1441 935 nostri
1472 863 1705 935 favorabiliter
1734 863 1906 952 inclinati,

500 990 718 1062 donationem
751 990 873 1060 iactam
901 1009 963 1083 per
994 1011 1116 1062 manne
1151 989 1261 1082 ipsius
1290 987 1335 1060 de
1361 988 1440 1078 jura
1472 995 1672 1082 patronatus
1705 987 1847 1060 ecclesie
1873 988 1908 1058 in

499 1111 593 1184 Fline
608 1109 673 1208 (l),
690 1113 784 1205 quod
804 1111 931 1185 feudali
950 1113 1048 1183 titulo
1066 1133 1087 1183 a
1103 1112 1204 1182 nobis
1219 1119 1253 1182 et
1266 1111 1412 1205 imperio
1430 1107 1628 1205 possidebat
1642 1118 1677 1182 et
1694 1109 1739 1182 de
1755 1111 1851 1183 curia
1873 1111 1908 1182 in

500 1237 739 1332 Hupphilbnra
749 1236 815 1332 (2),
830 1259 935 1330 quam
950 1247 989 1308 ut
1005 1236 1120 1308 dotem
1133 1234 1309 1329 quondam
1329 1235 1449 1306 uxoris
1460 1255 1523 1305 sne
1541 1233 1677 1305 tenebat
1691 1235 1910 1327 legitimeque

501 1363 537 1432 in
551 1360 786 1432 remissionem
803 1369 1020 1454 peccatorum
1034 1379 1175 1430 socrum
1189 1358 1348 1452 hospitali
1363 1358 1477 1428 Sancti
1495 1356 1636 1428 lohanis
1651 1357 1802 1451 Baptista
1815 1357 1910 1451 apud

501 1484 711 1578 Wimpinam
730 1483 890 1572 contulit,
908 1483 943 1552 in
960 1481 1122 1555 omnibus
1140 1481 1388 1576 approbantes,
1410 1479 1587 1551 donationi
1601 1479 1715 1551 eidam
1731 1501 1909 1553 assensum

500 1609 705 1704 porrigimus
719 1606 935 1700 imperatorie
951 1607 1150 1699 majestatis.
1163 1607 1253 1676 Nulli
1265 1627 1348 1697 ergo
1360 1605 1501 1676 omnino
1513 1605 1693 1676 hominum
1707 1604 1806 1678 liceat
1820 1605 1910 1678 banc

500 1741 615 1804 nostre
638 1730 893 1826 approbationis
921 1730 1071 1802 cbartam
1097 1729 1283 1823 infringere
1304 1730 1360 1800 val
1384 1751 1471 1800 ausu
1498 1730 1679 1802 temerario
1703 1731 1870 1803 contraire
1896 1755 1905 1800 ε

499 1855 596 1950 quod
619 1855 680 1948 qui
707 1855 951 1948 presumpserit
977 1853 1250 1946 indignationem
1270 1853 1377 1924 nostri
1395 1853 1555 1924 culminis
1579 1854 1769 1925 sanaverit
1792 1855 1909 1926 incur·

500 2001 633 2051 surum.
659 1977 714 2050 Ad
737 1978 903 2074 premisse
920 1977 1026 2071 igitur
1042 1977 1235 2050 donationis
1249 1985 1363 2050 nostre
1380 1985 1414 2048 et
1432 1997 1592 2048 assensus
1617 1977 1723 2048 robur
1743 1988 1908 2074 perpetuo

500 2103 725 2194 duraturum,
762 2111 954 2196 presentem
986 2100 1187 2174 schedulam
1218 2101 1331 2195 sigillo
1364 2109 1480 2174 nostre
1512 2101 1728 2175 celsitudinis
1765 2104 1908 2176 lecimus

498 2228 663 2303 roborari.

548 2353 672 2425 Actum
689 2373 780 2424 anno
807 2349 981 2424 dominice
1007 2351 1252 2423 incarnationis
1276 2351 1456 2423 millasimo
1480 2350 1717 2426 ducentesimo
1736 2353 1907 2446 trigesimo

498 2487 640 2564 octavo,
659 2475 787 2546 mensis
799 2475 910 2567 junii,
930 2474 1113 2546 undecima
1128 2475 1339 2546 indictionis.

547 2603 670 2672 Datum
685 2600 838 2690 Verona,
854 2620 965 2687 anno,
982 2620 1101 2672 mense
1117 2607 1151 2671 et
1170 2597 1357 2670 indictione
1373 2599 1589 2694 prescriptis,
1610 2599 1762 2672 laliciter.
1781 2599 1902 2671 Amen.

720 2903 886 2916 ‚nunno-nm·-
894 2903 986 2913 -n--u-n
993 2902 1161 2913 nun-uu·-
1167 2903 1307 2914 ι--ιυιιιοω
1313 2885 1681 2916 *suffla—omnum

343 3207 380 3237 ⁶¹⁰
394 3226 435 3292 ,ῃ
549 3184 780 3291 FridaricuS,
801 3184 1061 3268 Romanorum
1085 3183 1305 3293 imperator,
1325 3186 1490 3296 priorem
1511 3199 1550 3270 et
1567 3197 1796 3273 conventum
1813 3215 1906 3273 mo-

497 3316 652 3400 nasterii
671 3316 799 3398 Sancti
817 3317 1022 3400 salvatoris
1043 3319 1092 3400 de
1108 3317 1273 3402 Venetiis
1294 3345 1384 3402 cum
1406 3321 1587 3404 omnibus
1605 3324 1906 3431 possessionibus

497 3459 535 3531 et
552 3447 663 3532 bonis
680 3475 812 3533 eorum
833 3450 906 3533 sub
923 3476 994 3532 sua
1010 3450 1241 3558 protectione
1262 3462 1299 3534 et
1327 3452 1546 3536 defensione
1573 3455 1726 3562 speciali
1757 3457 1903 3566 recipit.

580 3671 684 3751 (Edld.
707 3673 805 3736 Fran.
822 3675 993 3753 Connnnro,
1013 3671 1163 3754 sappam.
1179 3673 1222 3735 ccl
1232 3673 1324 3736 eccles
1355 3678 1449 3736 Vacat.
1469 3674 1691 3756 err0n011.,p.
1714 3689 1780 3752 tat,
1796 3697 1834 3740 ex
1852 3699 1906 3742 un-

616 3778 785 3858 ugrupno.)

545 3967 755 4058 Fridericus‚
783 3965 847 4039 Dei
864 3967 975 4060 gratia
991 3968 1222 4041 Romanorum
1240 3968 1423 4064 imperator
1443 3990 1580 4064 semper
1598 3981 1787 4063 augustus,
1807 3971 1907 4044 leru-

497 4090 604 4162 salem
621 4097 657 4162 et
671 4088 787 4160 Sicilie
804 4110 880 4160 rex.
899 4089 964 4160 Per
985 4111 1126 4183 presens
1144 4091 1309 4186 scriptum
1328 4101 1447 4164 notum
1470 4090 1544 4164 fieri
1560 4093 1724 4164 volumus
1736 4093 1909 4166 universis

497 4213 632 4308 imperii
653 4211 815 4284 fidelibus
831 4222 901 4283 tam
925 4214 1142 4307 presentibus
1164 4236 1268 4308 quam
1295 4215 1421 4287 suturis
1438 4215 1533 4310 quod
1551 4237 1615 4288 nos
1632 4237 1696 4313 pro
1715 4217 1909 4290 reverentia

496 4337 599 4428 Regis
613 4358 733 4430 regum
749 4359 810 4432 per
823 4359 928 4430 quem
942 4347 1017 4410 acta
1031 4349 1146 4410 nostra
1162 4339 1304 4411 feliciter
1317 4338 1525 4432 diriguntur,
1541 4341 1757 4414 attendentes
1769 4361 1910 4434 quoque

898 4521 1639 4534 *amum-...mmm

534 4626 570 4701 (t)
589 4626 663 4684 Flisa
673 4666 681 4696 ,
691 4626 771 4683 bodie
784 4627 863 4683 Fler'o
877 4642 960 4700 prope
972 4627 1107 4684 lleilbrcn.

533 4727 571 4798 (t)
589 4724 786 4800 lluppbilbura‚
801 4723 880 4782 hodic
894 4723 1040 4798 Hippalbof
1049 4740 1131 4798 prope
1147 4723 1282 4782 lleilbrcn.
