4224 5898
483 551 544 612 300
981 548 1197 610 rnlnnnlcl
1221 547 1397 610 suconnl
1705 547 1787 631 [Αιιιι.
1804 548 1888 612 1239.

483 683 627 758 consilia
642 682 852 772 suadebant,
870 684 1018 778 receptis
1040 685 1198 756 trecentis
1217 683 1314 755 libris
1335 682 1427 754 illius
1449 689 1605 770 moneto,
1633 703 1703 775 que
1726 683 1771 756 ad
1790 683 1889 777 quin·

482 817 663 900 gontarum
677 805 729 903 (c)
748 829 941 879 marcarum
958 827 1141 879 numerum
1159 829 1228 878 non
1247 804 1457 893 ascendunt,
1477 804 1576 877 nobis
1594 825 1674 878 cum
1691 827 1734 879 oo
1754 827 1891 902 perma-

482 932 643 1004 nentibus
661 931 697 1001 in
714 932 833 1020 Reate,
861 939 895 1003 at
910 951 973 1024 pro
999 949 1040 1001 eo
1057 929 1166 1002 multa
1187 949 1379 1002 marcarum
1401 927 1494 1002 milia
1516 928 1796 1022 expendentibus
1811 928 1891 1002 red·

482 1054 563 1128 dere
580 1054 765 1126 recusavit.
786 1055 877 1126 Ecce
903 1053 1050 1146 qualiter
1064 1061 1163 1146 pater
1177 1061 1293 1124 noster
1309 1051 1374 1124 iste
1393 1050 1631 1122 sanctissimus
1652 1071 1715 1123 uos
1732 1051 1886 1124 amabat!

480 1179 624 1250 Demum
648 1198 752 1272 super
772 1177 982 1270 profectibus
1010 1175 1136 1247 nostris
1166 1175 1348 1261 omnibus,
1368 1183 1403 1246 et
1419 1195 1524 1266 super
1550 1171 1764 1268 pacificanda
1790 1174 1890 1246 nobis

479 1301 594 1390 ltalia,
611 1299 656 1372 de
673 1299 828 1393 qualibet
843 1299 949 1392 patris
969 1297 1027 1370 vel
1042 1298 1154 1370 vitrici
1179 1297 1286 1369 nostri
1309 1297 1424 1392 potius
1447 1295 1686 1368 benevolentia
1707 1295 1890 1392 desperare

479 1422 604 1513 coacti,
625 1420 919 1516 adprehendimus
934 1441 1027 1492 arma
1046 1429 1081 1492 et
1096 1429 1253 1508 scutum;
1271 1419 1365 1492 vires
1381 1419 1427 1494 dc
1445 1419 1634 1491 'lbeutonie
1651 1420 1824 1514 partibus,
1845 1421 1890 1494 ad

479 1544 712 1639 quaediebus
736 1544 803 1616 illis
825 1543 1051 1638 prevaricatio
1077 1542 1138 1614 lilii
1160 1543 1266 1616 nostri
1292 1563 1355 1614 nos
1386 1543 1432 1616 dc
1459 1542 1661 1614 necessitate
1685 1553 1886 1632 vocaverat,

478 1677 618 1763 proptor
635 1668 828 1760 ingressum
848 1667 944 1738 ltalie
969 1676 1233 1760 congregantes,
1258 1667 1304 1736 mi
1319 1666 1424 1736 itibus
1450 1665 1599 1736 strenuis
1618 1666 1788 1756 justitiam
1804 1687 1890 1739 uos-

478 1801 565 1864 tram
580 1791 808 1880 armavimus,
827 1810 931 1883 quam
949 1789 1095 1883 adsequi
1112 1790 1274 1884 precibus
1289 1789 1431 1860 minime
1450 1797 1661 1882 poteramus.
1686 1787 1788 1872 Quod
1809 1811 1890 1862 cum

478 1912 525 1986 ad
536 1913 697 1986 noticiam
715 1914 840 1984 summi
862 1911 1033 2007 pontificis
1057 1915 1288 2007 pervenisset,
1308 1911 1375 1984 sub
1393 1920 1553 2007 pretextu
1579 1921 1799 2005 treugarum,
1827 1933 1889 2008 pro

477 2038 582 2109 Terre
601 2037 725 2108 Sancte
740 2035 895 2108 subsidio
914 2035 1076 2109 fidelibus
1099 2036 1237 2130 populis
1260 2043 1294 2106 et
1315 2044 1405 2106 terre
1423 2033 1637 2128 principibus
1657 2033 1886 2124 indictarum,

475 2168 643 2230 armatum
662 2159 761 2230 nobis
775 2159 968 2251 ingressum
983 2158 1077 2230 ltalia
1100 2179 1161 2252 per
1182 2158 1387 2252 apostolicas
1403 2157 1530 2230 litteras
1551 2156 1744 2247 interdixit3
1760 2157 1889 2230 oblitus

474 2280 572 2374 qaod
588 2281 645 2352 die
658 2279 780 2362 eodem
797 2281 890 2375 ipso,
911 2301 981 2374 quo
995 2279 1165 2374 predictas
1184 2289 1322 2372 treugas
1345 2279 1539 2366 indixerat,
1561 2299 1624 2351 uos
1642 2287 1806 2372 tanquam
1819 2280 1888 2353 ad-

475 2412 639 2494 vocatum
660 2412 694 2476 et
716 2403 931 2476 defensorem
947 2403 1098 2475 Ecclesia
1124 2403 1305 2496 requisivit
1330 2402 1424 2496 quod
1444 2411 1561 2475 contra
1585 2403 1776 2493 Romanos,
1799 2423 1887 2497 quos

474 2526 541 2598 sibi
560 2528 640 2618 jura
670 2525 823 2598 Ecclesia
850 2527 1063 2598 subtraxisse
1091 2526 1247 2618 dicebat,
1273 2535 1427 2620 potenter
1454 2525 1641 2620 procedere
1666 2525 1883 2600 deberemus.

474 2648 636 2743 Iniquum
655 2648 690 2718 iu
713 2647 813 2720 nobis
836 2657 999 2742 reputans
1021 2648 1118 2742 quod
1137 2647 1279 2722 domum
1298 2657 1447 2721 nostram
1476 2657 1511 2720 ct
1532 2649 1782 2744 possessionem
1806 2651 1886 2724 avi·

474 2779 545 2843 tam
558 2791 663 2863 quam
682 2771 782 2842 nobis
797 2770 976 2842 rebellium
991 2781 1184 2844 nostrorum
1200 2771 1342 2844 rebellio
1356 2771 1487 2844 furiosa
1503 2773 1724 2865 praeluserat,
1742 2773 1886 2847 viriliter

474 2891 609 2987 ingredi
626 2892 822 2965 nitebamur
839 2919 847 2963 :
869 2894 964 2986 quod
973 2896 1106 2986 justum
1123 2893 1317 2968 crediderat
1332 2895 1369 2966 in
1386 2895 1548 2968 Romanis
1564 2895 1625 2988 qui
1641 2896 1728 2989 patri
1749 2919 1814 2969 suo
1829 2899 1884 2970 vel

475 3037 542 3089 avo
561 3017 618 3087 vol
637 3016 837 3109 parentibus
860 3018 933 3088 suis
952 3017 988 3088 in
1011 3017 1109 3088 nullo
1125 3037 1266 3111 prorsus
1279 3017 1463 3089 extiterant
1480 3015 1636 3109 obligati.
1652 3015 1791 3109 Adjecit
1802 3039 1885 3112 pre-

351 3215 359 3228 ,
473 3148 565 3210 terea
591 3139 628 3208 in
646 3137 765 3210 litteris
789 3138 970 3211 antedictis
989 3137 1084 3231 quod
1104 3137 1149 3210 de
1173 3138 1326 3230 negociis
1343 3137 1546 3210 Lombardie
1565 3139 1601 3208 in
1622 3137 1737 3232 ipsum
1755 3141 1884 3233 precise

474 3268 509 3331 ct
530 3259 606 3332 sine
624 3260 819 3352 adjectione
845 3269 1037 3355 temporum
1055 3269 1092 3332 et
1116 3260 1313 3334 conditione
1332 3261 1469 3354 aliqua,
1493 3261 1587 3332 nullo
1603 3261 1681 3352 jure
1702 3262 1884 3336 ethonore

473 3383 609 3478 imperii
627 3383 831 3472 reservatis,
855 3383 1130 3477 compromittere
1146 3383 1371 3475 deberemus,
1391 3405 1453 3478 per
1475 3383 1572 3477 quod
1586 3385 1645 3484 rol
1663 3405 1727 3456 nos
1750 3385 1786 3456 iu
1804 3407 1883 3480 per·

473 3514 616 3600 potuum
647 3527 668 3577 a
691 3506 780 3598 juris
804 3505 910 3578 nostri
940 3506 1123 3597 cujuslibet
1146 3507 1387 3600 prosecutione
1412 3505 1659 3600 suspenderet,
1687 3509 1742 3579 vel
1763 3509 1822 3600 jus
1849 3520 1884 3581 et

472 3627 638 3701 bonorem
663 3629 798 3723 imperii
814 3629 919 3700 libore
943 3628 1137 3700 suffocarat.
1157 3629 1259 3712 Quod
1276 3651 1355 3702 cum
1372 3629 1472 3702 nobis
1495 3649 1559 3700 nec
1581 3637 1774 3702 nostrorum
1798 3651 1883 3704 con·

474 3749 552 3821 silio
579 3751 773 3845 principum
799 3771 863 3822 nec
892 3751 1131 3846 preteritorum
1158 3749 1416 3844 dispendiorum
1440 3751 1606 3824 memoria
1628 3751 1809 3841 suaderet,
1836 3753 1884 3826 ad

474 3871 559 3943 alias
569 3881 659 3944 artes
668 3872 887 3966 postmodum
900 3892 938 3943 sc
952 3872 1133 3960 convertit,
1149 3872 1286 3944 mittens
1301 3873 1444 3944 obvium
1462 3873 1497 3944 iu
1511 3873 1722 3946 vestimentis
1734 3875 1822 3946 albis
1835 3873 1882 3970 (b)

473 3995 595 4089 lupum
626 4013 809 4088 rapacem,
834 3993 1034 4090 episcopum
1059 3994 1315 4085 Penestrinum,
1343 4017 1404 4090 per
1430 4018 1534 4089 quem
1560 3997 1655 4092 apud
1679 4017 1742 4070 nos
1762 3997 1882 4071 litteris

473 4115 670 4212 apostolicis
689 4116 734 4188 de
757 4116 828 4187 vita
849 4115 1063 4188 sanctissima
1089 4115 1385 4208 commendatum,
1406 4118 1612 4192 Placentiam
1640 4119 1740 4191 nobis
1758 4119 1883 4193 subdi·

472 4247 543 4310 tam
571 4245 605 4310 et
629 4238 755 4310 uostris
778 4237 923 4310 amicam
952 4236 998 4309 ad
1024 4236 1290 4311 Mediolanensis
1313 4239 1470 4312 lectionis
1499 4242 1649 4346 perjuria
1679 4243 1877 4334 revocavit;

471 4363 671 4458 peripsum
695 4359 836 4432 firmiter
852 4359 1015 4432 estimans
1037 4361 1088 4434 sic
1109 4362 1345 4446 universaliter
1362 4373 1397 4435 et
1413 4364 1448 4434 in
1467 4373 1576 4436 totum
1598 4363 1718 4440 lideles
1742 4374 1880 4439 nostros

513 4528 555 4609 (a)
577 4530 634 4606 Ap.
649 4527 734 4589 blatt
750 4529 848 4605 Paris,
862 4533 892 4587 et
904 4534 940 4587 ut
957 4529 1112 4604 opinamur
1125 4529 1247 4600 rectius,
1263 4529 1485 4610 quinquaginta.

511 4634 554 4716 (b)
576 4637 634 4713 Ap.
650 4635 737 4696 Matr.
753 4635 847 4709 Paris,
862 4634 966 4696 ocinus
