4246 5906
191 661 293 720 mre.
310 639 371 728 ta]
643 635 843 698 utsronm
868 635 1160 698 nrrnouarton
1538 641 1599 703 543

190 780 351 875 magister
371 778 492 849 Petrus
513 771 682 846 devince
705 781 740 844 et
762 771 923 865 magister
946 771 1108 844 'laddeus
1126 771 1171 844 de
1187 774 1333 865 Suessa,
1354 795 1480 866 magne
1505 778 1600 849 curie
1692 805 1696 814 ·

186 904 340 996 judices,
359 908 394 974 et
407 899 464 972 otii
482 899 614 994 plures

238 1028 383 1121 Signum
409 1021 540 1096 domini
562 1018 726 1092 Friden'ci
751 1018 894 1094 secundi
917 1017 980 1091 Dei
1001 1018 1111 1111 gratia
1132 1017 1346 1090 invictissimi
1368 1021 1597 1094 Romanorum

190 1147 404 1244 imperatoris
420 1164 557 1239 semper
571 1143 728 1235 augusti,
748 1143 937 1214 Jerusalem
955 1149 990 1214 et
1006 1141 1122 1213 Sicilie
1141 1142 1247 1234 regis.
1263 1141 1550 1240 (Moooprommo.)

238 1273 326 1343 Acta
345 1279 426 1342 sunt
442 1269 508 1341 hec
522 1287 612 1341 anno
633 1265 805 1338 dominice
822 1265 1064 1336 incarnationis
1083 1265 1264 1337 millesimo
1280 1267 1518 1340 ducentesimo
1534 1270 1599 1339 tri-

190 1393 317 1466 cesimo
342 1412 452 1479 nono,
484 1409 602 1461 mense
630 1385 840 1477 decembris,
873 1387 976 1460 tercie
1000 1387 1134 1460 decime
1162 1387 1381 1480 indictionis,
1408 1390 1598 1484 imperante

190 1517 330 1588 domino
354 1523 470 1587 nostro
491 1511 662 1584 Friderioo
680 1513 740 1583 Dei
764 1511 874 1604 gratia
899 1509 1124 1582 invictissimo
1146 1512 1376 1584 Romanorum
1395 1512 1599 1608 imperatore

190 1662 326 1735 semper
348 1645 513 1732 augusto,
537 1636 725 1708 Jerusalem
749 1644 782 1706 ct
799 1634 912 1707 Sicilie
937 1655 1036 1726 roge,
1053 1635 1188 1728 imperii
1206 1638 1281 1729 ejus
1299 1657 1391 1708 anno
1413 1637 1595 1729 vicesimo,

190 1764 287 1857 regni
304 1761 492 1835 Jerusalem
506 1759 627 1853 quinto
644 1756 797 1844 decimo,
816 1757 914 1850 regni
927 1778 1010 1829 vero
1023 1757 1138 1830 Sicilie
1153 1759 1407 1852 quatragesimo
1421 1759 1595 1849 secundo,

191 1887 347 1960 feliciter.
366 1884 491 1957 Amen.

238 2012 323 2082 Data
337 2010 520 2098 Cremone,
540 2027 648 2098 anno,
668 2026 787 2079 mense
800 2015 834 2076 ct
849 2005 1038 2079 indictione
1054 2005 1227 2099 predictis.

498 2341 537 2350 ,,,,
562 2341 567 2349 ,
574 2341 580 2349 ,
591 2338 1293 2350 ..m-...mm
1301 2341 1362 2352 ——4

236 2617 476 2722 ¹Frldericus,
515 2617 773 2699 Romanorum
813 2616 1038 2723 imperator,
1081 2616 1220 2699 civitati
1255 2617 1451 2700 Arinionis
1487 2619 1597 2728 cujus
1666 2660 1725 2691 nso
1740 2660 1767 2693 ι.

186 2748 407 2831 fidelitatem
426 2759 462 2829 et
479 2749 716 2831 devotionem
735 2747 993 2854 commendat,
1019 2747 1182 2858 largitur
1207 2749 1247 2829 in
1273 2759 1497 2857 perpetuum
1521 2777 1597 2834 no-

186 2905 275 2964 vam
296 2889 497 2964 monetam
529 2881 690 2963 cudendi
721 2880 937 2986 licentiam,
966 2879 1154 2962 mandans
1185 2891 1228 2962 ut
1258 2893 1411 2964 moneta
1450 2883 1490 2964 in
1523 2883 1596 2965 ista

185 3013 335 3096 civitate
362 3039 562 3122 percussa,
592 3011 689 3095 sicut
716 3011 812 3094 aliae
839 3019 1014 3094 monetae
1037 3038 1105 3120 per
1129 3037 1291 3122 regnum
1314 3013 1533 3100 Arelatense
1559 3027 1597 3099 et

183 3142 418 3254 viennense,
438 3145 641 3254 recipiatur
658 3155 695 3227 et
712 3145 945 3254 expendatur
964 3145 1045 3227 sine
1063 3145 1282 3228 difficultate
1307 3145 1489 3256 qualibet.

263 3343 561 3426 (Inedlt.exarcblvo.
568 3344 706 3423 praelect.
713 3344 840 3420 Maseli,
850 3343 929 3405 Tour
936 3341 978 3404 du
986 3346 1086 3421 trtsor,
1097 3344 1223 3418 acerra,
1230 3345 1474 3420 hultlbmellasse,
1481 3349 1543 3410 lett.
1555 3349 1591 3416 0,

256 3491 259 3501 ·
305 3468 344 3514 ox
354 3453 518 3531 orlglnalla
531 3469 591 3530 quo
602 3452 732 3530 slglllum
742 3451 879 3514 auulsum
893 3451 952 3512 lult
966 3469 975 3510 ε
991 3450 1135 3512 lorarmna
1149 3467 1219 3511 vcro
1231 3457 1261 3512 ot
1273 3452 1475 3514 characterom
1486 3454 1591 3530 forma,

305 3558 398 3619 nltlda
411 3575 530 3638 prorsus
541 3564 570 3620 ct
584 3559 693 3639 optime
704 3563 887 3632 conseruato,
904 3555 1105 3618 authenticum
1119 3572 1182 3618 esse
1195 3555 1274 3646 clarc
1284 3557 1512 3636 demonstrant.)

236 3731 275 3801 ln
291 3729 432 3802 nomine
453 3740 571 3802 sancte
592 3739 627 3802 et
651 3728 834 3803 individue
854 3727 1040 3800 Trinitatis.
1059 3727 1261 3800 Frederious
1280 3729 1454 3802 secundus
1473 3731 1594 3806 divina

185 3853 325 3924 lavante
342 3853 522 3925 clementia
543 3853 772 3924 llomanorom
791 3851 977 3944 imperator
995 3871 1131 3945 semper
1148 3860 1335 3944 augustus,
1356 3855 1544 3927 Jerusalem
1560 3865 1595 3928 et

184 3974 299 4046 Sicilie
315 3995 392 4046 rex.
415 3973 645 4048 Munilicentio
658 3981 773 4047 nostre
785 3973 893 4067 gratia
909 3974 1101 4046 communis
1117 3975 1280 4046 omnihus
1301 3976 1404 4049 debet
1418 4000 1494 4053 asse
1510 3979 1595 4054 fide·

183 4098 296 4189 libus,
317 4097 380 4171 sed
405 4098 452 4172 ad
474 4098 742 4194 supplicationes
759 4097 895 4169 illorum
920 4097 1097 4192 potissime
1114 4098 1264 4191 benigna
1290 4098 1393 4174 debet
1414 4124 1595 4195 assurgere

182 4241 274 4313 qnos
290 4222 404 4293 fervor
421 4219 502 4294 lidci
523 4229 558 4292 et
573 4220 767 4294 devotionis
793 4219 970 4310 integritas
994 4218 1097 4293 laude
1114 4219 1238 4312 dignos
1256 4231 1291 4293 et
1312 4226 1451 4316 premiis
1467 4229 1594 4299 nostris

183 4341 381 4436 aspectibus
402 4350 648 4436 representant.
677 4343 764 4414 llinc
791 4341 962 4436 estquod
990 4361 1049 4434 per
1066 4361 1206 4436 presens
1232 4344 1449 4438 privilegium
1472 4357 1593 4420 notum

184 4464 260 4536 lieri
279 4464 441 4538 volumus
464 4465 633 4538 universis
654 4475 724 4536 tam
750 4463 966 4559 presentibus
991 4486 1094 4558 qnam
1125 4468 1246 4538 futuris
1269 4469 1363 4561 quod
1384 4469 1429 4541 ad
1455 4470 1593 4544 laudem

183 4587 369 4681 imperialis
382 4588 530 4659 nominis
544 4597 578 4658 et
591 4587 735 4678 gloriam
749 4587 891 4658 Cesarea
905 4586 1102 4679 dignitatis,
1117 4610 1264 4661 comune
1278 4591 1460 4663 Avinionis
1475 4592 1594 4666 fideles

184 4710 291 4781 nostri
315 4710 375 4804 qui
396 4707 500 4784 lidcm
519 4731 617 4782 suam
641 4709 737 4805 apud
759 4711 970 4800 majestatem
988 4720 1139 4782 nostram
1161 4712 1345 4786 serviendo
1369 4715 1590 4806 continuant,
