4246 5906
212 588 311 650 buren.
331 583 391 668 le]
659 582 858 646 HISTORIA
883 581 1180 646 ureuoueurcs
1568 583 1627 646 56¹1

260 723 374 816 Super
386 721 476 794 Iacto
490 727 606 792 antem
617 727 772 793 actorum
786 727 820 791 et
833 718 1099 815 quaternionum
1111 719 1208 791 curie
1221 740 1309 813 qnos
1325 717 1431 792 babet
1442 717 1566 792 Hector
1583 718 1629 792 de

211 845 463 920 Monteiuscnlo
481 841 661 938 qnondam
676 843 881 932 justitiarius
896 841 1047 937 Aprutii,
1064 841 1175 915 fideIIs
1187 851 1320 934 noster,
1337 842 1475 917 noveris
1491 851 1554 915 nos'
1568 865 1630 938 per

212 971 349 1044 lieteras
366 977 503 1042 nostras
524 967 723 1062 expressius
740 967 935 1060 iujunxisse
953 976 993 1038 ut
1013 967 1107 1062 Ipsos
1131 967 1193 1038 tibi
1216 965 1341 1040 debeat
1361 967 1551 1062 assignare.
1577 968 1628 1039 Tu

212 1095 319 1188 igitur
345 1094 380 1164 in
414 1090 621 1188 supradictis
649 1091 799 1164 servitiis
824 1091 950 1164 nostris
976 1101 1011 1164 et
1040 1091 1117 1164 aliis
1144 1091 1254 1164 taliter
1275 1087 1416 1163 studeas
1440 1099 1475 1164 ta
1499 1090 1628 1164 habere

213 1217 328 1313 qnod,
348 1225 416 1290 etc.

261 1343 386 1414 Datum
404 1339 500 1434 apud
513 1339 665 1432 burgum
677 1339 832 1426 Serrani,
853 1339 930 1410 XIV
946 1338 1160 1429 decembris,
1180 1338 1258 1410 XIII
1277 1337 1488 1411 indictionis.

261 1465 381 1535 Eidem
394 1463 478 1558 (leg.
497 1464 631 1558 ibidem)
648 1464 732 1535 etde
746 1463 858 1534 codem
876 1463 1032 1535 modoto
1049 1465 1181 1558 sempsit
1193 1462 1308 1534 idem:

261 1588 478 1678 FrederIcus,
501 1595 584 1674 etc,
609 1588 745 1659 Hectori
770 1587 816 1660 de
837 1587 1100 1678 Monteiusculo,
1125 1595 1191 1660 etc.
1218 1587 1306 1672 Quia
1330 1585 1450 1660 confisi
1476 1586 1521 1659 de
1545 1607 1628 1681 pru·

212 1711 330 1784 dantia
360 1721 396 1786 et
424 1709 589 1783 fidelitate
614 1709 808 1783 Boamundi
837 1695 974 1783 Pissoni
997 1710 1108 1784 fidelis
1131 1711 1237 1783 nostri
1266 1712 1380 1806 ipsum
1405 1709 1628 1804 justitiarium

211 1835 350 1930 Aprutii
370 1835 537 1909 durdmns
555 1833 797 1924 statuendum,
817 1833 974 1908 fidelitati
1001 1845 1058 1908 tue
1077 1834 1299 1930 precipiendo
1317 1835 1524 1909 mandamus
1538 1856 1629 1929 qua-

212 1967 315 2029 tenus
340 1979 460 2031 omnes
482 1966 668 2052 quaternos
694 1957 877 2031 feudorum
903 1969 937 2032 et
958 1969 1113 2032 actorum
1136 1959 1231 2031 curie
1253 1968 1368 2031 nostre
1390 1979 1477 2052 qnos
1498 1957 1626 2048 babes,

212 2100 295 2151 cum
312 2079 382 2152 sint
399 2081 466 2153 sibi
485 2099 548 2176 pro
564 2081 691 2154 nostris
713 2082 863 2154 servitiis
880 2083 1062 2178 oportuni,
1084 2083 1160 2156 sine
1181 2082 1345 2156 dilatione
1362 2083 1477 2176 aliqua
1495 2083 1526 2155 ei
1548 2091 1629 2153 stu·
1765 2088 1770 2104 '

213 2203 298 2276 deas
316 2204 505 2297 assignare.
527 2204 675 2290 Quando
692 2203 742 2302 (a)
761 2227 845 2278 vero
863 2206 1018 2300 ipsorum
1035 2207 1173 2302 copiam
1191 2207 1320 2280 habere
1334 2207 1512 2294 volumus,
1534 2205 1628 2300 ipsos

213 2327 321 2400 facias
347 2327 424 2401 sine
448 2348 545 2401 mora
567 2329 769 2420 transcribi,
798 2337 833 2401 et
855 2330 1098 2424 transcriptum
1130 2351 1237 2424 penes
1263 2339 1297 2402 te
1323 2349 1385 2425 pro
1409 2338 1470 2400 tua
1495 2328 1629 2400 cautela

213 2447 381 2539 retineas;
400 2448 493 2544 ipsos
510 2457 626 2521 autem
644 2458 834 2542 quaternos
856 2470 976 2522 omnes
995 2451 1109 2524 eidem
1130 2453 1167 2523 B.
1190 2451 1285 2525 fideii
1302 2461 1418 2525 nostro
1440 2451 1515 2524 sine
1537 2449 1630 2523 dila-

214 2570 307 2643 tione
331 2572 503 2666 resignes,
522 2573 692 2645 actentius
716 2574 920 2669 provisurus
947 2584 986 2646 nt
1011 2597 1072 2672 per
1096 2575 1245 2648 notarios
1268 2575 1433 2672 providos
1456 2583 1491 2648 et
1510 2573 1630 2646 fideles

214 2716 294 2766 cnm
312 2695 407 2767 omni
424 2694 603 2789 diligentia
621 2699 906 2771 transcribantur.
1127 2680 1132 2695 ¹

263 2821 386 2892 Datum
407 2815 458 2916 [ut
475 2818 608 2918 supra}

266 3391 428 3475 Litterae
453 3393 503 3478 ad
527 3391 733 3476 Heancum
758 3391 945 3477 Abbatem
972 3417 1060 3475 eum
1088 3393 1288 3476 laudentes
1309 3395 1358 3478 de
1384 3397 1544 3506 pecunia
1567 3425 1630 3482 as·
1698 3433 1713 3464 u
1752 3433 1766 3464 u

214 3523 365 3635 signata
382 3535 419 3608 et
438 3526 486 3608 de
511 3525 629 3637 galeis
648 3527 752 3635 apud
769 3526 875 3610 Pisas
893 3525 1100 3608 armandis

296 3725 423 3809 (neec.
437 3727 542 3808 emper.
556 3725 676 3790 noae.
692 3728 732 3805 n,
747 3727 802 3790 ποι.
818 3735 856 3790 cs
870 3734 968 3799 reem
983 3729 1015 3789 n
1029 3727 1100 3790 eut.
1116 3726 1252 3802 cuin„
1265 3745 1294 3806 p.
1312 3728 1396 3808 aas.)

263 3902 311 3971 De
325 3903 494 3996 imperiali
512 3903 670 3976 mundato
687 3905 778 3994 sacto
789 3925 858 3998 per
876 3901 1074 3996 magistrum
1089 3902 1131 3972 R.
1153 3900 1193 3972 de
1213 3903 1359 3994 Trcjecto
1381 3904 1516 4000 scripsit
1533 3920 1628 3980 cota·

82 4101 99 4134 l
213 4025 287 4095 rius
308 4021 351 4098 G.
370 4026 411 4097 dc
429 4028 551 4098 Tocco:

262 4148 483 4239 Fredericus,
516 4158 599 4240 etc,
632 4149 780 4222 Henrico
805 4145 932 4221 Abbati
960 4147 1094 4219 consuli
1122 4147 1241 4218 Tunisi
1271 4145 1365 4222 fideli
1393 4173 1457 4224 suo
1484 4156 1628 4246 gratiam

213 4292 331 4363 mam,
362 4281 429 4345 etc.
455 4273 604 4345 Licteras
628 4283 706 4345 tuas
730 4271 879 4364 benigne
906 4270 1100 4362 recepimus
1126 4278 1161 4342 et
1183 4291 1254 4364 que
1278 4273 1499 4348 continebant
1526 4277 1631 4350 intel·

213 4394 365 4469 lenimus
383 4395 578 4490 diIIgenter,
602 4396 783 4468 laudantes
802 4393 959 4468 studium
973 4401 1071 4463 tunm
1087 4393 1124 4463 in
1140 4415 1183 4466 eo
1196 4395 1292 4488 quod
1305 4399 1408 4490 juxta
1427 4400 1629 4476 mandatnm

215 4529 368 4600 nostrum
395 4522 542 4594 Iohanni
565 4520 611 4593 de
633 4519 816 4592 Girardino
842 4519 966 4591 nuntio
992 4528 1026 4591 et
1050 4516 1143 4591 fideli
1170 4529 1285 4593 nostru
1312 4523 1492 4617 assignasti
1516 4548 1629 4622 pecu-

256 4683 299 4766 (a)
320 4685 381 4766 Sic,
396 4687 449 4749 sed
465 4688 661 4749 verisimiliter
676 4686 753 4758 Ouio
769 4691 808 4746 te.
