4246 5906
224 633 323 692 bntct.
341 623 402 710 la]
671 625 866 686 HISTORIA
893 623 1183 686 btrnoltltrlca
1567 625 1627 688 519

224 774 410 858 teresquas
419 759 1254 857 persumnostroculmini'destinastibenignitate
1264 759 1627 855 recepimnsconsueta

224 895 259 961 ct
274 895 345 960 tem
364 907 406 959 ea
429 905 500 980 que
523 885 597 980 ipse
613 884 730 958 lictere
756 885 976 958 continebant
991 905 1096 980 quam
1114 903 1157 958 ea
1171 903 1242 978 que
1255 881 1356 956 nobis
1375 903 1439 978 pro
1452 893 1550 979 parte
1565 892 1626 958 tua

224 1007 318 1082 idem
343 1007 487 1080 nuntius
504 1015 587 1079 tuus
608 1007 708 1080 nobis
731 1007 912 1103 proposuit
931 1007 1016 1082 viva
1044 1028 1149 1096 voce,
1176 1005 1407 1078 intelleximus
1428 1004 1623 1100 diligenter,

223 1131 335 1204 zelum
352 1129 547 1205 devotionis
564 1139 625 1204 tue
639 1151 744 1226 quem
758 1128 810 1228 (c)
825 1131 873 1205 ad
889 1131 1099 1224 maJostetom
1124 1137 1274 1202 nostram
1288 1127 1338 1225 (l)
1353 1128 1546 1221 colligendo
1564 1151 1626 1224 per

223 1272 314 1324 eam.
338 1254 449 1347 Super
466 1272 508 1326 oo
533 1261 648 1326 autem
665 1251 759 1346 quod
777 1253 989 1326 intellexisse
1009 1263 1045 1325 te
1062 1251 1193 1325 dixisti
1214 1250 1309 1345 quod
1336 1251 1372 1322 in
1400 1251 1626 1346 patriarcham

223 1368 539 1472 lerosol'pmitenum
558 1375 710 1448 debebas
728 1375 869 1468 amomi,
889 1383 985 1450 tanto
1005 1373 1149 1448 sitierat
1169 1374 1270 1462 illud,
1287 1381 1423 1467 gratum
1440 1383 1554 1448 nostra
1573 1398 1627 1450 se·

223 1497 351 1571 renites
370 1503 544 1594 reputaret
564 1506 694 1591 quanto
713 1508 747 1571 et
764 1499 809 1572 dc
824 1508 858 1572 te
876 1499 1067 1594 efficialiter
1090 1497 1297 1572 confidimus
1316 1519 1364 1572 ex
1387 1499 1626 1593 preteritorum

223 1619 466 1715 obsequiorum
484 1629 625 1693 tuorum
641 1621 806 1694 laudabili
829 1623 1041 1715 coniectura,
1060 1630 1095 1694 et
1115 1623 1229 1694 locum
1254 1622 1340 1694 tanti
1363 1620 1504 1696 honoris
1524 1622 1626 1694 etiarn

223 1741 392 1835 probitate
421 1761 555 1816 morum
577 1741 783 1839 adimpleres
800 1753 835 1816 et
853 1743 935 1818 fide.
962 1748 1050 1818 Cum
1067 1743 1170 1837 igitur
1191 1741 1236 1839 (c)
1259 1743 1304 1818 de
1325 1742 1627 1840 circumspectione

223 1873 283 1937 tna
302 1863 408 1957 digne
427 1887 604 1961 speremus
619 1877 653 1939 et
673 1865 761 1956 lide,
779 1867 824 1940 de
844 1867 1055 1962 promotione
1079 1875 1113 1938 et
1133 1866 1263 1940 bonore
1278 1875 1339 1941 tuo
1361 1889 1432 1942 nou
1456 1868 1627 1940 immerito
1659 1863 1663 1870 ’

223 1988 424 2061 excellentia
440 1997 555 2062 nostra
569 1988 754 2082 gauderet3
775 2009 963 2084 superque
982 1989 1044 2060 tibi
1067 1991 1221 2062 levorem
1235 1997 1386 2061 nostrum
1410 1997 1450 2060 ut
1466 1991 1627 2063 convenit

223 2120 258 2182 et
275 2111 420 2203 gratiam
433 2112 646 2207 pollicemur.

270 2234 395 2307 Datum
410 2234 507 2330 apud
521 2234 687 2324 laudam,
703 2234 810 2307 Xlllll
827 2233 1039 2324 novembris,
1054 2234 1131 2308 Xlll
1147 2233 1355 2308 indictionis.

277 2803 497 2888 Mandatum
517 2804 566 2886 ad
581 2803 827 2913 justitiarium
846 2805 994 2888 Siciliae
1018 2807 1120 2889 ultra
1140 2807 1284 2892 flumen
1308 2809 1460 2893 Salsum
1478 2813 1527 2895 de
1544 2839 1626 2921 pu·
1742 2859 1757 2890 ι

223 2935 371 3018 niendis
401 2935 659 3020 sacerdotibus
689 2945 727 3020 et
761 2937 948 3022 monacho
979 2938 1046 3048 qui
1077 2939 1278 3024 maledicta
1309 2951 1346 3024 ct
1380 2941 1627 3028 homicidium

222 3066 507 3150 commiserunt.

304 3263 430 3345 (liccat.
445 3265 548 3346 imper.
561 3261 681 3328 dieder.
693 3265 733 3344 ll,
748 3265 799 3327 rol.
817 3274 855 3326 tt
869 3272 964 3346 recto3
979 3268 1011 3329 ln
1023 3268 1096 3332 edlt.
1111 3269 1247 3346 Curcum,
1261 3289 1293 3350 p.
1310 3274 1393 3354 att.)

270 3441 321 3514 lle
336 3442 490 3516 mnodum
513 3443 681 3538 imperiali
698 3447 788 3537 suctu
801 3467 866 3540 por
879 3446 1078 3544 moqistram
1094 3448 1136 3520 ll.
1156 3449 1197 3522 dc
1216 3452 1363 3546 brajaco
1380 3457 1510 3550 scripsit
1528 3458 1568 3529 G.
1587 3459 1627 3534 dc

225 3566 350 3637 Tocco:

270 3685 488 3779 Frsden'cus,
506 3695 590 3782 etc,
612 3687 760 3784 Reperio
775 3689 820 3764 do
837 3688 968 3765 Amicis
982 3692 1167 3785 justitiario
1183 3695 1221 3767 in
1238 3695 1371 3788 Sicilia,
1387 3707 1454 3773 etc.
1473 3702 1627 3798 Benigne

221 3811 415 3906 recepimus
431 3811 565 3886 licteras
587 3811 780 3886 devotionis
798 3822 875 3908 tue,
894 3823 928 3888 et
944 3815 1044 3910 plene
1062 3816 1296 3892 intelleximus
1311 3843 1380 3914 que
1400 3823 1553 3918 ipsarum
1570 3849 1626 3900 se-

222 3933 290 4007 ries
308 3934 516 4027 continebat,
534 3943 571 4008 et
588 3935 811 4010 consideratis
822 3937 891 4034 hys
903 3951 973 4034 que
988 3941 1153 4035 scripsisti
1169 3941 1215 4015 de
1232 3943 1370 4016 duobus
1390 3947 1627 4022 sacerdotibus

221 4057 391 4130 accusatis
407 4078 521 4130 coram
534 4057 626 4132 tede
644 4059 826 4133 maledicto
841 4082 883 4133 ac
895 4061 940 4136 de
952 4063 1141 4154 monacho,
1163 4065 1224 4159 qui
1244 4066 1345 4138 simul
1364 4089 1444 4140 oum
1460 4070 1529 4143 alio
1545 4094 1627 4145 ιιιο-

222 4179 333 4253 nacho
348 4187 382 4254 et
397 4179 534 4254 duobus
551 4181 657 4278 laycis
672 4182 822 4277 priorem
835 4186 949 4259 Sancti
968 4187 1058 4260 Petri
1073 4185 1118 4260 de
1131 4187 1378 4285 Campogrosso
1391 4191 1517 4266 dicitur
1531 4195 1628 4267 occi·

222 4301 337 4392 disse,
365 4301 462 4397 quod
485 4324 532 4376 ex
555 4306 869 4402 presumptionibus
893 4309 1053 4403 pluribus
1078 4319 1113 4384 et
1139 4331 1185 4384 ex
1210 4313 1422 4390 consessione
1451 4316 1541 4412 layci
1565 4339 1627 4412 per

265 4476 308 4558 (a)
329 4479 366 4540 In
378 4481 519 4558 lmpresuo
531 4497 599 4561 quo,
612 4481 700 4541 male.

264 4581 306 4662 (b)
326 4583 415 4645 Deest
427 4585 550 4646 verbum
564 4587 639 4666 perit
653 4587 701 4648 vel
713 4587 892 4666 hujusmodl.

265 4687 303 4768 (c)
329 4689 366 4751 ln
378 4691 518 4768 impresso
533 4692 641 4771 potia,
656 4693 743 4754 mele.
