4226 5900
218 576 400 654 lsnrur.13.]
665 572 864 636 HISTORIA
887 571 1182 636 DleOllA'l'lCA.

266 712 403 784 Similes
415 709 545 782 Criscio
557 708 763 782 Amalfitano
774 731 869 783 nnnc
881 707 1227 802 camerarioAprutii.

266 833 402 907 Similes
414 834 598 907 Tholomco
612 832 657 906 de
675 833 863 906 Castelions
878 834 960 907 olim
970 831 1156 924 justitiario
1173 829 1323 926 Aprutii.

266 957 402 1030 Similes
421 977 489 1030 non
508 958 649 1029 luerunt
664 957 791 1052 scripte
805 956 1010 1030 Boamundo
1022 953 1162 1028 Pissonc
1178 976 1273 1026 nunc
1285 953 1470 1048 justitiario
1479 951 1627 1050 Aprutii,

218 1080 302 1176 quia
315 1080 451 1152 noviter
466 1089 518 1152 est
532 1088 690 1152 statutus.

267 1204 403 1276 Similes
422 1203 603 1275 Guillelmo
620 1203 665 1276 de
687 1205 813 1276 Sanmo
832 1202 1055 1299 Fraymundo
1072 1203 1153 1275 olim
1170 1200 1355 1293 justitiario
1374 1201 1476 1274 Terre
1493 1199 1631 1272 Laboris

217 1336 252 1402 et
266 1328 448 1400 comitatus
461 1326 599 1415 llolisii,
622 1338 661 1398 ut
675 1327 916 1400 familiaribus.

266 1449 431 1522 liiccardo
457 1449 503 1522 de
528 1451 743 1543 Montenigro
769 1473 866 1524 nnnc
889 1449 1072 1541 justitiario
1098 1451 1200 1522 Terre
1227 1447 1367 1520 Laboris
1391 1455 1426 1519 et
1450 1446 1631 1520 comitatus

217 1572 343 1646 blolisii
359 1595 428 1645 non
445 1583 498 1645 est
514 1574 702 1667 scriptum,
722 1574 805 1668 quia
824 1573 960 1646 noviter
978 1583 1030 1644 est
1044 1581 1202 1644 statutos.

266 1694 403 1767 Similes
419 1705 534 1768 umen
548 1696 675 1790 scripte
700 1707 785 1769 sunt
802 1697 835 1770 ei
851 1697 897 1770 de
911 1695 1024 1770 officio
1039 1695 1280 1788 justitiariatus
1298 1716 1402 1788 quem
1420 1695 1576 1767 exercuit
1594 1695 1629 1766 in

219 1818 336 1890 Sicilia
354 1819 438 1890 citra
456 1819 585 1890 flumen
602 1821 751 1891 Salsum.

265 1941 401 2014 Similes
418 1941 551 2036 Angelo
575 1942 620 2015 de
636 1945 765 2016 blarru.

266 2065 401 2137 Similes
418 2065 600 2138 Tbomasio
623 2065 670 2138 de
694 2064 917 2151 Brundusio,
942 2065 999 2136 cni
1026 2065 1128 2136 etiam
1155 2064 1345 2156 injunctum
1369 2073 1421 2135 est
1445 2071 1484 2136 ut
1504 2063 1632 2136 scribat

218 2188 264 2261 de
284 2187 489 2260 officialibus
515 2197 550 2260 et
572 2189 817 2260 commissariis
843 2187 1021 2281 quondam
1046 2187 1250 2279 logotheta,
1277 2187 1428 2259 seclariis
1453 2194 1524 2259 tam
1546 2208 1631 2281 pre-

217 2309 327 2382 teritis
347 2332 452 2405 qnam
469 2311 705 2406 presentibus,
731 2319 766 2384 et
785 2311 836 2384 eis
859 2311 920 2405 qui
938 2309 1187 2382 distribuerunt
1211 2331 1338 2383 novam
1363 2310 1546 2404 pecuniam
1569 2333 1632 2406 per

217 2453 376 2524 regnum.

266 2557 400 2629 Similes
425 2557 568 2652 Piscopo
593 2556 742 2630 lohanni
764 2557 848 2629 olim
869 2557 1056 2630 camerario
1079 2557 1267 2652 Capitinate
1289 2566 1324 2630 et
1342 2556 1483 2629 honoris
1506 2558 1631 2630 montis

217 2681 332 2753 Sancti
350 2681 488 2774 Angeli.

266 2804 402 2876 Similes
424 2781 606 2878 Thomasio
631 2803 676 2875 de
698 2803 916 2897 Montenigro
937 2825 1030 2876 nunc
1051 2803 1236 2895 justitiario
1252 2803 1467 2899 Principatns
1488 2812 1523 2878 et
1543 2813 1631 2888 terre

217 2928 470 3002 Beneventane.

265 3047 400 3118 Similes
413 3048 596 3120 Thomasio
614 3048 686 3120 lilio
705 3046 874 3120 Osmnndi
889 3067 983 3118 nuno
992 3047 1177 3138 justitiario
1194 3047 1383 3120 Basilicate.

265 3171 400 3243 Similes
413 3173 451 3243 L.
474 3172 518 3244 de
531 3174 660 3244 Franco
674 3193 768 3243 nuno
782 3169 967 3263 justitiario
982 3179 1068 3242 tene
1083 3172 1173 3242 Bari.

286 3291 293 3390 j
315 3294 448 3367 Similes
463 3294 604 3368 Andree
621 3295 667 3366 de
678 3294 866 3388 Aquaviva
881 3315 974 3365 nunc
988 3293 1171 3385 justitiario
1183 3302 1272 3367 terre
1285 3292 1430 3366 ldrnnti.
1656 3301 1703 3348 ⁸⁰¹·
1715 3302 1819 3347 nmo.

266 3416 401 3488 Similes
414 3417 597 3490 Thomasio
608 3415 679 3489 filio
690 3415 870 3512 quondam
883 3416 1034 3511 Philippi
1044 3415 1104 3488 filii
1116 3415 1315 3490 Marmontis
1320 3417 1505 3509 justitiario
1519 3439 1629 3512 quon·

218 3537 299 3612 dam
313 3539 468 3630 ejusdem
472 3593 644 3612 .....

267 3663 401 3734 Similes
415 3663 569 3736 senatori
586 3663 631 3736 de
643 3663 757 3735 Archo
777 3663 861 3736 olim
872 3661 1057 3756 justitiario
1069 3662 1170 3734 vallis
1184 3663 1294 3736 Gratis
1311 3671 1345 3734 et
1361 3673 1450 3736 terre
1466 3663 1627 3739 lordane.

265 3786 449 3860 Tholomeo
467 3787 512 3859 de
532 3787 721 3860 Castelione
742 3809 837 3858 nunc
856 3785 1041 3879 justitiario
1061 3785 1217 3878 ejusdem
1239 3796 1327 3860 terre
1350 3809 1420 3860 non
1442 3798 1494 3862 est
1517 3791 1630 3886 scrip-

217 3918 310 3999 tum,
329 3911 412 4003 quia
428 3911 561 3983 noviter
577 3921 629 3983 est
645 3919 806 3982 statutus.

265 4031 400 4104 Similes
413 4034 562 4106 liobsrto
573 4035 727 4106 Malerba
746 4033 826 4104 olim
838 4031 1024 4124 justitiario
1035 4031 1201 4104 Calabris.

265 4153 418 4227 Gotirido
440 4155 485 4228 de
510 4155 760 4228 Montefuscolo
784 4176 878 4227 nnnc
895 4155 1079 4248 justitiario
1100 4155 1254 4228 Calabrie
1275 4177 1345 4228 non
1371 4165 1423 4228 est
1442 4157 1626 4253 scriptum,

216 4276 301 4370 quia
316 4277 450 4350 noviter
469 4287 521 4350 est
537 4287 699 4350 statutos.

264 4399 399 4471 Similes
425 4401 571 4476 lohanni
596 4403 640 4474 de
667 4399 774 4474 Ciolso
798 4411 834 4473 et
857 4400 989 4473 notario
1012 4400 1158 4473 Iohanni
1186 4400 1232 4473 de
1255 4403 1381 4494 Lente,
1405 4401 1466 4496 qni
1491 4403 1629 4476 luerunt

217 4521 395 4613 qnondam
420 4545 499 4594 cum
526 4525 674 4598 Mattbeo
698 4525 921 4597 Marchataba
944 4533 1074 4596 secreto
1102 4526 1275 4615 Messene,
1306 4533 1345 4620 ut
1368 4525 1543 4618 inquirant
1568 4549 1629 4622 per

216 4646 459 4738 quaterniones
473 4645 628 4741 ejusdem
642 4647 764 4720 secreti
781 4655 816 4720 et
829 4645 1035 4742 significent,
1052 4657 1086 4721 et
1103 4647 1216 4720 eidem
1235 4648 1367 4722 notario
1383 4647 1530 4722 iohanni
1543 4671 1629 4746 spe-
