4224 5898
205 595 385 674 16616612]
654 593 848 653 HISTORIA
874 591 1165 654 nictodartce.
1551 587 1608 648 281

253 725 1612 823 1661661666,06136611611661666666]1666661666616666663661661666661666

206 862 240 924 et
261 851 376 922 Sicilie
393 872 470 922 rex.
496 851 559 922 Per
575 872 715 946 presens
735 850 897 944 scriptum
918 861 1037 923 notum
1062 849 1206 922 tacimus
1224 848 1396 921 universis
1416 847 1512 942 qnod
1526 868 1614 920 cou-

206 974 313 1046 stitnti
337 975 372 1044 in
401 973 571 1069 presentia
593 983 708 1045 nostra
729 973 767 1044 C.
794 974 998 1046 venerabidis
1016 973 1198 1068 episcopus
1221 970 1447 1062 Frisingeusis
1469 971 1613 1044 dilectus

208 1098 366 1192 princeps
390 1105 505 1168 noster
518 1105 553 1168 et
573 1095 732 1168 albertus
755 1119 870 1170 comes
892 1097 1089 1192 TyroIeusis
1104 1095 1216 1168 fidelis
1237 1103 1352 1168 noster
1373 1093 1615 1190 compromise

207 1231 289 1291 runt
304 1221 339 1291 in
360 1219 590 1292 venerabilem
609 1221 904 1316 archiepiscopum
934 1220 1218 1313 salzburgensem
1241 1227 1277 1291 et
1299 1217 1498 1313 episcopum
1518 1219 1616 1290 Pata·

208 1345 380 1432 viensem,
400 1341 543 1417 dilectos
561 1345 733 1440 principes
755 1353 903 1430 nostros.
930 1345 1089 1418 comitem
1107 1343 1346 1417 Meinhnrdum
1365 1343 1410 1416 de
1428 1342 1564 1416 Gorizia
1582 1353 1617 1417 et

208 1467 404 1539 Heinrionm
415 1466 614 1562 Aquensem
625 1468 848 1562 prepositum,
862 1468 1033 1540 notarium
1047 1477 1081 1539 et
1094 1465 1232 1540 fidelem
1245 1476 1413 1558 nostrum,
1425 1476 1515 1540 stare
1524 1465 1616 1540 dicto

207 1611 328 1662 eornm
341 1613 445 1682 super
459 1590 596 1663 damnis
610 1591 711 1663 illatis
728 1591 773 1662 ab
790 1591 912 1663 eodem
926 1591 1049 1663 comite
1068 1593 1227 1686 episcopo
1243 1591 1435 1680 nominato,
1457 1588 1503 1662 de
1514 1589 1616 1662 trien·

209 1713 268 1784 nio
285 1723 469 1807 antequam
487 1712 673 1786 concordia
689 1715 777 1786 inter
793 1734 852 1786 eos
869 1713 965 1809 apud
979 1713 1136 1784 Clausam
1153 1714 1313 1808 Sabyoue
1329 1711 1486 1784 ordinata
1499 1711 1618 1784 inisset

210 1839 246 1908 16
265 1846 383 1910 nostra
398 1837 568 1931 presentia
580 1835 645 1934 (i),
659 1857 728 1931 que
742 1849 857 1910 tamen
871 1838 960 1909 sicut
976 1835 1173 1908 asserebant
1186 1836 1250 1907 init
1264 1836 1406 1907 minime
1421 1835 1616 1927 observata,

210 1982 271 2056 pro
297 1961 426 2054 quihus
450 1971 531 2031 tuuc
558 1959 786 2033 emendandis
813 1960 908 2055 apud
937 1957 1099 2032 eumdem
1125 1959 1236 2031 locum
1269 1957 1384 2030 dictus
1409 1979 1523 2031 comes
1552 1957 1618 2029 sibi

210 2093 372 2178 posuerat
390 2081 625 2176 fidejussores,
645 2093 680 2154 et
698 2082 743 2154 de
760 2081 896 2154 damnis
912 2081 1063 2178 quesibi
1082 2081 1196 2152 intulit
1214 2091 1396 2178 postquem
1416 2081 1508 2154 dicta
1525 2104 1620 2155 com-

211 2205 336 2300 positio
351 2208 461 2278 tuerat
474 2207 631 2278 ordinata
648 2205 818 2300 usquead
842 2206 933 2278 diem
953 2213 1164 2302 presentem,
1180 2204 1412 2300 promittentes
1428 2225 1547 2278 eornm
1564 2229 1619 2279 ar·

212 2329 314 2401 bitrio
330 2330 517 2422 peremnia
531 2329 683 2402 obedire.
699 2329 900 2401 Nominatus
918 2329 1025 2422 igitur
1040 2349 1155 2401 comes
1173 2327 1217 2400 de
1232 2327 1373 2400 arbitrio
1387 2329 1619 2424 predictorum

211 2463 246 2526 61
260 2451 475 2525 ordinatione
493 2463 608 2524 nostra
628 2453 783 2547 promisit
807 2453 900 2525 dicto
921 2453 1082 2547 episcopo
1107 2453 1164 2523 vel
1188 2451 1442 2524 successoribus
1467 2455 1540 2525 suis
1559 2457 1619 2549 qui

210 2599 273 2672 pro
293 2587 447 2673 tompore
469 2578 595 2649 inerint
619 2598 681 2672 pro
703 2577 929 2650 resarciendis
957 2576 1093 2648 damnis
1111 2575 1177 2648 sibi
1194 2586 1228 2649 61
1243 2577 1387 2649 ecclesie
1407 2599 1470 2650 sue
1497 2577 1618 2668 illatis,

212 2701 300 2773 sicut
315 2701 474 2796 superins
485 2711 537 2773 est
556 2722 775 2796 expressum,
791 2701 985 2796 persolvere
1000 2709 1168 2774 trecentas
1184 2721 1315 2773 marcas
1327 2702 1459 2794 argenti
1472 2702 1517 2774 ad
1533 2723 1620 2797 pon·

213 2825 278 2896 dus
304 2825 443 2897 Colonie
462 2825 516 2896 vel
542 2823 606 2897 tria
637 2825 743 2896 millia
773 2826 936 2897 librarum
964 2825 1169 2898 Veronensis
1195 2835 1350 2915 monete,
1375 2828 1407 2898 X
1435 2827 1531 2899 libris
1557 2849 1621 2922 pro

211 2967 326 3020 marca
342 2947 496 3041 qnalibet
517 2949 744 3042 computatis,
762 2959 885 3043 quarta
904 2949 1039 3022 decima
1058 2947 1115 3021 die
1140 2957 1217 3042 post
1232 2949 1355 3019 festum
1374 2949 1464 3021 beati
1484 2949 1619 3021 Martini

213 3071 370 3166 proxime
396 3073 567 3162 futurum,
589 3072 688 3144 tertia
708 3072 842 3144 decima
865 3072 1070 3160 indictione,
1089 3081 1124 3144 et
1139 3071 1233 3142 XXV
1251 3071 1412 3146 carradas
1430 3073 1503 3146 viui
1526 3073 1620 3170 apud

213 3193 385 3266 Bomunm
403 3193 491 3266 inira
519 3195 680 3268 eumdem
705 3195 888 3266 terminum
916 3193 962 3267 ad
986 3216 1181 3266 mensnram
1208 3195 1388 3268 Bozanam.
1416 3197 1458 3268 Et
1484 3197 1513 3268 si
1535 3195 1620 3270 sorte

213 3317 471 3410 prenominatus
488 3339 603 3390 comes
624 3318 716 3390 idem
733 3320 936 3413 promissum
958 3340 1026 3390 non
1045 3319 1219 3390 curaverit
1238 3318 1446 3415 adimplere,
1469 3323 1620 3416 prefatus

213 3460 326 3512 comes
339 3438 485 3532 Goricie,
505 3441 639 3514 Ulricns
652 3440 698 3513 de
717 3443 862 3530 Bozano,
880 3442 1016 3512 Ulricns
1029 3440 1074 3514 de
1091 3441 1318 3530 Riseubcrch,
1340 3444 1518 3516 Heinricus
1536 3445 1619 3518 bur·

214 3563 354 3656 gravius
372 3563 417 3635 de
434 3565 979 3659 1666661Ε6361666666Τ66661,
997 3564 1116 3639 fideles
1128 3566 1249 3652 nostri,
1269 3566 1349 3638 data
1365 3565 1434 3639 fide
1448 3567 1485 3638 16
1498 3589 1620 3641 manns

215 3685 460 3782 archiepiscopi
473 3687 664 3782 prescripti,
680 3690 883 3781 iuraverunt
897 3709 943 3760 ex
957 3697 1039 3759 tuno
1056 3688 1182 3759 intrare
1194 3688 1384 3780 Brixiuam,
1400 3689 1528 3763 abinde
1543 3693 1620 3762 nul·

216 3805 347 3879 1616666
358 3817 542 3903 autequam
553 3810 682 3904 pretato
694 3811 855 3905 episcopo
869 3819 937 3881 tam
953 3809 997 3883 de
1009 3812 1196 3905 prescripta
1209 3832 1343 3882 summa
1357 3810 1502 3904 pecunie
1515 3834 1620 3906 quam

217 3928 317 4000 etiam
335 3929 380 4002 de
394 3931 476 4003 vino
490 3953 553 4025 per
570 3933 729 4005 comitem
738 3933 955 4028 TyroIeusem
970 3934 1179 4004 satisfactum
1194 3933 1307 4020 inerit,
1327 3935 1506 4006 recessuri.
1523 3936 1620 4007 Dicte

216 4071 299 4123 vero
317 4053 442 4126 sointio
462 4055 606 4147 pecunie
624 4065 676 4127 661
689 4057 756 4126 sub
770 4057 931 4150 prepositi
949 4065 983 4127 et
997 4055 1118 4128 decani
1136 4056 1348 4129 Brixiueusis
1365 4068 1398 4130 et
1411 4059 1556 4131 Arnoldi
1575 4060 1620 4132 de

216 4171 379 4248 Rodench
404 4177 597 4249 testimonio
624 4177 797 4267 iacienda,
823 4199 887 4249 uec
914 4178 1051 4272 probari
1080 4178 1203 4273 poterit
1227 4179 1302 4274 ipsa
1327 4179 1451 4252 solutio
1470 4181 1537 4253 nisi
1559 4205 1621 4278 per

217 4303 316 4371 testes
332 4299 426 4395 ipsos
443 4308 504 4372 aut
526 4310 637 4373 certos
657 4301 794 4375 nuutios
819 4301 1031 4374 eorumdem.
1058 4301 1114 4375 Ad
1133 4303 1232 4396 cujus
1254 4303 1332 4375 iacti
1356 4303 1567 4378 evidentiam
1586 4316 1620 4380 et

623 4535 802 4544 ——-.
1212 4537 1614 4548 .-—...—.—-..

253 4671 287 4747 (1)
305 4675 362 4733 iioc
374 4676 581 4737 insdumeutnm
595 4681 720 4754 detegere
733 4681 811 4740 nobis
824 4697 878 4740 non
892 4682 1010 4756 contigit.

295 4774 331 4836 V·
1423 4792 1459 4844 aa
