4350 5922
487 577 527 640 '16
984 576 1196 638 Eltlbltltlcl
1221 577 1392 640 suebant
1703 575 1783 659 [Ana.
1801 576 1888 642 1237.

487 709 705 808 providimus
721 721 761 782 ut
776 731 855 782 cum
871 710 959 780 inter
976 711 1062 783 alios
1078 721 1166 783 terre
1185 713 1357 808 principos
1374 723 1408 784 te
1424 711 1606 806 specialem
1617 710 1768 784 Ecclesia
1782 709 1891 784 filium

486 845 688 932 reputemus
711 843 746 905 et
762 843 822 906 tue
837 833 1024 927 diligamus
1039 835 1270 929 prosperitatis
1291 841 1533 929 augmentum,
1550 855 1612 928 pm
1630 843 1688 907 tua
1704 844 1738 905 et
1756 835 1892 930 imperii

488 957 640 1032 fovenda
652 957 785 1049 justitia
808 958 1039 1034 venerabilem
1065 959 1202 1030 tratrem
1225 958 1426 1053 episcopum
1450 957 1642 1030 Ostiensem
1668 967 1703 1030 et
1729 957 1894 1030 dilectum

488 1080 597 1154 lilium
614 1090 770 1154 nostrum
788 1081 953 1153 Thomam
977 1081 1065 1152 tituli
1084 1083 1208 1154 Sancte
1223 1081 1350 1154 Sabine
1373 1081 1611 1176 proebyterum
1630 1079 1838 1153 cardinalem
1856 1080 1893 1152 in

488 1204 728 1279 lombardiam
747 1227 827 1278 cnm
846 1207 948 1300 plene
970 1205 1150 1298 legationis
1171 1205 1284 1278 officio
1300 1205 1527 1291 mitteremus,
1552 1201 1657 1276 cordo
1678 1213 1835 1298 gerentes
1854 1213 1894 1276 ut

487 1326 657 1422 quioquid
681 1327 751 1400 tuis
772 1327 975 1401 infundatur
992 1329 1135 1400 auribus
1156 1329 1284 1423 linguis
1306 1328 1486 1401 fallacibus
1512 1327 1760 1418 detractorum,
1780 1327 1895 1423 operis

488 1451 612 1524 ellectu
627 1459 742 1546 pateat
768 1449 866 1546 quod
881 1451 926 1524 de
943 1451 1014 1522 tuis
1029 1452 1222 1525 secundum
1242 1453 1352 1525 Deum
1372 1450 1597 1546 procurandis
1613 1450 1803 1523 honoribus
1824 1451 1895 1524 ali-

489 1573 575 1668 quid
593 1575 795 1669 opportunis
814 1575 1024 1669 temporibus
1040 1584 1149 1648 mater
1162 1575 1314 1648 Ecclesia
1331 1595 1399 1648 non
1417 1575 1562 1648 omittat.
1581 1572 1765 1647 Provideat
1779 1573 1895 1668 itaque

489 1706 550 1771 tua
566 1697 730 1770 serenitas
748 1708 787 1769 ut
805 1707 840 1771 et
862 1709 898 1770 tu
924 1697 1016 1794 circa
1042 1698 1153 1792 ipsam
1168 1697 1219 1771 sic
1242 1720 1312 1794 que
1338 1710 1419 1770 sunt
1445 1697 1563 1770 devoti
1590 1695 1652 1768 lilii
1679 1697 1896 1791 prosequaris

489 1818 585 1916 quod
602 1829 636 1894 et
653 1821 763 1894 Deum
778 1821 840 1893 tibi
868 1823 1055 1894 constit-uas
1071 1821 1177 1915 digne
1194 1821 1379 1917 propitium
1400 1832 1435 1894 et
1454 1821 1500 1893 ab
1517 1819 1641 1893 eadem
1662 1819 1814 1892 Ecclesia
1831 1839 1895 1914 op·

489 1954 595 2019 latam
612 1945 781 2040 percipias
796 1945 1007 2017 affluentiam
1025 1946 1224 2038 gratiarum.

537 2068 662 2140 Datum
680 2067 837 2154 viterbii,
855 2067 1065 2139 Xlralendas
1080 2068 1159 2161 julii
1177 2067 1244 2163 (l),
1264 2065 1481 2162 pontificatus
1496 2066 1601 2139 nostri
1617 2085 1708 2139 anno
1721 2063 1794 2136 ΧΓ.

739 2373 1650 2385 wentanum-m

318 2661 429 2761 ml:
545 2657 750 2770 Gregorius
771 2680 871 2765 papa
897 2656 1056 2738 mandat
1077 2653 1338 2738 Brixiensibus
1364 2664 1408 2738 ut
1428 2653 1688 2738 transmittant
1718 2679 1808 2738 suos
1830 2678 1898 2738 so-

490 2789 622 2874 lennes
644 2789 921 2872 ambaxiatores
950 2787 1145 2872 Mantuam
1171 2785 1211 2868 in
1243 2787 1385 2870 octaris
1412 2787 1648 2870 Pentecostes
1674 2813 1744 2895 pro
1766 2787 1896 2871 refor-

474 2922 634 3006 manda
653 2947 746 3031 pace
772 2921 953 3003 intereos
980 2929 1017 3002 et
1037 2919 1325 3028 imperatorem,
1345 2929 1389 3002 ut
1409 2920 1515 3002 omni
1536 2919 1733 3003 occasione
1754 2929 1900 3002 remote

491 3054 683 3138 mandatis
697 3053 861 3162 episcopi
879 3051 1065 3137 Ostiensis
1074 3061 1112 3134 et
1129 3051 1289 3134 Sanctae
1302 3049 1466 3134 Sabinae
1478 3051 1698 3158 cardinalis,
1712 3049 1900 3134 Ecclesiae

492 3189 686 3272 Romanae
712 3185 946 3296 legatorum,
966 3209 1064 3294 quos
1093 3182 1235 3266 ibidem
1262 3194 1415 3293 propter
1440 3183 1514 3268 boc
1540 3183 1765 3291 destinavit,
1783 3208 1898 3268 reue-
1932 3273 1935 3278 ,

492 3328 618 3403 center
641 3317 792 3400 ualeant
808 3314 974 3399 obedire.

573 3517 673 3598 (Fdld.
685 3517 741 3579 Fa.
758 3516 868 3589 naar,
883 3511 956 3576 uolt.
971 3531 1100 3576 monam
1119 3521 1177 3576 cet.
1191 3520 1220 3574 ct
1231 3531 1303 3595 raa,
1316 3521 1339 3576 t.
1354 3517 1387 3592 1,
1404 3512 1507 3576 Bullcc
1515 3514 1636 3594 pontif..
1651 3525 1685 3576 n⁰
1697 3515 1770 3590 ΧΠ,
1783 3531 1812 3593 p.
1830 3523 1899 3578 ιιι.

613 3623 799 3702 Encyoltcam
812 3623 900 3682 lstum
919 3620 1087 3699 epistolam,
1108 3629 1198 3698 prout
1215 3625 1377 3700 perscripta
1396 3629 1442 3684 est
1461 3623 1501 3684 ad
1517 3623 1763 3696 Meototananses,
1778 3623 1903 3684 adduxit

614 3745 732 3809 quoque
744 3729 946 3802 Rnrnnanus,
961 3722 1073 3788 dnacl.
1089 3723 1198 3806 eccla,
1217 3733 1242 3790 t.
1257 3728 1346 3803 XXI,
1358 3729 1397 3789 cd
1410 3745 1482 3790 ann.
1500 3736 1573 3789 last
1587 3729 1628 3807 ,s
1648 3727 1765 3806 ΙΙΙ-Ν,
1779 3745 1811 3806 p.
1825 3735 1900 3800 ιιι,

613 3835 664 3896 sed
688 3851 749 3895 uon
766 3837 924 3912 integram.
940 3834 1091 3893 Postrema
1110 3835 1189 3894 enim
1206 3833 1298 3895 uerba
1319 3831 1459 3896 ceddo
1477 3851 1572 3912 usqne
1590 3831 1701 3894 ululari
1715 3833 1757 3894 tbl
1774 3849 1835 3894 uon
1857 3833 1901 3895 lo-

612 3933 731 4021 guntur.
748 3941 866 4020 Integra
878 3947 980 4002 tannen
993 3940 1032 4000 ad
1043 3941 1240 4003 bononienses
1253 3942 1402 4002 lnuenltur
1410 3941 1490 4018 apud
1501 3941 1635 4015 Samon,
1645 3937 1756 4002 Anasi.
1765 3936 1901 4023 eoum..

616 4053 639 4108 t
657 4047 713 4122 111,
727 4063 762 4126 p.
778 4055 848 4120 168,
864 4045 918 4108 ubl
930 4052 1009 4107 recte
1022 4045 1129 4126 legltur
1140 4047 1171 4108 Χ
1182 4043 1410 4128 btmdasjcae·
1424 4045 1474 4126 (ta
1487 4046 1596 4126 muln.)

545 4210 728 4304 Gregorius
743 4207 936 4304 episcopus,
952 4229 1074 4300 serum
1088 4231 1266 4284 servorum
1282 4211 1357 4300 Dei,
1376 4209 1508 4284 dilectis
1527 4207 1607 4282 filiis
1622 4211 1793 4305 potestati,
1813 4229 1903 4282 eon-

360 4327 368 4348 '
497 4333 624 4408 silicet
647 4332 820 4408 communi
839 4331 1010 4404 Brixiensi
1029 4334 1174 4406 salutem
1191 4343 1226 4406 et
1241 4334 1466 4430 apostolicam
1488 4332 1778 4408 benedictionem.
1801 4332 1903 4406 Scitis

498 4465 533 4531 et
549 4459 678 4529 scimus
691 4455 787 4550 quod
806 4477 870 4529 nos
886 4454 1072 4550 superbiis
1091 4456 1266 4552 quainter
1282 4457 1494 4554 imperialem
1517 4457 1757 4532 excellentiam
1779 4466 1815 4531 et
1838 4475 1904 4570 vos

535 4695 572 4771 (ι)
590 4696 648 4768 Qua
662 4709 727 4753 vero
740 4709 822 4752 cauea
830 4695 909 4770 inuti
921 4694 1063 4769 legendum
1074 4694 1123 4766 sit,
1135 4694 1163 4752 in
1176 4694 1287 4769 epistola
1302 4697 1423 4770 soquoml
1436 4695 1610 4754 elucidamus.
