4226 5900
475 511 537 575 ⁴68
974 515 1188 576 rutusutct
1213 513 1385 574 SECUNDI
1694 513 1774 597 [trs.
1794 514 1883 575 1239.

476 647 659 742 imperium
677 657 823 740 tangunt
839 670 904 721 neo
923 650 1035 722 solnm
1056 671 1157 744 reges
1178 659 1214 722 ot
1236 647 1426 744 principes,
1448 669 1570 720 rernm
1592 648 1695 720 etiam
1711 670 1834 721 omnes
1847 659 1883 720 et

476 771 632 862 singulm
657 770 820 844 universo
843 781 932 846 terre
955 773 1088 846 nobiles
1105 782 1141 846 et
1158 780 1356 865 magnates,
1374 771 1641 843 conniventibus
1657 771 1769 843 oculis
1793 772 1885 844 tole·

476 895 577 985 ratie;
606 893 831 988 equanimiter
849 895 1016 990 patientes
1042 897 1197 990 iniquam
1222 903 1256 967 et
1272 893 1401 966 carnali
1423 891 1505 968 odio
1522 895 1659 988 plenam
1677 894 1881 967 sententium

476 1016 629 1112 Gregorii
650 1017 783 1090 romoni
805 1017 975 1113 pontificis
1002 1019 1038 1090 in
1065 1040 1129 1092 nos
1147 1019 1250 1091 latam
1271 1026 1390 1090 eontra
1416 1017 1558 1091 fratrum
1577 1017 1736 1107 consilia,
1764 1027 1882 1092 contra

476 1142 586 1214 Deum
604 1149 638 1212 et
657 1161 794 1213 omnem
816 1142 1003 1234 iustitiam,
1022 1141 1059 1214 in
1083 1143 1235 1215 savorem
1261 1140 1488 1212 hereticorum
1512 1139 1822 1213 mediolanensium
1848 1151 1882 1214 et

473 1283 616 1336 snorum
636 1261 859 1358 complicum,
885 1285 1034 1356 quornm
1053 1263 1127 1360 ipse
1150 1264 1260 1334 lactus
1276 1272 1328 1334 est
1345 1261 1505 1334 deieneor
1527 1269 1562 1332 et
1582 1261 1744 1356 publicos
1762 1262 1880 1334 oonsi-

474 1385 595 1458 liarius
609 1394 645 1458 et
657 1395 775 1458 contra
790 1407 853 1459 nos
872 1395 907 1459 et
923 1387 1106 1482 imperinm
1123 1395 1277 1458 nostrum
1293 1385 1482 1482 precipuus
1497 1393 1698 1479 receptator,
1721 1385 1758 1456 in
1774 1386 1883 1457 oculis

474 1509 568 1603 regis
583 1509 689 1581 vestri
709 1517 744 1581 ot
765 1511 890 1582 vestris
906 1531 967 1604 per
984 1519 1093 1583 totum
1111 1531 1258 1600 regnum
1277 1507 1401 1602 Anglie
1417 1508 1604 1602 publicari,
1629 1529 1699 1602 qne
1723 1507 1880 1580 diffama-

475 1633 602 1705 tionem
620 1633 727 1705 nostri
745 1633 895 1706 nominis
913 1633 1064 1706 continet
1082 1641 1117 1704 et
1132 1631 1286 1704 honoris.
1302 1631 1344 1702 Et
1359 1631 1492 1701 utinam
1511 1630 1577 1702 isto
1590 1628 1804 1702 sufficerent!
1819 1631 1880 1704 sod

472 1755 571 1850 qnod
589 1757 689 1852 pejus
706 1765 758 1829 est
779 1767 813 1829 et
831 1757 1043 1848 majestatem
1062 1765 1212 1828 nostram
1235 1764 1380 1847 tangens
1395 1755 1528 1840 acrius,
1551 1753 1643 1847 regis
1661 1753 1878 1838 thesaurum,

473 1879 674 1952 clericorum
696 1879 788 1952 bona
804 1889 848 1964 et
862 1880 1083 1953 ecclesiarum
1100 1901 1162 1974 per
1180 1879 1308 1968 tallias,
1329 1879 1488 1950 collectas
1506 1887 1540 1950 et
1564 1878 1649 1950 alias
1666 1879 1881 1951 extorsiones

472 2003 678 2097 multiplices
695 2002 742 2075 ad
762 2001 1055 2098 impugnationem
1073 2013 1224 2075 nostram
1242 2001 1436 2096 permittitis
1458 2001 1493 2073 in
1511 2022 1618 2093 regno
1636 2002 1727 2091 lieri,
1753 2000 1801 2074 ad
1819 2023 1880 2072 cn·

472 2121 754 2199 riom'romanam
773 2125 964 2222 deportari,
983 2136 1018 2199 et
1035 2127 1095 2221 qni
1112 2127 1215 2200 eratis
1237 2127 1320 2198 olim
1342 2125 1442 2197 liberi
1466 2126 1555 2196 sient
1568 2126 1671 2197 ceteri
1689 2123 1876 2214 christiani,

472 2271 566 2322 nnnc
586 2259 701 2322 antem
717 2271 779 2344 per
792 2249 934 2324 nimiam
950 2249 1165 2323 tolerantiam
1183 2249 1262 2321 iacti
1279 2249 1361 2322 estis
1376 2249 1480 2321 servi.
1502 2249 1553 2320 lla
1570 2245 1681 2321 Deus!
1699 2248 1879 2320 sustineret

472 2373 537 2446 bec
555 2371 660 2446 hodio
682 2373 712 2444 si
730 2373 862 2446 viveret
882 2373 1050 2447 ilenricns
1069 2373 1185 2446 senior
1207 2393 1270 2444 rex
1288 2371 1436 2464 Angliel
1456 2371 1499 2441 Et
1514 2371 1698 2444 recolende
1719 2371 1880 2444 memorie

472 2515 536 2566 rex
561 2492 728 2568 llicordus
743 2503 778 2567 et
800 2493 859 2568 alii
882 2504 1080 2591 paterentur
1104 2516 1148 2568 ne
1171 2493 1289 2566 istud?
1304 2495 1381 2566 Non
1395 2494 1536 2587 utique,
1562 2493 1646 2587 quia
1663 2515 1728 2566 nec
1748 2493 1880 2566 minora

472 2615 540 2688 hiis
553 2617 781 2711 equanimiter
795 2619 996 2692 tolerabant.
1018 2617 1291 2692 Animadvertite
1303 2639 1387 2712 ergo
1401 2615 1467 2690 viri
1486 2617 1635 2689 illustres
1647 2625 1681 2689 et
1699 2616 1830 2706 videto,
1850 2617 1879 2688 si

473 2741 576 2814 irater
593 2749 628 2814 et
643 2743 794 2815 sororius
813 2751 926 2816 noster
943 2753 977 2815 et
993 2765 1056 2816 vos
1070 2743 1152 2815 talia
1168 2764 1214 2815 ex
1230 2741 1360 2837 quibus
1378 2749 1511 2814 tantum
1528 2741 1744 2814 obstaculum
1761 2741 1878 2813 iormi·

473 2864 611 2952 damus,
631 2863 705 2936 lieri
721 2866 913 2956 sustinetis,
933 2867 1035 2960 quale
1051 2865 1183 2939 debetis
1200 2865 1236 2936 in
1253 2875 1428 2960 posterum
1448 2887 1470 2938 a
1489 2864 1589 2938 nobis
1603 2872 1786 2960 expectare
1801 2885 1878 2959 pre·

473 2985 602 3058 sidium
618 2998 652 3058 et
667 2989 798 3082 premia
815 2997 1005 3082 reportare;
1032 2988 1095 3062 sed
1114 2999 1153 3060 ut
1169 2988 1319 3083 apertius
1335 2988 1465 3082 liqueat
1482 2987 1528 3060 de
1546 2986 1744 3060 intentionis
1766 2996 1878 3059 nostro

474 3111 659 3204 proposito,
675 3132 744 3182 non
761 3111 828 3184 alia
844 3133 949 3206 quarn
963 3111 1070 3184 hostis
1088 3112 1133 3183 ab
1152 3111 1248 3185 hoste
1268 3119 1303 3183 et
1319 3111 1481 3184 inimicus
1498 3111 1543 3184 ab
1560 3110 1701 3182 inimico
1713 3119 1873 3204 reportat.

474 3233 735 3307 Universitatem
766 3233 869 3326 igitur
894 3243 1044 3308 vestram
1071 3235 1257 3308 affectuose
1287 3233 1496 3328 requirimus
1525 3242 1560 3308 et
1592 3254 1754 3326 rogamus
1782 3233 1877 3328 qnod

473 3379 578 3452 super
593 3356 694 3429 tantis
710 3365 745 3429 et
768 3357 892 3428 talibus
910 3357 1070 3452 periculis
1088 3368 1157 3430 tam
1179 3357 1274 3452 apud
1287 3379 1405 3452 regem
1420 3378 1525 3452 qnam
1540 3355 1635 3452 opud
1652 3360 1877 3452 nosmetipsos

473 3479 523 3552 sic
540 3488 678 3552 strenuo
701 3501 742 3552 ac
766 3479 921 3552 animose
940 3501 982 3553 ao
1000 3480 1146 3576 provide
1166 3501 1229 3554 vos
1248 3501 1411 3554 exercere
1429 3479 1594 3554 studeatis
1609 3488 1644 3552 et
1660 3500 1778 3572 gerere
1795 3489 1833 3552 ut
1847 3479 1874 3551 si

472 3623 595 3697 aroge
611 3603 711 3696 regni
725 3603 908 3696 Anglioani
931 3614 965 3676 et
980 3626 1001 3677 a
1018 3604 1118 3677 vobis
1137 3626 1206 3677 non
1223 3625 1400 3700 speremus
1421 3604 1456 3675 in
1479 3603 1616 3696 negotio
1637 3602 1776 3674 instanti
1794 3623 1871 3698 pre-

473 3724 575 3816 sidia,
596 3727 715 3798 saltem
731 3747 800 3798 non
819 3733 973 3822 oporteat
991 3747 1053 3800 nos
1071 3728 1222 3823 pericula
1238 3726 1441 3816 formidare3
1462 3725 1557 3820 qnod
1574 3747 1636 3820 pro
1650 3736 1742 3798 certo
1758 3727 1875 3798 scitoto

473 3847 519 3921 de
536 3847 637 3920 vobis
656 3849 855 3922 nullatenus
895 3859 1077 3921 uteremur.
1095 3850 1252 3922 Ceterum
1270 3849 1438 3944 quiajam
1453 3869 1557 3944 super
1572 3849 1735 3942 predictis
1754 3849 1875 3920 statiis

473 3971 620 4044 servitiis
645 3971 771 4044 nostris
794 3972 830 4042 in
855 3973 1011 4068 partibus
1035 3973 1157 4045 vestris
1181 3971 1405 4068 procurandis
1421 3973 1600 4066 lingonem
1626 3971 1672 4045 do
1694 3971 1872 4059 Cambota,

474 4095 615 4170 militem
634 4104 788 4166 nostrum
816 4105 851 4168 et
873 4093 1010 4168 fidelem
1035 4097 1217 4181 nuncium,
1241 4096 1380 4168 latorem
1403 4094 1629 4189 presentium,
1647 4092 1694 4166 ad
1715 4091 1874 4166 eumdem

473 4241 589 4312 regem
615 4227 649 4292 et
673 4219 840 4292 sororium
873 4229 1026 4292 nostrum
1058 4221 1163 4292 etad
1194 4239 1257 4292 vos
1283 4217 1500 4312 providimus
1527 4215 1789 4303 destinandum,
1818 4233 1875 4309 per

472 4365 576 4437 quem
606 4342 651 4416 de
681 4342 790 4438 ipsius
822 4343 913 4437 regis
940 4353 974 4415 et
1006 4352 1123 4417 vostra
1160 4343 1381 4438 responsione
1418 4363 1495 4415 esse
1525 4339 1698 4435 possimne
1728 4337 1810 4411 certi
1838 4347 1875 4408 ut

472 4467 621 4540 sciamus
639 4467 802 4562 aquibus
820 4467 1008 4540 debeamus
1024 4477 1210 4563 expectare
1228 4467 1409 4540 consilium
1428 4475 1461 4538 et
1476 4463 1647 4536 auxilinm
1663 4471 1731 4535 eta
1747 4461 1874 4556 quibus

471 4589 574 4663 etiam
603 4590 649 4662 sit
678 4591 892 4681 cavendum,
921 4591 1189 4664 dominationem
1216 4599 1365 4664 vestram
1392 4610 1570 4664 monemus
1597 4585 1759 4660 attentius
1786 4605 1873 4679 qna·
