4228 5892
175 610 276 670 lsorcr.
295 607 355 693 12]
630 603 831 668 HISTORIA
854 603 1149 668 ulruouuulcu
1533 607 1594 670 365

177 743 389 840 opposuistis
408 741 561 835 eisdam,
580 762 807 840 personarum
830 760 891 812 seu
910 761 1026 812 rerum
1043 741 1196 836 pericula
1213 761 1284 814 non
1301 749 1460 815 curantes
1477 752 1517 815 nt
1531 765 1594 839 pro

177 869 344 963 impensis
361 877 456 940 tante
473 865 697 963 gratitudinis
713 873 826 940 vestre
846 863 1003 938 serviciis
1023 864 1162 937 titulum
1181 863 1265 938 fidei
1281 865 1439 960 specialis
1456 874 1492 940 et
1508 889 1594 940 mu-

177 990 282 1066 nifica
300 989 548 1064 beneficiorum
561 990 693 1087 premia
711 988 840 1062 vestris
854 997 1010 1060 constent
1024 988 1156 1062 meritis
1177 989 1357 1084 acquisita.
1380 989 1594 1086 Quapropter

177 1125 212 1188 et
240 1116 394 1209 quietem
418 1125 529 1188 status
553 1114 659 1188 vestri
683 1113 865 1208 diligimus
889 1121 925 1184 et
947 1111 1232 1208 indempnitatem
1248 1121 1398 1187 vestram
1419 1113 1591 1186 lavorabi-

177 1239 255 1311 liter
278 1240 496 1328 atiectamus,
526 1237 744 1312 intendentes
769 1236 928 1308 assistere
954 1235 1067 1309 modis
1094 1237 1256 1309 omnibus
1283 1247 1318 1308 et
1345 1236 1468 1310 adesse
1497 1239 1593 1331 quod

177 1362 394 1434 inimioomm
411 1371 606 1434 vestromm
624 1361 777 1434 versutia
798 1369 993 1432 conteratur
1014 1368 1049 1432 et
1063 1361 1218 1434 universi
1238 1369 1274 1432 et
1289 1358 1416 1451 singuli
1437 1371 1591 1434 vestrum

177 1507 258 1556 cum
281 1485 415 1556 liberali
440 1484 567 1556 laveris
589 1483 698 1556 nostri
726 1483 836 1575 gratia
860 1491 977 1576 optata
1001 1483 1138 1576 possitis
1163 1479 1397 1576 tranquilitate
1421 1481 1587 1572 gaudere.

176 1607 335 1680 Preterea
348 1608 490 1679 nuntios
502 1616 637 1679 vestros
651 1607 748 1679 viros
759 1604 925 1700 providos
940 1613 975 1677 et
989 1603 1108 1678 fideles
1124 1605 1170 1678 ad
1184 1615 1334 1679 nostram
1347 1605 1479 1676 curiam
1493 1627 1591 1679 acce·

177 1729 299 1804 dentes
313 1731 526 1824 benignitate
541 1729 737 1824 recepimus
752 1737 935 1818 consuetaa
950 1737 1122 1823 porrectas
1136 1739 1251 1802 autem
1265 1729 1445 1824 petitiones
1458 1739 1591 1802 vestras

177 1852 222 1926 de
239 1853 495 1948 permutandis,
517 1861 583 1925 etc.
601 1851 667 1946 (a).
683 1851 889 1924 blaudamns
909 1860 1082 1945 quatenus
1103 1851 1140 1923 in
1164 1850 1234 1924 lide
1254 1860 1368 1924 nostra
1390 1861 1425 1923 et
1444 1853 1590 1926 servicio

177 1977 342 2049 continua
359 1999 424 2050 vos
439 1979 606 2052 confortet
621 1975 785 2048 alacritas
802 1983 836 2048 et
853 1975 1026 2048 reformet.

413 2255 642 2268 -ι-ι--να
1185 2255 1356 2270 Ἣ

228 2460 460 2558 Friderieus,
480 2460 742 2546 Romanorum
768 2461 990 2569 imperator,
1011 2469 1137 2570 grates
1165 2462 1246 2570 agit
1273 2463 1589 2550 Cremonensibus
1680 2479 1695 2513 ¹

176 2594 225 2677 de
247 2594 427 2679 emroecii
449 2619 585 2677 eorum
609 2593 813 2700 missione,
833 2592 986 2702 illisque
998 2593 1198 2676 denuntiat
1216 2621 1256 2678 se
1272 2597 1587 2707 postdepopula-

174 2726 318 2810 tionem
343 2726 593 2812 Bononiensis
623 2725 819 2809 districtus
846 2724 946 2808 circa
970 2735 1139 2808 castrum
1172 2725 1439 2837 Crepueorium
1465 2741 1589 2816 castra

175 2856 367 2967 defixisse,
387 2858 497 2968 eujus
515 2859 729 2967 captionem
749 2856 851 2939 infra
868 2857 1039 2941 triduum
1057 2858 1269 2967 pollicetur.

256 3057 381 3136 (Inedit.
396 3076 435 3119 ex
448 3059 548 3120 codice
561 3059 702 3122 Blbliotb.
717 3059 816 3121 Cesar.
832 3055 1041 3138 Puris.,soodr
1049 3058 1084 3120 S.
1099 3057 1367 3140 Gaurmollcrloy,
1381 3069 1451 3139 4⁵5,
1465 3079 1534 3141 pars
1543 3065 1586 3144 11,

293 3173 327 3223 n⁰
345 3165 538 3240 XLV1,siue
557 3167 654 3226 tltulo.
675 3167 724 3226 Ex
745 3165 938 3243 sequentibus
956 3171 1056 3226 temen
1070 3165 1112 3226 nil
1126 3165 1209 3228 dubii
1226 3174 1356 3245 superest
1370 3171 1444 3246 quin
1461 3170 1498 3231 ad
1515 3171 1585 3234 Cre·

294 3285 448 3332 monanses
460 3271 570 3334 directa
584 3271 674 3333 luent
686 3271 835 3351 epistola.)

221 3441 431 3534 Friderious,
444 3453 510 3517 etc.
525 3445 578 3516 llx
588 3445 706 3518 multis
717 3444 944 3518 laudabilium
959 3465 1105 3539 operum
1120 3447 1332 3539 argumentis
1344 3469 1414 3542 que
1423 3447 1469 3522 ad
1478 3448 1587 3526 decus
1619 3507 1624 3523 .

170 3566 310 3660 imperii
325 3577 359 3640 et
377 3567 577 3663 imperantis
593 3567 757 3640 honorem
776 3567 858 3642 fidei
881 3577 995 3640 vestre
1011 3569 1189 3642 sinceritas
1206 3591 1252 3642 ex
1271 3570 1415 3666 antiquo
1433 3575 1583 3668 peregit,

170 3713 309 3786 semper
327 3691 422 3787 apud
440 3713 504 3764 nos
521 3693 615 3764 zelus
631 3701 746 3765 vestre
759 3691 956 3765 devotionis
972 3691 1094 3764 enituit
1113 3703 1148 3766 et
1163 3715 1209 3766 ex
1223 3695 1395 3769 continuis
1410 3708 1585 3790 gratorum

169 3814 361 3910 impendiis
381 3813 428 3888 ad
445 3814 669 3910 optinendam
688 3815 898 3910 imperialem
917 3815 1063 3909 gratiam
1080 3817 1273 3911 specialiter
1283 3820 1355 3910 jem
1372 3819 1584 3916 prescripsit.

168 3938 241 4011 Sed
250 3939 417 4032 quociens
429 3947 490 4012 aut
500 3948 638 4035 tempus
654 3960 693 4012 se
710 3938 836 4032 ingerit
847 3948 907 4012 aut
923 3947 1041 4012 nostra
1056 3939 1246 4034 exquisitio
1264 3939 1301 4014 id
1318 3943 1486 4036 exposcit,
1497 3943 1586 4018 adeo

167 4056 331 4130 videmus
344 4057 441 4152 quod
456 4079 549 4132 nova
569 4057 721 4154 quedam
738 4057 877 4156 pluritas
898 4065 933 4130 et
949 4059 1104 4155 operatio
1121 4059 1223 4133 vobis
1242 4059 1414 4134 indefessa
1430 4063 1587 4138 succedit

168 4189 209 4251 ut
223 4179 415 4254 videamini
430 4180 536 4275 hujus
558 4182 722 4276 temporis
743 4181 1011 4277 oportunitatem
1037 4181 1167 4255 nedum
1189 4192 1364 4277 gratamer
1388 4187 1584 4260 venientem

168 4303 347 4396 amplecti,
366 4302 429 4377 sed
451 4302 709 4398 quodammodo
724 4305 894 4401 promptis
914 4303 1093 4378 affectibus
1107 4315 1272 4402 exoptare
1289 4330 1358 4402 qua
1377 4306 1481 4382 fidem
1497 4333 1584 4406 ope-

169 4425 267 4498 ribus
284 4433 319 4497 et
334 4425 467 4498 animos
484 4425 617 4499 viribus
639 4425 685 4499 de
708 4426 801 4499 bono
820 4427 857 4498 iu
880 4427 1004 4500 melius
1031 4427 1220 4503 clarificare
1242 4429 1392 4525 possitis.
1414 4430 1471 4505 Ad
1487 4433 1584 4528 quod

169 4547 366 4622 evidentius
382 4549 654 4640 ostendendum,
669 4550 749 4624 licet
766 4550 833 4623 boc
852 4551 954 4624 uobis
978 4572 1115 4648 semper
1140 4553 1319 4626 manifeste
1338 4555 1505 4648 constitit,
1523 4578 1585 4652 per

211 4696 255 4779 (a)
272 4699 319 4760 lbi
329 4701 362 4761 in
370 4701 520 4764 codicibus
533 4702 647 4764 lacuna.
