4246 5906
525 605 586 668 550
1022 609 1237 676 rnrouurcr
1260 613 1435 676 suenoni
1746 611 1926 696 [saraae.

519 741 606 832 joris
628 761 722 814 more
748 739 930 836 dispendIo
961 742 1084 818 debent
1111 747 1269 840 quietare
1294 747 1478 838 eumdem,
1505 745 1582 820 sivo
1608 755 1740 820 sartum
1765 749 1927 820 nnuoium

523 864 580 937 vel
599 873 853 959 procuratorem
866 865 988 960 ipsius.
1004 867 1041 940 Si
1053 889 1152 959 vern,
1167 871 1264 966 quod
1277 871 1419 944 omnino
1433 871 1609 958 nolumus,
1626 869 1742 964 atiquo
1754 868 1929 944 accidente

524 1009 608 1062 oasu
627 987 805 1083 predictus
826 989 1006 1064 solutionis
1029 993 1197 1069 terminus
1221 995 1459 1090 pertransimt,
1480 991 1611 1068 deiude
1632 992 1787 1067 inantea
1804 1015 1926 1087 quarn·

523 1111 586 1186 diu
608 1111 734 1186 solutio
758 1111 966 1203 differretur,
994 1113 1040 1188 de
1060 1115 1210 1210 singuIIs
1234 1126 1375 1192 orntum
1400 1117 1513 1190 unciis
1536 1126 1605 1190 tres
1629 1117 1752 1190 unoins
1770 1117 1849 1192 auri
1871 1137 1929 1211 por
2011 1183 2016 1192 .

521 1257 675 1308 mensem
691 1236 736 1308 ad
754 1237 913 1330 generale
927 1237 1067 1331 pondus
1078 1240 1175 1334 regni
1190 1239 1304 1314 dietus
1321 1249 1476 1314 seorotus
1486 1239 1533 1313 de
1544 1239 1692 1336 pecnnia
1707 1239 1803 1312 curie
1818 1247 1929 1314 nostre

523 1383 585 1456 pro
603 1360 763 1454 dampnis
777 1369 811 1434 et
828 1361 991 1436 interesse
1006 1362 1039 1435 ei
1053 1363 1188 1438 solvero
1204 1373 1388 1438 teneturst
1402 1363 1519 1453 debet,
1541 1373 1577 1438 et
1592 1362 1835 1436 nichilominus
1851 1383 1928 1434 enm

522 1484 717 1578 integritate
733 1485 928 1580 persolvere
945 1487 1066 1560 uncias
1082 1487 1316 1582 supradictas.
1338 1486 1394 1561 Ad
1408 1487 1515 1580 hujus
1531 1497 1648 1561 autom
1662 1487 1712 1560 rei
1729 1487 1927 1560 memorium

523 1619 557 1682 et
575 1610 721 1706 predicti
744 1613 943 1684 mereatoris
959 1613 1147 1705 mutslnm,
1165 1625 1341 1710 presentes
1363 1613 1499 1688 lieterm
1514 1621 1646 1688 nostras
1666 1609 1743 1686 fieri
1767 1621 1804 1686 ot
1817 1611 1928 1706 sigilio

520 1734 706 1826 majestatis
722 1743 837 1808 nostre
849 1735 1016 1827 jussimus
1031 1738 1248 1813 communiri.

569 1859 693 1930 Datum
709 1858 846 1944 Parme,
862 1858 906 1930 vl
925 1857 1129 1953 dooombris,
1145 1862 1224 1934 XIII
1239 1859 1451 1936 indiotionIs.

568 1980 691 2052 Eodem
708 1981 763 2052 die
776 1982 908 2075 scripsit
925 1981 1036 2054 idem:

568 2103 782 2196 Frsderious‚
794 2113 876 2194 eto,
888 2105 1199 2199 secretoPnuormI,
1214 2117 1280 2181 oto.
1290 2107 1415 2180 Notum
1429 2105 1574 2180 Iaoimns
1587 2103 1743 2180 fidelitati
1754 2114 1826 2192 tus,
1841 2114 1921 2191 ete,

518 2237 676 2322 utsupra
691 2251 751 2321 per
764 2229 876 2300 omaro
892 2249 1021 2321 usquo:
1041 2227 1098 2303 Ao
1114 2229 1232 2323 hujus.
1251 2229 1407 2324 seqnitur
1417 2241 1594 2325 praeterea
1611 2254 1624 2300 .·
1644 2229 1758 2315 Quare
1774 2227 1923 2301 fidelitati

517 2359 577 2424 tue
608 2349 830 2445 precipiendo
861 2349 1066 2424 mandamus
1095 2361 1267 2446 quatenns
1296 2351 1504 2426 adveniente
1536 2351 1682 2424 termino
1707 2350 1921 2445 supradicto,

517 2474 688 2570 predictas
706 2473 873 2546 ducentes
890 2475 1109 2568 septuaginta
1133 2485 1169 2548 et
1193 2496 1255 2550 sou
1279 2475 1400 2548 uncias
1423 2477 1516 2567 auri,
1542 2474 1588 2548 ad
1612 2477 1772 2569 generale
1790 2471 1924 2570 pondus

517 2597 629 2690 regni,
648 2597 741 2670 dinto
758 2597 857 2670 Petro
873 2619 936 2670 seu
955 2608 1047 2670 nerto
1064 2599 1192 2670 nunoio
1207 2608 1267 2671 ant
1286 2599 1496 2694 procuratori
1515 2599 1591 2691 ojus
1611 2597 1657 2671 de
1671 2597 1818 2692 pecunia
1834 2597 1925 2669 curie

518 2729 634 2794 nostre
651 2731 788 2815 quaest
810 2743 870 2816 per
888 2742 1011 2795 manus
1028 2731 1116 2812 tuas,
1139 2743 1202 2818 pro
1216 2735 1312 2818 parte
1328 2723 1423 2796 eane
1437 2731 1566 2813 nostre,
1586 2721 1662 2794 sine
1678 2721 1818 2814 majoris
1835 2741 1925 2793 moro

518 2844 701 2940 dispendio
717 2846 848 2937 solvas,
867 2855 902 2918 ot
919 2845 949 2916 si
967 2845 1053 2918 forte
1071 2855 1110 2917 ut
1127 2845 1321 2940 pradictum
1339 2855 1409 2938 ost,
1431 2846 1548 2941 aliquo
1567 2865 1671 2935 casu,
1696 2845 1809 2940 Ipsius
1832 2845 1923 2917 soln-

517 2969 619 3042 tionis
633 2970 799 3042 terminus
819 2969 990 3060 transiret,
1010 2968 1138 3044 deindo
1157 2969 1194 3044 in
1210 2979 1310 3044 auten
1326 2970 1496 3064 quamdiu
1514 2969 1641 3044 solutio
1656 2967 1866 3059 differretur,
1883 2967 1925 3042 de

517 3093 661 3184 singulis
678 3103 817 3166 contum
836 3093 946 3166 unciis
964 3103 1034 3166 tres
1053 3094 1174 3166 unoias
1190 3095 1267 3166 auri
1289 3093 1337 3167 ad
1355 3093 1484 3168 dietum
1507 3092 1646 3188 pondus
1666 3113 1729 3187 per
1751 3113 1922 3180 mensem,

516 3237 581 3309 pro
597 3215 756 3311 dampnis
773 3225 809 3290 st
830 3216 992 3289 interesse
1010 3215 1056 3288 do
1071 3214 1193 3288 eadem
1212 3217 1361 3311 pecunia
1379 3217 1474 3289 ourIe
1490 3225 1606 3288 nostre
1626 3215 1824 3310 persolvas,
1844 3237 1924 3310 pro-

517 3340 657 3412 visurus
671 3349 785 3414 tomen
798 3349 837 3412 ut
854 3339 1008 3435 predIoto
1032 3339 1177 3412 termino
1195 3340 1382 3434 quisnam,
1405 3359 1450 3412 ns
1470 3361 1531 3436 per
1552 3359 1683 3412 moram
1698 3339 1795 3412 ouria
1813 3349 1924 3412 nostra

517 3461 738 3560 dispendium
757 3485 940 3538 usurarum
964 3465 1128 3536 incurrat.
1149 3465 1199 3536 Tu
1219 3473 1335 3538 autom
1353 3465 1467 3538 soluta
1489 3465 1565 3560 ipsa
1584 3465 1746 3560 psooma,
1773 3473 1925 3560 patentes

517 3589 651 3662 linteras
668 3597 800 3663 nostras
814 3611 903 3684 quas
916 3589 961 3662 de
975 3589 1052 3684 ipso
1069 3599 1190 3663 mutuo
1206 3589 1274 3662 sihi
1293 3589 1365 3664 tiori
1385 3591 1544 3682 Ieoimus,
1565 3589 1712 3686 recipias
1727 3589 1920 3678 abeodem,

518 3713 670 3786 saetnrns
683 3713 787 3788 edom
803 3712 897 3786 aliud
909 3713 1076 3808 seriptum
1094 3723 1292 3809 oompsteus
1308 3714 1355 3787 de
1367 3713 1537 3788 solutions
1551 3715 1624 3811 ipsa
1640 3713 1688 3788 ad
1704 3714 1800 3786 onrie
1812 3723 1922 3786 nostro

517 3839 698 3910 cantelam.

565 3961 689 4032 Datum
711 3958 761 4058 [ut
778 3961 909 4062 supra}

564 4083 700 4157 SImiIes
719 4087 855 4182 sorIpsit
875 4099 911 4160 et
936 4097 1072 4184 apertas
1098 4097 1133 4160 et
1155 4085 1291 4190 clausas
1316 4085 1362 4159 ad
1385 4084 1546 4160 eumdem
1571 4091 1743 4158 secretum
1767 4083 1922 4156 Panormi

517 4228 579 4304 pro
597 4205 737 4280 Andron
755 4207 801 4282 ds
816 4209 976 4294 Cumara,
991 4210 1097 4285 Panlo
1113 4218 1149 4283 st
1173 4209 1272 4280 Petro
1294 4208 1457 4282 iratribus
1477 4209 1571 4302 ejus,
1593 4207 1638 4282 de
1652 4207 1749 4280 libris
1763 4207 1923 4280 Venetia-

516 4355 639 4406 norum
652 4353 850 4426 grossorum
867 4333 1032 4426 LXXIIII,
1051 4332 1171 4407 solidis
1184 4331 1247 4405 XII
1260 4341 1295 4406 et
1308 4331 1457 4406 donariis
1474 4332 1521 4424 11,
1536 4353 1599 4428 pro
1614 4331 1727 4404 unciis
1743 4331 1919 4423 cccnvp.

565 4456 698 4530 SImiles
721 4457 858 4554 soripsit
878 4467 913 4532 et
932 4469 1068 4554 opertas
1090 4469 1125 4531 st
1145 4459 1280 4532 clausos
1304 4479 1367 4554 pro
1385 4457 1492 4531 Panlo
1512 4457 1743 4552 Malngrumo‚
1766 4458 1857 4528 Luna
1880 4455 1921 4527 de

515 4583 646 4670 Ionam,
670 4593 704 4654 et
721 4579 863 4656 Andron
877 4581 922 4656 de
945 4585 1059 4656 Ienar.
1083 4583 1129 4658 de
1153 4582 1250 4654 tibris
1266 4582 1532 4656 Venetianorum
1552 4601 1750 4676 grossorum
1772 4577 1916 4666 LXVIII,

516 4703 635 4778 solidis
651 4705 740 4778 VIIII
757 4714 792 4780 st
809 4705 960 4782 denaris
974 4707 1048 4798 1111,
1064 4727 1127 4803 pro
1141 4705 1253 4780 unciis
1265 4705 1479 4780 oeoxxvnl
1492 4707 1528 4800 'l
1539 4759 1549 4778 .
