4246 5906
237 581 418 660 umere]
462 544 465 551 ’
687 581 881 643 ursronra
907 580 1196 642 nrrnouarrcr.
1587 571 1646 634 505

238 717 461 810 quantitatem
474 715 630 809 pecunie,
641 737 720 786 cum
731 717 877 810 proinde
890 717 987 790 curia
998 727 1114 788 nostra
1125 717 1191 806 maj
1197 737 1235 786 us
1243 711 1461 788 commodum
1472 709 1644 796 sortiatur,

240 861 358 911 curam
369 848 404 911 et
415 838 627 931 diligentiam
638 838 789 911 debitam
804 841 981 932 prebuisse
992 849 1026 912 et
1038 839 1201 911 mandras
1213 838 1305 932 ipsas
1314 835 1430 931 probis
1440 841 1474 905 et
1486 829 1645 905 fidelibus

241 964 324 1034 viris
343 960 390 1034 ad
411 963 600 1056 proiectum
624 971 739 1034 nostre
760 963 854 1035 curie
869 963 1053 1052 locavisse,
1071 971 1207 1056 gratum
1229 969 1281 1032 est
1298 957 1440 1031 culmini
1456 965 1589 1044 nostro,
1611 963 1646 1025 et

242 1097 336 1156 tuam
355 1105 461 1178 super
481 1082 546 1154 boc
563 1084 824 1156 sollicitudinem
851 1084 1143 1156 commendamus.
1162 1086 1212 1155 De
1232 1081 1425 1154 Sarracenis
1449 1089 1564 1152 autem
1585 1081 1645 1173 qui

242 1206 376 1278 dudum
388 1228 474 1278 oves
485 1207 578 1299 ipsas
592 1207 627 1277 in
640 1208 804 1280 eutalium
819 1208 1013 1280 habuerunt
1027 1216 1061 1278 et
1073 1229 1152 1278 eum
1163 1207 1207 1278 de
1217 1205 1355 1278 cabellis
1368 1205 1453 1298 ipsis
1465 1212 1645 1274 teneantur

242 1329 336 1400 curie
356 1338 468 1401 nostre
486 1330 622 1402 solvere
638 1351 797 1421 magnam
818 1332 963 1424 pecunie
977 1331 1219 1424 quantitatem,
1235 1331 1352 1422 plures
1371 1349 1490 1400 eorum
1511 1327 1645 1396 invenis

240 1474 310 1524 non
329 1452 509 1542 solvendo,
530 1451 575 1524 de
594 1453 722 1546 quibus
738 1453 823 1546 quid
842 1452 916 1526 fieri
937 1454 1062 1526 debeat
1080 1462 1235 1524 nostrum
1254 1451 1506 1545 beneplacitum
1526 1459 1645 1543 postu-

240 1576 339 1665 lasti;
362 1577 524 1648 volumus
541 1585 575 1647 et
595 1576 800 1648 mandamus
823 1587 862 1648 ut
876 1577 977 1650 bonis
992 1597 1110 1648 eorum
1127 1596 1190 1669 pro
1206 1575 1323 1646 debito
1340 1583 1456 1646 nostro
1473 1574 1597 1666 captis,
1615 1573 1645 1645 si

242 1698 382 1771 demum
399 1698 565 1771 solvendo
579 1719 648 1770 non
663 1700 806 1788 luerint,
822 1699 936 1794 capias
957 1697 1001 1771 de
1015 1699 1186 1792 personis,
1200 1706 1234 1768 et
1252 1717 1311 1768 eos
1332 1718 1393 1789 per
1414 1716 1517 1789 opera
1533 1717 1645 1768 mara·

242 1820 393 1920 n[orum]
404 1825 499 1894 curie
511 1833 625 1896 nostre
640 1825 745 1896 sacius
757 1824 934 1918 applicari,
952 1822 1040 1895 adeo
1052 1822 1087 1892 in
1101 1822 1187 1914 ipsis
1201 1819 1362 1915 operibus
1374 1819 1593 1907 coercendos,
1608 1828 1646 1890 ut

242 1947 279 2016 in
295 1948 454 2040 exemplo
470 1967 589 2018 eorum
610 1948 711 2019 reteri
737 1949 923 2020 doceantur
945 1967 1013 2018 non
1038 1944 1211 2016 deberes
1236 1944 1331 2014 curia
1358 1953 1472 2014 nostra
1497 1942 1645 2014 cabellas

240 2071 393 2164 recipere
416 2093 503 2164 quas
521 2073 654 2144 solvere
674 2073 747 2144 sine
770 2071 969 2144 difficultate
994 2071 1222 2164 nonpossint.
1243 2071 1293 2140 De
1317 2068 1502 2138 nutrimine
1526 2067 1644 2138 ovium

240 2193 322 2264 anni
346 2194 515 2287 presentis
532 2195 577 2267 de
601 2216 671 2288 quo
689 2195 802 2267 donec
826 2195 872 2269 ad
896 2197 1044 2266 fructum
1066 2194 1244 2287 perveniat
1265 2213 1417 2284 congrua
1442 2212 1512 2263 non
1536 2200 1646 2284 potest

241 2315 365 2388 locatio
384 2315 475 2407 fieri,
502 2326 540 2387 ut
557 2319 741 2412 scripsisti,
758 2341 838 2390 cum
860 2329 995 2412 tempus
1012 2318 1115 2388 luerit
1132 2327 1338 2410 oportunum
1354 2317 1451 2386 curie
1470 2325 1583 2386 nostre
1599 2335 1645 2385 ex

241 2459 283 2509 eo
307 2439 528 2512 commodum
551 2453 766 2535 procuretur.
787 2442 995 2515 Audivimus
1021 2451 1172 2536 preterea
1199 2440 1338 2512 nomina
1364 2439 1643 2527 castellanorum,

240 2562 301 2654 qui
319 2583 379 2655 per
397 2572 509 2656 partes
519 2563 767 2654 jurisdictionis
784 2575 842 2638 tue
856 2575 964 2638 castra
980 2573 1096 2636 nostra
1110 2562 1321 2649 custodiunt,
1338 2583 1424 2654 quos
1437 2581 1557 2632 omnes
1571 2581 1645 2632 cre·

242 2682 357 2754 dimus
372 2693 505 2756 nostros
518 2706 593 2758 esse
607 2685 740 2759 fideles.
761 2689 796 2759 Si
812 2709 916 2780 quem
932 2697 1046 2759 tamen
1059 2686 1196 2758 videres
1210 2686 1325 2756 minus
1337 2683 1557 2778 ydoneumet
1571 2703 1647 2755 esse

242 2807 364 2879 merito
382 2808 633 2900 amovendum,
650 2810 844 2904 significare
862 2810 988 2883 debeas
1005 2808 1185 2882 Guerrerio
1201 2809 1246 2881 de
1267 2810 1398 2879 Franco
1420 2807 1512 2878 fideli
1532 2818 1647 2880 nostro

242 2952 345 3024 quem
369 2932 404 3002 in
424 2933 578 3026 partibus
599 2933 683 3027 ipsis
697 2936 908 3030 provisorem
924 2943 1111 3006 castrorum
1128 2933 1294 3004 duximus
1311 2931 1561 3021 ordinandum,
1585 2933 1645 3025 qui

242 3075 323 3126 cum
350 3055 492 3127 consilio
519 3063 579 3128 tuo
608 3067 641 3128 et
670 3059 816 3132 aliorum
848 3068 1041 3131 nostrorum
1069 3056 1222 3130 fidelium
1248 3056 1277 3128 si
1303 3055 1518 3129 amovendus
1545 3055 1648 3128 luerit

242 3179 431 3250 amovebit.
453 3180 553 3262 Quod
577 3191 691 3253 autem
714 3183 914 3276 significasti
935 3191 969 3253 te
987 3181 1199 3253 intellexisse
1215 3179 1310 3273 quod
1333 3201 1413 3250 cum
1430 3180 1564 3253 dudum
1589 3201 1647 3252 se-

243 3303 372 3373 renitas
394 3312 507 3374 nostra
531 3305 748 3377 mandaverit
775 3308 815 3377 R.
844 3305 889 3378 de
913 3305 1061 3376 Calvello
1085 3304 1261 3398 quondam
1286 3303 1469 3395 justitiario
1495 3305 1646 3396 ipsarum

243 3426 407 3520 partium,
417 3426 651 3521 predecessori
664 3441 734 3522 tuo,
748 3440 786 3502 ut
793 3431 888 3524 apud
899 3429 1076 3524 Burgimill
1085 3428 1130 3500 ad
1139 3451 1229 3522 opus
1243 3437 1395 3498 nostrum
1409 3436 1540 3498 tantum
1552 3428 1649 3498 babi-

244 3547 326 3619 tatio
344 3545 441 3621 fieret
457 3572 561 3645 super
573 3555 702 3626 fontem
717 3577 879 3648 magnum
895 3555 956 3648 qui
974 3555 1021 3626 ibi
1039 3561 1103 3642 est,
1122 3562 1156 3625 et
1172 3552 1259 3623 inter
1277 3553 1418 3623 Saccam
1432 3559 1466 3622 et
1478 3551 1648 3644 Agrigen-

244 3679 318 3740 tum
336 3670 371 3740 in
389 3671 531 3746 {lumine
549 3676 664 3747 Sancti
679 3678 841 3771 Stephani
865 3699 969 3771 prope
987 3698 1080 3748 mare
1091 3699 1150 3770 per
1164 3676 1349 3747 miliarium
1363 3676 1475 3746 casale
1491 3675 1587 3748 lieret
1602 3697 1648 3746 ex

245 3793 443 3866 hominibus
457 3795 666 3870 Arcudachii
683 3809 717 3872 et
736 3801 919 3887 Andranii‚
937 3810 971 3872 et
983 3802 1085 3872 etiam
1104 3801 1191 3871 iuter
1206 3798 1432 3890 Agrigentum
1449 3807 1482 3869 et
1499 3800 1649 3870 Licatam

246 3915 340 4008 apud
357 3917 551 3991 Cunianum
569 3923 682 3994 casale
704 3923 799 3994 aliud
819 3922 931 4012 fieret,
948 3945 1028 3995 cum
1048 3925 1144 3996 etad
1164 3935 1279 3995 nostra
1295 3923 1417 3994 solatia
1436 3935 1469 3995 et
1490 3924 1536 3996 ad
1555 3920 1651 3998 curie

246 4050 360 4112 nostre
377 4042 558 4116 commoda
583 4047 763 4140 pervenire
779 4047 957 4138 deberent,
974 4046 1019 4119 de
1035 4048 1086 4120 eis
1101 4069 1161 4140 per
1175 4047 1371 4141 predictum
1391 4049 1567 4141 quondam
1576 4051 1650 4141 jus·
1684 4065 1686 4072 ·

244 4160 408 4234 titiarium
420 4165 527 4237 nicbil
543 4169 655 4239 extitit
670 4169 885 4258 ordinatum3
902 4173 1063 4243 volumus
1072 4180 1106 4242 et
1119 4171 1327 4243 mandamus
1341 4181 1378 4242 ut
1395 4193 1438 4244 ee
1455 4171 1528 4245 fieri
1545 4175 1651 4246 iacias

246 4284 283 4354 in
308 4285 390 4356 locis
417 4287 521 4382 ipsis,
542 4291 632 4362 sicut
654 4294 775 4365 melius
802 4294 930 4367 videris
956 4292 1082 4366 debere
1110 4305 1225 4366 nostro
1254 4295 1395 4366 culmini
1424 4296 1647 4389 complacere.

247 4407 348 4492 Quod
366 4430 449 4483 vero
473 4413 672 4506 significasti
695 4415 812 4491 fideles
830 4429 961 4492 nostros
980 4421 1131 4513 ipsarum
1156 4420 1304 4514 partium
1323 4419 1450 4491 habere
1471 4420 1650 4514 penuriam

246 4542 437 4606 aratrorum
457 4549 594 4632 propter
613 4541 688 4613 loca
704 4542 924 4614 defensarum
942 4555 1134 4615 nostrarum
1157 4543 1193 4613 in
1213 4543 1342 4636 quibus
1361 4564 1430 4614 non
1451 4544 1581 4615 audent
1599 4543 1653 4613 in-

246 4654 377 4744 cidere,
399 4671 538 4755 propter
558 4664 653 4757 quod
676 4665 808 4737 bonum
832 4687 908 4739 esse
935 4667 1100 4760 scripsisti
1129 4675 1168 4738 ut
1191 4675 1303 4738 certus
1319 4667 1416 4738 locus
1435 4666 1560 4759 aliquis
1582 4677 1651 4738 sta·

325 4779 361 4841 V.
1453 4796 1493 4850 sl
