4224 5898
878 615 881 624 .
919 562 1135 624 retonare!
1159 561 1332 624 sactum
1647 557 1726 641 [Aru.
1744 557 1829 620 laea

741 865 1585 880 unm-ffl-

301 1154 358 1239 ¹¹2⁸·
476 1145 555 1230 Hae
579 1147 628 1230 de
652 1172 768 1230 eausa
794 1145 854 1258 (l)
880 1148 1051 1232 Paduam
1078 1147 1190 1230 rediit
1217 1145 1437 1256 imperator.
1464 1145 1617 1230 Feoerat
1642 1153 1771 1226 autem
1794 1153 1832 1226 et

303 1255 347 1295 Μ’
420 1279 462 1360 in
492 1279 625 1362 Padua
655 1280 901 1363 constituerat
934 1279 974 1360 in
1010 1279 1182 1362 kalendis
1218 1279 1336 1362 madii
1366 1277 1579 1388 praeteritis
1614 1275 1831 1386 Tyhaldum

421 1410 666 1494 Franeisoum
683 1412 732 1494 de
749 1411 888 1520 Apulia
904 1419 1130 1520 potestatem
1153 1411 1305 1495 Paduae
1322 1419 1360 1492 et
1383 1407 1621 1518 imperialem
1646 1405 1831 1490 meadum

421 1542 460 1624 in
479 1543 647 1634 Marchia
669 1543 864 1626 TervisIna
889 1543 1113 1652 generaliter
1129 1569 1153 1624 a
1170 1541 1329 1625 flumme
1347 1541 1424 1626 Olii
1447 1567 1570 1650 usque
1588 1539 1826 1621 Tridentum.

422 1674 626 1758 Constituit
642 1684 771 1758 autem
792 1676 927 1760 eodem
944 1699 1074 1758 mense
1092 1673 1308 1785 generalem
1325 1674 1553 1780 exereitum,
1573 1681 1714 1754 etcum
1732 1695 1829 1752 oar-

420 1807 525 1890 meio
546 1807 699 1890 Paduae
724 1808 825 1890 eirea
846 1807 963 1892 finem
987 1807 1159 1917 ejusdem
1182 1806 1326 1889 mensis
1343 1806 1452 1889 duxit
1469 1805 1678 1888 exereitum
1700 1803 1830 1912 ipsum

421 1940 472 2022 ad
492 1940 667 2024 Castrum
684 1940 713 2022 F
714 1941 915 2048 ronchum,
930 1939 1059 2024 locum
1071 1939 1370 2023 Taruisinorum.
1385 1937 1606 2042 Rostrum,
1624 1939 1696 2018 loe.
1716 1963 1825 2044 supr.

422 2071 546 2178 citat,
564 2099 605 2180 p.
627 2073 720 2154 228.

216 2716 394 2824 {magn
473 2699 661 2786 Dominus
685 2701 891 2809 imperator
913 2701 1119 2784 termInum
1145 2700 1249 2784 dedit
1273 2699 1479 2784 Tarvisinis
1502 2702 1607 2809 quod
1632 2702 1831 2810 usquead
1877 2683 1880 2691 ’

246 2827 354 2934 nlfftp
420 2833 503 2916 VIII
521 2833 602 2916 dies
627 2831 677 2915 ad
694 2831 814 2941 ipsius
832 2833 1013 2915 mandata
1030 2833 1214 2917 venirent.
1244 2833 1357 2932 Quod
1375 2858 1464 2916 oum
1481 2831 1606 2916 faeere
1622 2842 1831 2943 oontemp-

421 2967 578 3073 sissent,
598 2965 761 3049 termino
784 2966 1004 3075 praeterito,
1028 2966 1269 3076 privilegium
1291 2965 1396 3049 dedit
1413 2973 1451 3048 et
1475 2966 1588 3049 scribi
1611 2965 1700 3049 lecit
1724 2968 1832 3076 quod

422 3095 628 3206 imperialis
662 3097 841 3206 maiestas
868 3097 1002 3180 videns
1030 3097 1246 3182 Tarvisinos
1269 3096 1430 3180 existere
1457 3107 1720 3204 oontnmaoes,
1748 3097 1833 3180 Pa-

421 3229 571 3312 duanos
593 3253 682 3313 uero
708 3227 881 3313 subditos
905 3238 944 3311 et
963 3227 1112 3336 fideles,
1144 3287 1219 3310 ...
1246 3229 1403 3312 donavit
1426 3253 1472 3312 ex
1497 3227 1684 3337 imperiali
1709 3230 1835 3339 gratia

421 3359 563 3470 populo
589 3361 772 3444 Paduano
791 3361 967 3443 Castrum
996 3359 1213 3443 Franohum
1237 3369 1275 3443 et
1303 3361 1495 3444 civitatem
1519 3360 1678 3444 Tarvisii
1703 3387 1728 3443 a
1753 3360 1836 3444 ssu-

421 3491 527 3575 mine
553 3491 622 3575 Sili
640 3493 755 3598 citra,
780 3491 920 3574 seilicet
939 3517 1071 3577 versus
1094 3492 1288 3598 Paduam,
1315 3517 1439 3602 usque
1461 3494 1512 3574 ad
1533 3517 1652 3576 mare.
1686 3491 1736 3576 Et
1758 3493 1835 3576 hoe

421 3623 663 3734 privilegium
687 3649 803 3706 aurea
829 3621 936 3706 bulla
952 3623 1174 3707 roboratum
1194 3623 1366 3734 Tybaldo
1389 3625 1564 3734 potestati
1586 3623 1739 3708 Paduae
1760 3649 1833 3733 pro

421 3757 543 3866 ipsius
558 3755 719 3842 elvitatis
736 3755 930 3839 eommuni
952 3754 1144 3864 recipienti
1163 3753 1381 3840 solemniter
1397 3754 1451 3838 ibi
1467 3755 1585 3838 dedit.
1605 3755 1829 3862 Romnum,

421 3896 473 3974 oe
508 3890 602 3996 suet.
639 3889 682 3969 io
717 3889 861 3972 March.
905 3887 1068 3998 Tarnis„
1103 3913 1166 3997 ap.
1192 3887 1398 3994 Memnon,
1429 3887 1637 3998 Scriptum,
1663 3897 1693 3970 t.
1720 3886 1829 3994 VIII,

421 4047 462 4130 p.
484 4021 578 4103 229.
601 4020 661 4104 ef.
677 4019 806 4127 vnn,
826 4027 926 4104 Stor.
948 4023 1048 4129 depl.
1069 4019 1229 4126 declinet,
1249 4029 1277 4102 t.
1299 4019 1347 4103 ss.
1367 4045 1409 4128 p.
1434 4021 1524 4103 179.

457 4363 495 4434 (t)
511 4361 619 4420 Seilinot
641 4365 750 4435 propter
765 4359 939 4418 rebolIIonem
953 4359 1153 4418 Tarvismornm
1168 4374 1251 4434 quos,
1268 4359 1334 4418 dum
1349 4358 1496 4433 imperator
1514 4357 1651 4417 Vioeutias
1667 4364 1836 4428 moranum,

421 4457 563 4516 Alberious
575 4458 610 4516 do
623 4457 758 4526 Romano,
771 4457 916 4530 Biaquium
929 4463 957 4514 et
970 4457 1100 4516 wecilm
1112 4458 1147 4514 de
1160 4457 1271 4516 Comiuo
1284 4455 1312 4514 in
1323 4455 1482 4514 seditionem
1495 4455 1703 4528 oonoltaverant,
1721 4455 1837 4530 expulso

421 4555 553 4630 imperiali
565 4561 697 4630 potestate
708 4553 846 4629 caputque
860 4554 1027 4628 imperator-ts
1040 4554 1196 4612 tumoribus.
