4278 5920
247 649 345 707 latum.
363 645 425 721 ll.]
693 637 894 700 tttstottta
914 635 1208 696 btrtottnttcs.
1599 634 1658 696 11³

249 799 349 858 auno
370 773 438 856 XII
459 769 683 881 septembris
706 769 886 852 dominus
911 768 939 850 F
940 767 1131 851 redericus
1158 767 1365 876 imperator
1391 765 1586 848 descendit
1609 768 1659 850 de

250 905 472 991 Alemannis
498 913 536 987 et
561 904 774 1013 hospitatus
800 911 858 986 est
893 903 942 984 ad
968 901 1188 985 Manticum.
1219 899 1362 982 Deinde
1389 898 1457 982 ivit
1490 900 1541 981 ad
1572 898 1658 982 Va-

249 1041 415 1125 caldum.
436 1039 485 1122 Et
503 1038 606 1120 misit
623 1063 694 1147 pro
710 1037 871 1120 llizardo
888 1035 1025 1118 comite
1041 1036 1089 1117 de
1108 1036 1245 1116 Sancto
1259 1033 1453 1114 Bonifatio
1472 1034 1539 1142 qui
1557 1034 1660 1116 uenit

250 1173 297 1254 ad
314 1197 404 1255 eum
432 1197 503 1282 pm
533 1195 625 1280 pace
649 1169 848 1252 tractanda
877 1167 1127 1276 interipsum
1154 1165 1331 1248 comitem
1358 1177 1397 1246 et
1426 1164 1659 1248 Veronenses

249 1305 485 1386 intrinsecos.
525 1302 573 1386 Et
600 1301 700 1385 Xllll
727 1300 951 1410 septembris
987 1299 1249 1408 applicuerunt
1277 1299 1317 1378 in
1346 1296 1519 1379 districtu
1546 1297 1660 1380 blen-

249 1447 365 1520 tnano
383 1447 525 1546 septem
551 1436 671 1518 millia
689 1435 866 1518 Saraceni
885 1433 1069 1544 sagittarii
1093 1431 1200 1514 missi
1226 1433 1274 1514 de
1302 1431 1440 1540 Apulia
1470 1431 1508 1512 in
1538 1430 1658 1541 adju-

247 1569 388 1653 torium
406 1569 551 1652 domini
570 1567 822 1676 imperatoris.
844 1569 966 1649 Pssrs.
988 1593 1034 1646 nn
1054 1563 1213 1672 Caneri,
1230 1563 1400 1646 chronic.
1427 1567 1576 1670 Veron,
1592 1589 1655 1672 ep.

249 1701 453 1810 nsanos,
473 1699 681 1812 scriptor„
700 1711 729 1783 t.
750 1699 852 1808 vlll,
872 1726 912 1810 p.
933 1699 1026 1784 629.

482 1949 510 1962 .-
517 1950 632 1958 --υ
640 1949 821 1960 ...η-...κω
826 1949 842 1956 .-
1294 1947 1389 1955 u--n-
1394 1947 1421 1956 .-

300 2149 533 2258 Fridericus‚
553 2151 812 2234 Romanorum
830 2151 1056 2259 imperator,
1072 2149 1202 2232 scribit
1220 2151 1266 2233 G.
1289 2148 1569 2234 Gonlanonerio
1586 2149 1658 2233 civi
1698 2133 1852 2190 [ΨΜ]

251 2281 411 2390 Brixiae,
432 2284 514 2394 ejus
540 2285 813 2368 commendans
830 2281 1069 2366 devotionern
1088 2297 1125 2364 et
1141 2281 1376 2390 fidelitatem,
1402 2293 1444 2365 ut
1462 2283 1534 2366 sibi
1556 2308 1657 2366 con-

252 2416 434 2498 vcnientia
468 2415 654 2499 exercitus
682 2427 721 2498 et
748 2425 871 2498 totum
899 2415 1137 2524 propositum
1165 2413 1236 2497 sibi
1268 2415 1553 2498 adhaerentium
1587 2416 1657 2498 in-

253 2559 392 2632 stanter
428 2549 578 2632 studeat
606 2549 807 2656 intimare,
836 2573 924 2630 curn
956 2548 1037 2656 ipse
1067 2574 1155 2630 cum
1186 2547 1387 2632 victorioso
1414 2549 1579 2632 exercitu
1610 2549 1659 2632 sit

252 2681 488 2764 transiturus.

328 2858 440 2937 (Edidit
451 2862 547 2922 Fam.
557 2861 663 2938 Hans,
676 2857 792 2922 collect.
804 2877 932 2920 monum
943 2863 998 2920 cet.
1010 2865 1038 2919 et
1046 2865 1168 2938 recent,
1179 2866 1203 2920 t.
1216 2857 1244 2937 1,
1258 2859 1330 2921 Litt.
1341 2861 1435 2939 princ.
1448 2867 1476 2922 ct
1484 2862 1539 2922 vir.
1552 2859 1656 2943 idest,

365 2967 540 3044 n0x1v‚p.
557 2975 742 3028 tlt-tlte
754 2965 939 3036 brunswich,
958 2963 1059 3044 tm.)

296 3115 516 3207 Fredericus,
535 3115 597 3188 Dei
615 3116 724 3207 gretia
740 3115 969 3187 Romanorum
987 3115 1170 3209 imperator
1192 3137 1327 3210 semper
1344 3127 1532 3210 augustus‚
1554 3119 1658 3192 leru-

252 3239 353 3312 salem
370 3248 405 3310 et
422 3239 537 3311 Sicilie
555 3261 639 3327 rex,
659 3239 701 3311 G.
726 3237 978 3311 Gonlanonerio
1001 3239 1070 3309 civi
1092 3237 1225 3327 Brixie,
1253 3237 1377 3312 dilecto
1399 3243 1656 3334 consanguineo

251 3373 282 3434 et
296 3361 389 3434 fideli
416 3385 498 3453 suo,
518 3363 663 3456 gratiam
682 3371 832 3434 suamet
852 3361 1219 3435 bonamvoluntatem.
1240 3361 1383 3435 Litteras
1407 3361 1578 3437 fidelitatis
1599 3377 1657 3440 tue

250 3486 346 3558 solita
363 3487 575 3581 benignitate
599 3487 795 3581 recepimus
812 3494 848 3558 et
871 3507 940 3580 que
960 3485 1181 3558 continebant
1203 3487 1435 3560 intelleximus
1454 3488 1652 3584 diligenter,

251 3611 465 3682 devotionem
479 3620 513 3683 et
528 3607 723 3683 fidelitatem
738 3619 832 3681 tuam
848 3609 882 3680 in
895 3609 1019 3682 nostris
1032 3609 1188 3683 laborare
1200 3610 1349 3684 servitiis
1361 3613 1652 3687 commendantes.

252 3733 351 3820 Quod
369 3745 483 3808 autem
501 3735 548 3808 ad
562 3735 769 3830 presentiam
787 3744 937 3807 ncsbam
951 3734 1070 3806 venire
1084 3733 1261 3808 desideras
1276 3747 1310 3808 et
1323 3757 1392 3810 non
1411 3745 1525 3832 potes,
1543 3739 1654 3834 impe·

252 3859 425 3932 clientibus
441 3859 601 3950 inimicis,
617 3882 688 3932 non
703 3860 874 3933 babemus
889 3869 1098 3955 pergratum.
1118 3861 1168 3931 De
1183 3869 1216 3932 te
1232 3869 1346 3933 tamen
1365 3861 1457 3934 illam
1479 3863 1655 3939 indubita—

251 3992 316 4053 tam
327 3981 490 4055 fiduciam
503 3984 654 4078 gerimus
665 3983 760 4080 quod
773 3983 971 4079 ubicunque
983 3984 1087 4056 lucris
1100 3993 1190 4056 totus
1200 3985 1346 4058 totaliter
1357 3995 1471 4060 noster
1485 4009 1522 4060 ea
1535 3987 1652 4080 surde,

252 4127 403 4200 corpore,
417 4107 542 4180 allecte
560 4109 685 4204 pariter
701 4117 736 4181 et
751 4109 872 4182 effecta
889 4107 935 4180 ad
952 4129 1055 4181 omne
1068 4119 1222 4181 nostrum
1235 4110 1414 4182 servitium
1427 4121 1463 4184 et
1475 4113 1652 4186 bonorem.

252 4229 477 4302 sollicitamus
492 4240 607 4302 tamen
625 4230 844 4327 prudentiam
862 4241 956 4303 tuam
973 4243 1008 4303 et
1029 4241 1196 4326 quantum
1212 4255 1397 4328 possumus
1412 4233 1493 4307 fidei
1512 4245 1570 4309 tue
1585 4247 1657 4309 stu-

253 4351 345 4424 dium
372 4353 565 4428 excitemus
588 4364 759 4448 quatenns
786 4355 1027 4428 convenientia
1051 4356 1223 4428 exercitus
1246 4365 1282 4428 et
1310 4365 1416 4430 totam
1443 4359 1656 4432 voluntatem

252 4496 289 4547 ac
303 4473 518 4572 propositum
536 4477 672 4550 illorum
690 4479 789 4551 nobis
807 4479 970 4551 stantium
988 4477 1035 4573 (a)
1052 4479 1192 4551 studeas
1211 4479 1380 4553 intimare.
1401 4481 1471 4554 Nos
1484 4481 1577 4555 enim
1594 4503 1657 4578 per

289 4639 332 4720 (a)
354 4643 390 4702 ln
403 4644 544 4720 impresso
552 4645 655 4706 clami.
666 4646 801 4706 Forsltan
813 4645 920 4706 alludlt
932 4647 1090 4722 tmperator
1102 4649 1179 4722 pertl
1192 4649 1373 4708 extrinsecae
1383 4649 1501 4710 Brlxiae
1513 4666 1590 4729 quae
1598 4648 1656 4710 slbl

252 4751 279 4806 et
290 4749 414 4836 tmperlo
426 4749 612 4810 adhaerebat.

329 4853 368 4916 V.
1458 4869 1493 4920 15
