4226 5900
205 619 304 676 lunum.
324 609 384 694 ld}
655 605 852 668 HISTORIA
877 599 1168 665 nrruonnrron
1554 599 1611 660 d'll

258 1185 432 1270 Petentes
448 1185 596 1269 litterae
613 1193 651 1268 et
668 1183 981 1292 mandatum-pro
995 1182 1114 1266 Paulo
1132 1191 1170 1265 et
1186 1183 1296 1266 Petro
1310 1183 1358 1266 de
1374 1181 1498 1265 Leone
1515 1207 1616 1264 mer-

202 1319 396 1402 catoribus
413 1319 595 1403 Romanis
612 1318 660 1400 de
679 1316 801 1398 unciis
819 1315 903 1398 euri
925 1315 1100 1400 CXCVIII
1121 1317 1162 1396 in
1184 1341 1336 1398 camera
1359 1315 1561 1426 assignatis
1578 1325 1616 1398 et

202 1451 244 1532 in
262 1451 437 1534 futurum
455 1475 626 1534 mensem
641 1448 808 1558 januarii
827 1448 1077 1534 exsolvendis.

282 1677 413 1760 (Reum.
428 1679 532 1758 imper.
547 1675 666 1738 lltcdcr.
679 1677 718 1744 11,
735 1676 787 1737 tol.
805 1684 841 1737 15
855 1692 956 1750 verso3
969 1679 1002 1736 tn
1013 1676 1082 1738 edlt
1096 1675 1233 1750 Carnem,
1249 1693 1281 1754 p.
1296 1675 1379 1754 ass.)

251 1882 299 1952 De
314 1881 487 1975 imperiali
505 1879 663 1951 modulo
683 1881 772 1972 sacto
784 1899 847 1972 per
862 1879 1059 1969 moqtscrnm
1076 1875 1245 1948 Albesium
1267 1877 1397 1969 scripsit
1415 1877 1457 1948 G.
1483 1879 1523 1949 dc
1544 1879 1612 1949 Cu·

204 2007 315 2076 sentia
331 2003 467 2076 listerus
481 2013 632 2098 patentes
654 2004 692 2073 in
711 2003 797 2073 Iunc
815 2000 970 2072 nwdum:

254 2127 470 2217 Fredericus‚
480 2127 683 2200 ete.Notum
695 2125 839 2198 facimus
850 2124 1126 2218 universisquod
1135 2124 1263 2198 Paulus
1274 2125 1320 2197 de
1332 2126 1444 2198 Leone
1453 2135 1487 2198 et
1496 2126 1616 2198 Petrus

207 2251 379 2326 deLeone
391 2253 527 2342 tratres,
540 2258 743 2322 mercatores
753 2248 899 2338 romani,
911 2247 1032 2320 fideles
1043 2249 1163 2333 nostri,
1174 2251 1617 2344 mutuaveruntetassigna·

204 2385 331 2448 verunt
343 2376 380 2448 in
399 2395 536 2448 camera
555 2387 672 2446 nostra
690 2373 735 2446 de
747 2372 947 2445 Venetianis
965 2373 1093 2464 grossis
1110 2373 1216 2445 libras
1231 2374 1377 2458 XLVIII,
1396 2373 1525 2447 solidos
1539 2377 1616 2448 XIII

205 2506 242 2572 et
258 2497 421 2571 denarios
432 2499 478 2572 Vl
496 2518 559 2594 pro
577 2497 690 2570 unciis
708 2496 784 2568 auri
800 2495 958 2569 CXCVIII
971 2495 1017 2568 ad
1033 2497 1194 2589 generale
1210 2493 1348 2591 pondus
1361 2497 1475 2590 regui,
1491 2497 1538 2570 ad
1553 2521 1617 2572 ra-

204 2621 334 2693 tionem
352 2620 397 2693 de
415 2619 536 2692 solidIs
553 2620 713 2690 Vmiuus
733 2618 875 2690 denarIo
890 2618 905 2690 l
923 2639 986 2711 per
1006 2618 1162 2708 unciam,
1180 2617 1226 2691 de
1247 2619 1376 2712 quibus
1397 2621 1617 2714 promisimus

206 2752 243 2815 ot
258 2743 484 2816 convenimus
505 2743 555 2815 eis
570 2749 610 2814 ut
632 2741 787 2814 Marinus
804 2739 849 2813 de
864 2740 977 2832 Velle,
1000 2738 1154 2830 Angelus
1171 2741 1216 2814 de
1231 2741 1345 2814 Merra
1364 2752 1399 2816 et
1411 2743 1524 2836 judex
1546 2747 1617 2818 Eu·

206 2868 326 2940 frenus
341 2866 502 2940 custodes
517 2865 619 2939 erarii
639 2864 747 2938 nostri
762 2865 949 2938 Salvatoris
964 2863 1011 2938 ad
1030 2885 1125 2938 mare
1139 2863 1258 2938 fideles
1278 2867 1386 2939 nostri
1407 2867 1452 2939 de
1468 2870 1617 2963 pecunia

206 2990 364 3082 ciusdem
379 2991 480 3064 erarii
495 2989 603 3063 nostri
621 3011 691 3083 que
709 2997 763 3061 est
778 3009 842 3084 per
856 3009 981 3060 marrus
998 3009 1079 3062 suas
1091 3010 1156 3084 pro
1171 2996 1269 3084 parte
1287 2989 1383 3063 curie
1400 2999 1517 3064 nostre
1534 3015 1618 3088 pre-

207 3113 319 3187 dictos
337 3121 543 3187 mercatores
562 3114 620 3185 vel
638 3113 783 3184 alterum
800 3131 919 3184 eorum
939 3111 1014 3183 sive
1030 3120 1162 3184 certum
1184 3114 1351 3185 nuncium
1376 3114 1432 3187 vel
1450 3137 1617 3210 procura·

207 3247 316 3312 torem
332 3235 484 3333 ipsorum
504 3257 567 3333 por
580 3243 691 3309 totum
711 3255 865 3308 mensem
879 3235 1030 3326 ianuarii
1048 3235 1208 3330 proximo
1225 3238 1333 3309 loturi
1351 3237 1456 3330 hujus
1470 3241 1547 3312 XIII
1563 3241 1617 3312 in-

208 3360 370 3434 diotIonis
389 3361 465 3434 sine
487 3360 626 3433 delectu
647 3369 683 3433 et
706 3358 907 3432 difficultate
925 3359 1074 3432 debeant
1091 3360 1261 3456 quietare;
1286 3362 1370 3434 etsi
1393 3363 1480 3436 sorte
1501 3365 1617 3460 aliquo

207 3506 290 3558 casu
313 3483 489 3580 predictus
512 3483 692 3557 solutionis
714 3482 883 3555 terminus
908 3484 1082 3574 transiret,
1108 3483 1235 3557 deinde
1261 3485 1298 3556 in
1324 3493 1425 3560 autea
1448 3487 1617 3582 quamdiu

207 3609 333 3682 solutio
348 3607 542 3682 differretur
555 3608 600 3681 de
614 3607 761 3701 siugulis
775 3606 800 3679 C
814 3607 928 3680 unciis
942 3615 1013 3681 tres
1028 3608 1148 3681 uncias
1158 3609 1233 3682 auri
1245 3608 1291 3682 ad
1303 3613 1464 3705 generale
1479 3613 1618 3708 pondus

208 3733 308 3828 regni
324 3753 387 3828 per
404 3751 556 3805 mensem
577 3731 723 3828 predicti
744 3729 906 3804 custodes
927 3732 1027 3805 erarii
1047 3733 1182 3806 solvere
1196 3733 1248 3806 eis
1263 3742 1423 3806 tenentur
1440 3746 1475 3808 et
1491 3735 1618 3810 debent

209 3856 255 3930 de
270 3855 424 3952 predicta
439 3856 586 3952 pecunia
605 3863 721 3928 nostra
738 3876 803 3950 pro
817 3854 980 3950 dampnis
995 3864 1030 3928 et
1046 3856 1227 3946 interesse,
1249 3867 1284 3928 et
1301 3857 1545 3931 nichilominus
1563 3859 1617 3931 iu·

206 3989 303 4074 tegre
317 3987 353 4053 et
369 4001 449 4053 cum
470 3979 565 4053 omui
582 3979 754 4053 eeleritate
770 3980 903 4052 solvere
918 3979 1041 4052 uncias
1063 3979 1291 4076 supradictas.
1310 3981 1365 4056 Ad
1380 3982 1486 4076 hujus
1503 3993 1618 4056 autem

208 4103 259 4178 rei
281 4105 483 4177 memoriam
506 4112 542 4177 et
560 4102 790 4198 predictorum
816 4111 1044 4177 mercatorum
1068 4105 1258 4194 cautelam,
1285 4116 1462 4202 presentes
1484 4108 1619 4181 listerus

209 4227 260 4300 ets
275 4225 370 4318 lieri,
388 4237 423 4300 et
439 4227 551 4322 sigillo
564 4227 752 4320 majestetIs
771 4237 886 4301 nostre
900 4229 1068 4322 jussimus
1083 4229 1300 4302 communiri.

256 4353 384 4424 Datum
401 4353 438 4424 in
463 4351 581 4425 castris
599 4360 680 4424 ante
703 4359 843 4446 pontem
865 4351 1054 4442 Placentie,
1079 4353 1202 4426 ultimo
1224 4353 1373 4426 octobrIs
1387 4352 1450 4450 (a),
1473 4353 1549 4426 Xlll
1566 4353 1620 4424 in·

209 4473 382 4548 dictionis.

253 4693 295 4776 (a)
318 4697 367 4759 Sto
380 4698 412 4757 tn
424 4695 511 4759 tltnlo
519 4716 529 4773 3
544 4703 575 4758 at
587 4699 619 4758 tn
629 4700 712 4757 textu
726 4696 879 4759 XXVIIII.

1655 1197 1709 1242 Into
1718 1203 1806 1254 pontem

1663 1253 1802 1307 Plautia.

1660 1308 1687 1350 81
1696 1307 1801 1352 mouns.
