4226 5900
207 619 306 678 binim.
326 614 390 694 13.]
661 612 856 676 HISTORIA
880 609 1173 674 nlunousulcs.
1557 603 1615 666 451

256 748 477 839 Fredaricns,
497 756 579 838 etc,
597 749 761 842 magistro
778 747 926 822 Iohanni
941 747 986 820 de
1002 748 1126 818 Sancto
1141 743 1324 832 Germano,
1345 749 1412 812 etc.
1429 740 1514 812 Cum
1530 738 1618 811 veli·

209 895 288 944 mus
304 871 400 966 quod
413 893 518 966 super
529 869 676 944 edificiis
687 871 871 944 Cartolarie
882 868 926 965 (t)
936 873 1039 962 juxta
1050 870 1193 940 formam
1206 864 1384 960 pristinam
1398 861 1616 958 procedatur,

210 994 367 1067 fidelitati
389 1004 449 1068 tue
468 993 694 1090 precipiendo
716 991 924 1066 mandamus
949 1001 1122 1086 quatenus
1141 989 1286 1083 receptis
1305 987 1371 1083 hys
1388 986 1515 1059 lictoris
1537 1007 1619 1058 con·

182 1101 190 1110 ’
211 1118 300 1190 feras
315 1127 349 1189 te
362 1117 409 1190 ed
426 1117 568 1209 Urbem,
586 1128 707 1190 ettam
726 1118 762 1189 in
783 1119 877 1189 calce
891 1137 1000 1211 quam
1017 1116 1053 1186 in
1071 1113 1247 1209 lapidibus
1270 1121 1305 1184 ct
1327 1111 1404 1183 aliis
1419 1109 1620 1182 necessariis

212 1240 316 1313 lacius
334 1249 559 1335 apparatum,
579 1249 619 1312 ut
638 1262 743 1335 snper
759 1239 906 1312 edificiis
926 1239 1011 1334 ipsis
1028 1239 1117 1310 sicut
1130 1233 1324 1330 expedierit
1340 1233 1557 1328 procedatur.
1578 1233 1621 1304 Et

212 1386 292 1437 ecee
304 1363 400 1457 quod
415 1362 583 1436 lliecerdo
599 1363 644 1436 de
657 1363 802 1436 Pulcero
816 1361 908 1436 fideli
921 1371 1038 1434 nostro
1053 1361 1164 1456 quiin
1179 1361 1293 1430 locum
1306 1355 1429 1450 Angeli
1446 1357 1492 1430 de
1510 1355 1623 1428 Marsa

211 1487 417 1580 subrogatus
436 1495 505 1578 est,
521 1495 655 1559 nostras
671 1486 806 1559 lioteres
824 1486 1040 1559 destinamus
1056 1493 1095 1555 ut
1110 1482 1157 1556 ad
1174 1481 1431 1575 requisitionem
1449 1488 1544 1550 tuam
1558 1477 1621 1550 tibi

213 1609 258 1682 de
270 1610 417 1704 pecunia
435 1609 531 1682 curie
547 1618 662 1682 nostre
677 1631 746 1704 que
761 1618 813 1681 est
825 1631 888 1704 per
899 1629 1020 1679 manus
1031 1628 1111 1679 suas
1129 1627 1191 1701 pro
1204 1604 1386 1676 relectione
1403 1601 1620 1675 edificiorum

213 1733 365 1826 ipsorum
385 1730 512 1804 debeat
530 1731 696 1804 exhibere
712 1739 747 1803 et
762 1753 784 1804 e
798 1740 832 1803 te
845 1731 988 1825 recipiat
1005 1728 1133 1802 exinde
1148 1727 1351 1823 apodixem.

259 1857 385 1928 Datum
402 1856 438 1926 in
458 1856 577 1928 castris
590 1877 695 1951 prope
710 1855 961 1940 Mediolanum,
981 1855 1045 1927 XV
1062 1853 1231 1940 octobris,
1251 1852 1330 1923 Xlll
1344 1849 1543 1922 indictione.

260 1979 386 2050 Eodem
403 1979 455 2050 dic
469 1979 510 2049 dc
521 1978 632 2050 eodem
646 1978 804 2051 mundato
820 1980 955 2072 scripsit
970 1979 1059 2048 Meet
1076 2002 1086 2046 :

260 2101 469 2194 blidericus,
490 2113 575 2194 eto,
594 2103 636 2176 R.
666 2103 712 2176 de
730 2104 896 2193 Poleam,
919 2112 985 2175 etc.
1012 2101 1103 2186 Quia
1125 2099 1287 2172 volumus
1308 2095 1403 2191 qnod
1421 2096 1458 2166 in
1478 2091 1623 2167 edificiis

212 2225 396 2299 Cartolarie
418 2248 487 2321 que
510 2236 592 2300 sunt
615 2227 651 2298 in
675 2225 767 2298 Urbe
786 2227 889 2320 juxta
914 2226 1058 2298 formam
1080 2223 1259 2320 pristinam
1282 2219 1507 2316 procedatur,
1526 2217 1624 2312 quod

211 2351 376 2443 magistro
387 2351 534 2423 Iohanni
550 2349 595 2422 de
603 2349 729 2422 Sancto
742 2349 910 2422 Germano
923 2349 1055 2421 notario
1073 2356 1107 2420 ct
1121 2345 1215 2420 fideli
1230 2353 1346 2418 nostro
1360 2365 1453 2416 nunc
1466 2343 1503 2414 in
1516 2361 1624 2434 regno

213 2473 378 2566 moranti,
395 2473 441 2546 de
457 2495 520 2546 sua
536 2472 721 2568 prudentia
736 2481 771 2545 st
783 2473 955 2566 legalitate
973 2469 1113 2555 confisi,
1125 2469 1292 2544 duximus
1311 2465 1621 2552 commictendum‚

213 2595 369 2671 fidelitati
387 2605 446 2669 tus
466 2597 690 2692 precipiendo
706 2598 912 2670 mandamus
936 2605 1107 2690 quatenns
1127 2593 1174 2667 ed
1190 2593 1448 2687 requisitionem
1467 2589 1624 2684 ejusdem

212 2720 337 2793 notarii
356 2719 469 2792 fidelis
483 2721 590 2792 nostri
604 2719 650 2794 de
667 2720 815 2816 pecunia
835 2719 930 2792 curie
951 2727 1066 2792 nostre
1085 2739 1156 2812 que
1173 2726 1224 2790 est
1243 2736 1445 2812 parmenus
1462 2723 1539 2786 tues
1561 2734 1625 2809 pro

213 2841 397 2914 resectione
418 2841 632 2914 edificiorum
658 2843 812 2938 ipsorum
833 2841 1063 2915 necessariam
1081 2839 1265 2934 pecuniam
1283 2837 1412 2912 debeas
1434 2836 1622 2927 exhibere,

212 2964 379 3061 recipiens
395 2966 440 3037 ab
458 2967 533 3061 ipso
546 2966 592 3039 de
609 2966 674 3063 bys
690 2967 838 3062 quesibi
857 2966 998 3041 dederis
1010 2964 1212 3062 apodixem.
1407 2949 1410 2956 ’

260 3089 384 3162 Datum
405 3088 604 3199 (utsupra).

434 3382 1402 3396 m———u—--a—m-

236 3713 241 3726 ·
267 3659 446 3748 Mandata
462 3687 532 3770 pro
543 3661 785 3746 Riecardode
803 3660 942 3745 Sancto
961 3661 1150 3745 Germano
1168 3669 1206 3743 et
1221 3658 1392 3743 lobenne
1409 3623 1526 3742 fratre
1541 3657 1624 3768 ejus
1681 3678 1796 3722 uma

216 3805 346 3877 oontm
363 3795 461 3878 duos
479 3794 634 3878 clericos
652 3793 869 3877 nominatos
885 3793 1026 3876 ibidem
1041 3804 1196 3903 propter
1214 3802 1360 3902 spretas
1377 3791 1566 3876 defensus.
1657 3744 1822 3884 diffie&

295 3991 420 4073 (nepae.
436 3993 539 4072 imper.
552 3989 671 4055 Frcdcr.
687 3992 727 4070 11,
740 3993 791 4055 lul.
807 4002 843 4055 lt
857 4009 955 4068 verso3
972 3996 1004 4054 ln
1016 3993 1086 4056 edit.
1101 3993 1237 4073 Curcum,
1249 4011 1281 4072 p.
1297 3991 1382 4073 ²52.)
1473 4055 1477 4064 ,

261 4167 309 4236 Dc
323 4166 482 4239 mnodmo
497 4167 667 4263 imputati
680 4169 769 4260 [octo
779 4190 842 4263 per
853 4166 1002 4260 judicem
1019 4169 1055 4240 Τ.
1076 4168 1116 4240 dc
1134 4167 1252 4242 Suessa
1268 4170 1403 4264 scripsit
1425 4167 1565 4242 Iacobus
1582 4167 1623 4240 dc

213 4290 367 4362 bantra:

261 4411 484 4526 Fredericus,
503 4422 586 4504 etc„
606 4413 773 4488 Riccardo
790 4412 834 4488 de
846 4415 1061 4512 Montenigro
1073 4417 1262 4511 justitiario
1280 4417 1386 4490 Terre
1399 4412 1570 4511 Laboris(
1591 4413 1620 4510 l.

214 4535 365 4610 Veniens
381 4536 428 4610 ad
449 4539 657 4633 presentiam
679 4547 829 4613 nostram
856 4541 1017 4637 magister
1040 4543 1081 4615 R.
1104 4541 1153 4616 dc
1175 4543 1299 4616 Sancto
1322 4540 1489 4614 Germano
1511 4537 1624 4612 fidelis

255 4703 299 4784 (a)
320 4706 389 4767 llaec
403 4707 577 4784 supplentur
588 4723 605 4768 e
618 4711 750 4787 margine
761 4708 881 4770 rodinis.
