4224 5898
213 614 313 674 lunrcr.
333 611 395 688 12]
664 601 865 665 HISTORIA
884 593 1179 659 bretonartca

272 1201 477 1312 Gregorius
490 1225 589 1308 papa
610 1197 831 1282 Albericum
852 1197 900 1279 de
922 1196 1094 1304 Romano
1114 1195 1359 1278 commendat
1377 1196 1482 1304 quod
1500 1203 1632 1278 contra
1690 1209 1723 1305 ῖς

216 1334 453 1417 Eridericum
471 1330 842 1415 excommunicatum
860 1329 1049 1412 Ecclesiae
1067 1327 1301 1434 adhaeserit,
1320 1326 1571 1438 hortaturque
1589 1340 1632 1412 ut

217 1467 258 1549 in
276 1466 471 1576 proposito
489 1491 560 1547 suo
578 1463 737 1545 firmiter
754 1472 978 1571 perseveret.

302 1685 403 1766 (Edid.
418 1687 525 1764 Vmor,
541 1685 622 1747 Stor.
639 1681 716 1765 degli
728 1629 855 1761 nestri,
871 1690 895 1744 t.
908 1683 966 1755 111,
981 1700 1011 1760 p.
1025 1691 1100 1760 rte,
1112 1691 1145 1742 n⁰
1156 1681 1273 1761 CLV,e
1283 1681 1351 1742 llbr.
1367 1691 1385 1742 2
1399 1681 1510 1744 archiv.
1521 1699 1629 1744 eornm.

341 1791 494 1872 Tarvlstl.)

269 1986 471 2080 Gregorius,
498 1987 698 2081 episcopus,
718 2005 840 2057 servus
866 2005 1045 2056 servorum
1071 1984 1150 2072 Dei,
1169 1983 1295 2058 dilecto
1325 1983 1395 2058 lilio
1421 1987 1527 2060 nobili
1558 1989 1633 2063 viro

220 2111 360 2184 dlbrico
376 2111 422 2184 de
438 2110 609 2196 Romano,
631 2110 776 2182 salutem
798 2117 833 2179 et
848 2108 1070 2202 apostolicam
1097 2107 1382 2180 benedictionem.
1411 2110 1497 2184 Cum
1517 2112 1634 2188 Ecde-

219 2235 316 2307 ricus
339 2234 453 2308 dictus
470 2234 655 2330 imperator
671 2234 715 2304 sit
740 2231 1104 2304 excommunicatusa
1132 2231 1248 2322 nohis,
1276 2231 1499 2326 exigentibus
1523 2236 1635 2332 culpis

220 2362 315 2450 snis,
340 2368 375 2432 et
391 2380 455 2431 nos
470 2359 506 2429 in
529 2378 650 2430 omnes
667 2355 753 2428 alios
769 2355 829 2449 qui
847 2355 883 2425 in
899 2355 1051 2428 articulis
1069 2355 1136 2426 illis
1153 2375 1218 2450 pro
1237 2355 1364 2448 quibus
1381 2356 1505 2450 ligatus
1522 2361 1636 2432 extitit

220 2484 276 2556 vel
294 2481 389 2572 aliis,
413 2491 532 2552 contra
555 2481 742 2554 Romanam
762 2479 950 2551 Ecclesiam
966 2478 999 2551 ei
1015 2477 1223 2574 prostiterint
1238 2479 1439 2573 consilium,
1460 2484 1633 2556 auxilium

219 2608 279 2679 vel
304 2607 475 2693 savorem,
500 2603 546 2678 de
564 2603 708 2676 consilio
728 2604 871 2675 fratrum
890 2612 1084 2674 nostrornm
1108 2602 1474 2677 excommunicationis
1491 2615 1634 2680 senten-

220 2731 305 2804 tiam
329 2728 526 2802 solemniter
551 2727 830 2822 promulgantes,
855 2746 977 2798 omnes
1003 2725 1065 2820 qui
1093 2726 1127 2798 ei
1154 2723 1327 2798 fidelitatis
1351 2727 1548 2818 juramento
1575 2740 1635 2805 te-

221 2858 349 2922 nentur
372 2849 418 2920 ah
441 2843 596 2940 ejusdem
619 2844 860 2918 observatione
882 2844 1069 2937 J'uramenti
1093 2844 1312 2917 decrevimus
1340 2846 1534 2941 absolutos,
1557 2849 1635 2924 dis-

222 2971 356 3043 trictins
368 2970 557 3043 inhibendo
569 2991 614 3042 na
628 2968 693 3041 sibi
707 2966 907 3040 fidelitatem
919 2967 1105 3042 observent
1113 2969 1214 3059 Juxta
1227 2968 1411 3041 canonicas
1422 2974 1632 3066 sanctiones3

220 3117 286 3168 nos
307 3095 521 3191 propositum
550 3093 597 3166 ad
617 3093 852 3166 detonsionem
875 3091 1041 3164 catholice
1064 3090 1147 3164 fidei
1171 3101 1206 3164 et
1223 3092 1450 3168 ecclesiastica
1471 3096 1636 3170 libertatis

220 3221 412 3317 presidium
426 3219 488 3292 tibi
504 3219 654 3315 desuper
668 3218 874 3313 inspiratum
893 3217 930 3288 in
948 3217 1093 3288 Domino
1112 3217 1404 3311 commendantes,
1423 3220 1636 3295 nobilitatem

220 3355 318 3418 tuam
333 3365 515 3438 rogamus,
534 3365 715 3417 monemus
734 3351 768 3416 et
793 3342 984 3414 hortamur
995 3349 1123 3412 attente
1141 3359 1204 3434 per
1224 3342 1410 3436 apostolica
1427 3342 1490 3414 tibi
1511 3347 1637 3442 scripta

220 3467 427 3542 mandantes
453 3475 623 3561 quatenus
650 3465 777 3539 virtuto
799 3462 993 3536 constantio
1014 3463 1198 3535 roboratus
1221 3465 1257 3534 in
1281 3466 1454 3560 proposito
1479 3467 1553 3562 ipso
1577 3468 1637 3540 lir-

220 3590 322 3662 miter
345 3611 563 3684 perseveres,
587 3611 730 3662 securns
755 3587 851 3683 qnod
869 3589 906 3659 in
931 3587 974 3658 iis
995 3607 1065 3680 que
1088 3589 1160 3659 lleo
1186 3598 1269 3659 sunt
1290 3590 1414 3683 placita
1441 3591 1534 3664 vires
1559 3603 1637 3666 tuas

221 3713 472 3807 omnipotentis
504 3713 648 3785 dextera
680 3711 889 3785 confortabit
917 3720 952 3784 et
982 3709 1177 3806 Apostolicc
1211 3710 1310 3782 Sedis
1344 3714 1441 3785 lavor
1475 3717 1538 3788 tibi
1567 3737 1636 3790 non

221 3834 354 3926 decrit,
372 3835 433 3907 ubi
448 3834 535 3908 fidos
554 3834 751 3908 detenditur
767 3843 802 3905 ct
818 3855 882 3929 pro
898 3834 1130 3908 ecclesiastice
1144 3833 1299 3908 libertate
1315 3846 1476 3910 certatur.

270 3960 395 4030 Datum
412 3959 584 4048 Laterani,
603 3960 663 4032 Vll
682 3958 763 4032 idus
774 3959 881 4052 jonii,
899 3958 1118 4054 pontificatus
1136 3960 1350 4034 nostrianno
1366 3963 1634 4039 terciodecimo.

270 4082 399 4154 Extant
413 4083 501 4155 aliae
526 4080 682 4174 ejusdem
699 4103 811 4178 popae
829 4083 962 4156 htterae
979 4083 1027 4156 ad
1043 4083 1262 4176 Alhericum,
1281 4083 1409 4178 quibus
1427 4087 1543 4184 ipsum
1557 4111 1636 4162 cum

219 4205 383 4278 omnibns
400 4204 501 4278 bonis
519 4205 596 4298 ejus
614 4205 681 4277 sub
700 4227 764 4278 sua
786 4215 821 4276 et
838 4206 1012 4286 Ecclesiae
1028 4205 1239 4301 protectione
1257 4209 1414 4305 suscipit.

273 4329 349 4398 Dat.
369 4327 546 4414 Laterani,
566 4328 611 4399 tv
629 4327 710 4399 idus
722 4327 826 4420 junii.

272 4448 327 4519 Ad
343 4449 490 4522 eloctum
505 4449 717 4523 Gradcnsem
752 4461 786 4523 et
805 4450 1004 4546 episcopum
1025 4451 1273 4547 castellanum,
1295 4455 1424 4550 quibus
1439 4455 1636 4532 Albericum

220 4573 260 4643 in
280 4594 342 4645 sua
366 4573 577 4667 protectione
600 4583 799 4669 susceptum
825 4575 876 4648 eis
894 4575 1126 4650 commendat.

272 4697 350 4769 Dat.
371 4697 550 4789 Laterani,
576 4698 607 4770 ll
631 4697 710 4770 idus
725 4698 829 4790 junii.

1724 1207 1815 1264 tertul,

1727 1263 1796 1317 JunlL
