4242 5904
199 621 299 682 lrorcr.
317 621 381 698 ll]
648 615 844 676 HISTORIA
869 614 1166 678 praecelleres.
1548 610 1604 670 all

199 754 361 828 culminis
374 751 481 825 nostri
503 773 542 823 sc
560 751 693 823 noverit
708 751 926 822 incursurum
945 759 979 822 ct
997 750 1249 846 qninquaginta
1266 749 1372 820 libres
1394 746 1470 818 auri
1488 747 1607 842 optimi

202 900 264 974 pro
282 899 372 972 pena
397 874 686 970 compositurnm,
712 895 859 968 quarum
884 873 1052 948 medietas
1078 874 1161 947 lisoo
1182 882 1298 946 nostro
1323 883 1357 944 et
1382 871 1516 964 reliqua
1535 891 1609 943 me-

200 1003 313 1076 dietas
330 1001 441 1096 passis
458 997 619 1091 injuriam
637 997 838 1092 applicetur.
858 995 915 1068 Ad
928 996 1033 1088 hujus
1055 998 1171 1092 itaque
1191 995 1411 1091 protectionis
1431 1005 1465 1066 et
1484 991 1608 1066 confir·

200 1125 362 1198 metionis
379 1131 494 1196 nostre
505 1122 705 1193 memoriam
717 1130 752 1192 ct
768 1121 874 1192 robur
890 1131 1056 1216 perpetuo
1067 1121 1272 1207 valiturum,
1288 1139 1429 1215 presens
1442 1117 1609 1210 scriptum

201 1249 275 1322 fieri
295 1258 331 1321 et
347 1247 460 1340 sigillo
474 1243 661 1337 mejestatis
675 1253 789 1316 nostre
798 1245 965 1334 jussimus
983 1245 1201 1318 communiri.

249 1373 361 1464 Hujus
378 1371 427 1443 rei
443 1377 548 1442 testes
563 1375 644 1441 sunt
661 1394 670 1438 ε
690 1369 725 1439 S.
748 1368 985 1460 Magantinus,
1009 1420 1018 1439 .
1039 1422 1047 1438 .
1068 1423 1077 1440 .
1097 1365 1419 1462 Magdeburgensis,
1439 1365 1469 1437 l.
1491 1363 1610 1439 Arela-

203 1497 310 1571 tensis
336 1493 601 1588 archiepiscopi,
637 1491 865 1582 Pataviensis,
893 1491 1120 1580 Missinensis,
1149 1493 1189 1562 B.
1217 1490 1456 1582 Massiliensis,
1486 1491 1528 1562 ll.
1560 1487 1611 1585 (a)

203 1619 406 1714 Baginensis
423 1617 592 1712 episcopi,
610 1615 652 1688 Α.
671 1637 786 1688 comcs
802 1615 1005 1706 Tirolensis,
1024 1637 1139 1688 comes
1154 1615 1288 1688 Ulricus
1306 1613 1352 1688 de
1365 1614 1516 1702 Ultimis,
1537 1635 1610 1686 ma·

204 1745 310 1837 gister
330 1743 449 1816 Petrus
467 1741 513 1814 dc
524 1740 632 1812 Vinea
644 1761 771 1834 magno
787 1739 882 1812 curie
895 1739 1146 1830 nostreJndmr,
1163 1739 1269 1810 etalii
1287 1739 1521 1833 quamplures.

252 1869 377 1939 Dntnm
405 1861 558 1955 Verona,
584 1885 676 1936 enno
703 1862 875 1936 dominice
901 1863 1143 1935 incametionis
1168 1863 1349 1935 millasimo
1377 1861 1612 1934 ducentesimo

204 1991 376 2064 tricesimo
394 1999 535 2080 octavo,
556 2008 674 2060 mense
693 1987 804 2080 junii,
825 1986 1008 2060 undecima
1035 1975 1239 2077 indictione,
1267 1985 1456 2080 imperante
1472 1985 1613 2060 domino

205 2126 324 2188 nostro
340 2113 519 2187 Frederico
544 2111 716 2203 secundo,
739 2111 802 2183 Dei
825 2112 936 2202 gratia
959 2111 1184 2184 invictissimo
1208 2112 1439 2184 llomanorum
1462 2111 1615 2207 impara-

205 2251 278 2313 tore
292 2259 429 2331 semper
443 2245 612 2328 angusto,
629 2236 818 2308 ierusalem
836 2245 872 2307 et
886 2235 1001 2306 Sicilia
1022 2255 1122 2328 rege,
1142 2233 1276 2328 imperii
1290 2234 1365 2325 ejus
1378 2255 1470 2306 anno
1492 2243 1615 2308 octavo

206 2364 360 2452 decimo,
383 2361 480 2452 regni
505 2359 774 2455 lerosolymitani
798 2356 1076 2450 terciodecimo,
1102 2358 1199 2451 regni
1225 2378 1306 2430 vero
1323 2357 1439 2432 Sicilie
1462 2358 1613 2453 qnadra-

206 2487 339 2582 gesimo
356 2485 482 2581 primo,
500 2483 655 2556 feliciter.
674 2483 799 2555 Amen.

258 3071 497 3177 Fridericus,
530 3071 790 3154 Romanorum
826 3071 1050 3180 imperator,
1083 3069 1328 3154 donationem
1364 3071 1618 3155 confirmata

207 3204 414 3288 Wilhelmo
435 3206 484 3287 de
500 3203 697 3312 Wimpine
719 3202 898 3312 hospitali
921 3204 1049 3288 Sancti
1067 3203 1247 3287 iohannis
1265 3203 1456 3314 Baptistae
1475 3203 1618 3286 ibidem
1709 3176 1760 3208 ’Μ

210 3337 349 3422 laetam
374 3340 423 3421 de
445 3337 532 3447 jure
558 3345 782 3446 patronatus
809 3335 987 3419 ecclesiae
1016 3337 1056 3416 in
1084 3337 1189 3420 Flein
1217 3347 1256 3420 et
1284 3337 1333 3420 dc
1363 3336 1470 3420 curia
1500 3363 1619 3448 quem

210 3469 309 3554 idem
327 3471 368 3552 in
386 3469 653 3579 Hupphilbure
669 3469 833 3553 tenebat.

288 3669 413 3749 (lnedlt.
428 3687 467 3730 ex
480 3670 597 3732 duobus
610 3671 839 3750 exemplarlbus,
854 3687 948 3732 unum
961 3674 994 3731 ln
1007 3671 1082 3731 llbro
1096 3672 1294 3746 manuscrlpto
1313 3670 1540 3748 Wnrdtwslnll,
1555 3672 1619 3733 Μο-

325 3776 457 3835 corticea
475 3775 694 3849 Wcrmoticme,
709 3776 769 3836 vol.
785 3777 815 3848 Ι,
830 3777 880 3836 fol.
899 3786 973 3854 268,
987 3794 1036 3854 ep.
1052 3776 1188 3837 Bthltom
1207 3779 1338 3838 univers.
1353 3777 1553 3853 Hadelmrg,
1568 3780 1619 3839 al-

327 3885 423 3941 terum
435 3883 468 3940 ln
477 3881 605 3958 quedam
617 3885 702 3959 cople
714 3899 804 3959 penes
817 3883 856 3944 cl.
870 3885 967 3944 vlmm
981 3883 1090 3946 Steelin
1101 3883 1179 3960 apud
1191 3881 1330 3944 Blblloth.
1346 3883 1617 3962 stuttgartlensem,

327 4001 404 4062 qnae
416 3987 596 4049 Boshmerus
609 3994 639 4048 et
651 3989 714 4065 lpse
726 3990 875 4051 Steellnns
887 3989 1043 4050 noblscum
1057 3990 1214 4050 liberaliter
1227 3992 1544 4070 commumcererunt.)

257 4176 468 4270 Fridericns,
494 4182 555 4252 Dei
579 4183 688 4276 gratie
706 4183 938 4256 Romanorum
961 4183 1144 4278 imperator
1160 4205 1295 4279 semper
1313 4195 1499 4278 augustus,
1518 4187 1620 4258 Jeru-

213 4302 313 4374 salem
329 4303 488 4377 etSicilic
501 4327 579 4376 rex.
604 4306 791 4401 imperialis
810 4308 921 4402 pietas
938 4307 1028 4378 eirca
1047 4305 1215 4380 beneficia
1234 4328 1422 4403 pauperum
1445 4310 1566 4382 merito
1583 4331 1621 4382 se

213 4425 381 4517 concedit,
399 4449 445 4500 ex
464 4449 612 4522 quornm
629 4429 813 4504 donatione
827 4432 930 4502 simul
947 4432 978 4503 ei
993 4441 1027 4502 et
1043 4432 1241 4526 temporalis
1257 4431 1368 4525 gratia
1384 4443 1418 4505 et
1428 4433 1521 4504 salus
1537 4454 1622 4530 pro·

213 4549 306 4620 venit
319 4552 541 4647 sempiterna.
555 4554 627 4625 Hac
637 4554 753 4647 itaque
763 4554 1036 4627 consideratione
1044 4555 1138 4626 docti
1153 4565 1270 4628 tenore
1280 4556 1488 4650 presentium
1501 4566 1621 4629 notum

255 4721 293 4805 (a)
314 4726 424 4788 Melius
436 4727 490 4808 Ill,
505 4745 599 4806 quum
614 4735 686 4790 tunc
700 4734 838 4808 temporis
851 4728 988 4795 Ntcolacs
1001 4737 1123 4794 vocatos
1135 4732 1234 4794 lnsrlt.
