4226 5900
212 597 312 658 Ianicu
330 595 392 674 Ia]
663 593 859 656 HISTORIA
883 593 1176 659 btphouaulca
1460 549 1465 559 ¹
1565 604 1626 666 495

212 739 248 803 et
267 753 358 826 pape
375 730 524 802 subsunt
549 730 704 803 domicio
728 739 763 802 et
785 730 1030 825 quoquomodo
1053 741 1246 826 saqnumm
1274 733 1435 806 eumdem
1461 735 1626 808 lectorem

210 855 406 928 schismatis
426 865 461 926 et
482 855 607 926 erroris
629 855 777 948 presenti
802 855 912 948 grath
936 854 1119 950 denegata.
1138 857 1207 930 Vos
1231 857 1337 949 igitur
1358 858 1409 929 sic
1432 869 1626 952 presentem

211 977 447 1050 munificentie
467 987 583 1050 nostre
601 977 747 1071 gratIam
766 977 813 1050 ad
836 980 1024 1071 majestatis
1048 989 1165 1053 nostre
1186 1001 1385 1076 personam,
1404 981 1570 1054 honorem
1592 993 1627 1055 st

211 1099 413 1174 fidelitatem
439 1110 593 1174 nostram
619 1108 812 1196 respectum
830 1100 998 1174 habentes
1021 1102 1194 1194 debitum,
1222 1105 1336 1176 auimo
1351 1101 1446 1176 fideli
1470 1106 1620 1199 recipite.

210 1224 354 1296 Civibus
380 1223 485 1298 etiam
511 1223 676 1318 Neapolis
704 1223 864 1296 fidelibus
890 1226 1016 1297 nostrIs
1044 1225 1225 1299 decentius
1254 1237 1289 1298 et
1314 1227 1503 1300 modestius
1526 1230 1626 1303 solito

210 1349 420 1439 convivetis,
448 1358 551 1421 utet
578 1347 676 1421 vobis
705 1347 806 1420 cedat
832 1347 878 1420 ad
908 1350 1128 1423 commodam
1154 1360 1190 1422 et
1215 1351 1406 1445 profectum
1433 1352 1506 1424 voti
1528 1352 1625 1447 quod

209 1474 341 1565 geritis,
362 1482 397 1544 et
409 1493 472 1545 nos
488 1480 558 1545 tam
575 1471 620 1544 de
636 1470 706 1545 fide
720 1481 836 1544 vestra
851 1493 934 1565 erga
949 1483 1099 1545 nostram
1116 1474 1376 1566 excellentiam,
1396 1497 1502 1568 quem
1520 1478 1624 1550 etiam

209 1597 254 1672 de
275 1617 440 1692 processu
467 1615 509 1668 ao
535 1597 749 1668 incremento
775 1595 881 1668 studii
904 1617 968 1691 per
992 1597 1151 1670 ellectum
1176 1599 1289 1693 opeds
1316 1609 1351 1671 et
1376 1599 1624 1674 exhibitionem

209 1719 404 1793 devotionis
420 1730 455 1792 et
472 1718 554 1792 fidei
566 1719 687 1790 merito
706 1717 935 1812 gaudeamus.

255 1843 382 1916 Datum
393 1841 491 1937 apud
507 1841 680 1932 Laudem,
698 1842 776 1912 XIV
795 1842 1014 1933 novembris,
1034 1843 1112 1915 XIII
1131 1843 1343 1916 indIctionis.

256 1968 342 2038 Item
357 1965 468 2037 eodem
479 1966 535 2037 dic
551 1966 591 2036 de
606 1965 715 2035 eodem
724 1965 883 2036 mundato
900 1967 1032 2059 scripsit
1046 1965 1134 2038 idem
1151 1993 1161 2035 :

256 2090 479 2180 FrederIcus,
503 2099 587 2182 etc,
611 2087 752 2162 Andrce
776 2088 822 2162 de
842 2089 975 2182 Cicala,
1003 2099 1068 2162 eto.
1093 2090 1178 2162 Cum
1200 2091 1311 2162 scolas
1335 2089 1371 2161 in
1397 2090 1482 2162 urbe
1506 2102 1623 2166 nostra

207 2213 368 2307 Neapolis
381 2211 517 2285 dudum
531 2208 761 2284 indixerimus
773 2213 951 2305 generales
967 2233 1009 2284 ac
1027 2222 1167 2308 propter
1181 2212 1349 2308 presentis
1362 2213 1524 2307 temporis
1540 2236 1624 2308 qua·

207 2334 339 2407 litatem
351 2333 491 2407 easdem
508 2333 651 2406 dissolvi
662 2334 956 2426 mandaverimus,
969 2357 1014 2408 ne
1026 2344 1241 2430 tamenopus
1251 2358 1417 2407 manuum
1427 2346 1622 2410 nostrarum

206 2459 384 2532 laudabile
401 2459 540 2554 penitus
559 2459 747 2554 deperiret,
766 2459 812 2532 ad
834 2459 1103 2555 supplicationes
1123 2460 1364 2552 magistrorum
1384 2470 1419 2530 et
1436 2461 1621 2533 scolarium

206 2582 367 2676 Neapolis
389 2602 455 2653 nec
479 2583 593 2654 miuus
617 2602 679 2675 pro
701 2580 884 2654 commodo
914 2591 1108 2655 nostrorum
1135 2581 1289 2654 fidelium
1311 2582 1479 2655 celsitudo
1505 2593 1621 2658 nostra

207 2705 359 2800 providit
382 2703 430 2778 ad
456 2725 599 2801 presens
623 2713 663 2776 ut
685 2704 848 2776 omnibus
873 2701 1034 2778 fidelibus
1062 2705 1188 2776 nostris
1218 2725 1405 2796 regnorum
1428 2715 1620 2778 nostrorum

206 2829 393 2908 Jerusalem
413 2837 448 2902 et
464 2829 577 2901 Sicilie
593 2827 638 2900 ad
652 2829 762 2900 scolas
778 2827 949 2924 predictas
964 2829 1079 2901 licitus
1097 2830 1142 2900 sit
1153 2850 1314 2903 accessus
1326 2839 1360 2900 et
1376 2851 1484 2902 mora.
1504 2831 1621 2904 Ultra·-

206 2961 390 3026 montanos
405 2954 509 3025 etlam
522 2961 556 3024 et
573 2952 708 3024 Italicos
723 2951 769 3024 de
786 2953 884 3024 terris
901 2974 970 3046 que
988 2952 1089 3024 noble
1105 2961 1140 3024 et
1156 2952 1300 3046 Imperio
1316 2952 1527 3026 famulantur
1541 2975 1620 3048 pre·

205 3076 295 3150 senti
313 3076 423 3170 gratia
442 3084 556 3148 nostra
572 3074 726 3168 gaudere
743 3075 906 3147 volumus
922 3075 1084 3148 studendi
1103 3076 1213 3168 gratia
1227 3075 1407 3170 Neapolim
1423 3077 1616 3164 venientes,

204 3199 532 3290 Mediolanensibus,
547 3198 800 3290 Brixiensibus,
819 3199 1038 3287 Placentinis,
1052 3197 1311 3290 Alexandrinis,
1327 3196 1615 3293 Bononiensibus,

203 3321 418 3410 Faventiuis,
442 3322 700 3394 Rauennatibus
723 3343 766 3393 ac
787 3321 980 3394 Trevesinis
1001 3321 1176 3393 nostriset
1193 3321 1326 3416 imperii
1349 3321 1535 3396 rebellibus
1554 3345 1618 3396 ex-

203 3446 312 3541 ceptis
325 3445 477 3537 omniuo,
493 3445 622 3539 quibus
634 3465 771 3516 omnem
786 3453 937 3516 nostram
951 3444 1095 3538 gratiam
1111 3441 1338 3535 denegamus.
1351 3445 1469 3516 Tuscis
1484 3455 1614 3535 autem,

201 3569 435 3643 MarchesanIs
456 3569 670 3642 et'omuibus
688 3568 733 3641 de
754 3569 885 3642 ducatu
905 3568 1033 3664 Spoleti
1051 3577 1086 3640 et
1102 3567 1205 3642 etiam
1226 3567 1445 3664 Campaninis
1460 3568 1505 3642 de
1517 3571 1616 3643 terris

201 3692 269 3764 illis
283 3714 353 3786 qne
365 3695 407 3764 Η.
425 3691 497 3765 fillo
511 3701 628 3766 nostro
645 3693 717 3786 regi
732 3692 892 3764 Turrium
907 3702 940 3763 et
961 3691 1114 3778 Gallure,
1133 3700 1216 3783 etc,
1232 3690 1377 3764 fideliter
1389 3691 1612 3786 adheserunt,

201 3815 269 3887 hoc
282 3817 387 3889 etiem
404 3816 508 3888 licere
526 3816 689 3888 volumus
707 3815 904 3887 volentibus
925 3814 1121 3887 studiorum
1133 3815 1293 3909 Neapolis
1314 3815 1430 3890 limina
1453 3817 1612 3910 visitare,

201 3939 269 4011 illis
291 3940 454 4012 omnibus
480 3940 542 4033 qui
570 3938 685 4012 eidem
711 3937 896 4011 infideliter
922 3940 1120 4011 restiterunt
1150 3949 1185 4010 et
1217 3959 1342 4034 papam
1368 3941 1615 4035 quoquomodo

201 4071 395 4158 sequuntur
408 4065 572 4136 factorem
586 4063 779 4136 schismatis
794 4063 966 4136 eterrorls
975 4062 1124 4157 presenti
1136 4062 1246 4157 gratier
1263 4061 1447 4156 denegate.
1472 4063 1478 4160 Ι
1500 4065 1615 4151 Quare
1640 4081 1687 4128 1²01·
1696 4085 1722 4126 21
1732 4089 1799 4128 neto,

200 4185 358 4260 fidelitati
370 4195 429 4258 tue
442 4185 666 4281 precipiendo
682 4184 892 4257 mandamus
910 4193 1081 4278 quatenns
1094 4185 1199 4275 juxta
1215 4184 1448 4279 provisIouem
1464 4197 1499 4259 et
1510 4209 1614 4258 man-

200 4309 321 4383 datum
335 4319 490 4382 nostrum
500 4309 693 4404 predictum
709 4308 884 4381 studiosus
900 4317 934 4380 et
948 4307 1113 4380 sollicitus
1130 4307 1297 4396 existens,
1312 4308 1459 4382 scolares
1475 4309 1521 4381 ad
1538 4332 1614 4405 pre·

200 4432 311 4504 latum
329 4429 483 4503 studium
504 4430 682 4504 venientes
705 4429 801 4502 etad
819 4429 986 4516 honorem
1001 4437 1035 4502 et
1051 4427 1252 4501 fidelitatem
1273 4439 1422 4502 nostram
1441 4441 1614 4504 morantes

200 4554 330 4628 ibidem
355 4563 472 4627 contra
497 4553 731 4626 immunitates
758 4562 793 4624 et
817 4552 1000 4648 privilegia
1024 4561 1140 4624 nostra
1158 4553 1242 4646 ipsis
1265 4551 1400 4625 dudum
1425 4553 1560 4628 indulta
1578 4556 1614 4626 in

200 4697 325 4772 regno,
347 4699 417 4750 non
442 4677 625 4772 permiotas
650 4677 696 4748 ab
721 4677 924 4750 officialibus
948 4677 1074 4749 nostris
1096 4677 1132 4747 in
1157 4677 1276 4770 aliquo
1295 4687 1422 4749 temere
1439 4687 1473 4750 et
1495 4689 1614 4752 contra
