4226 5900
196 575 296 637 lunata.
313 569 373 656 13.]
647 575 843 637 HISTORIA
868 579 1161 646 nlltotttlttca.
1185 669 1187 676 Ι
1541 577 1601 639 489

195 707 241 780 ad
266 707 468 781 mandatum
493 707 619 780 summi
645 709 815 804 pontificis
842 715 897 786 vel
921 714 1072 790 Ecclesie
1099 719 1250 791 Romano
1275 714 1518 788 Lombardiam
1541 734 1603 786 seu

197 831 326 903 ltaliam
349 832 405 903 val
426 849 570 919 regnum
592 830 732 926 Apulia,
753 856 900 928 quorum
918 839 1083 934 militum}
1093 841 1237 934 quilibet
1260 838 1400 910 babebit
1415 840 1446 910 V
1463 837 1605 931 equita-

198 965 291 1026 turas
305 953 350 1028 ad
362 953 476 1026 minus
487 963 522 1027 et
536 955 682 1048 quilibet
698 957 951 1034 balistariorum
970 963 1027 1054 lv,
1047 963 1174 1037 sedatis
1192 961 1373 1036 discordiis
1388 959 1605 1055 interipsum

198 1097 245 1147 ax
258 1097 329 1147 una
345 1086 441 1169 parto
459 1086 494 1150 ct
506 1079 666 1150 comitem
681 1081 887 1154 Tolosanum
904 1107 950 1156 ax
967 1088 1092 1176 altera,
1116 1108 1178 1182 pro
1195 1109 1233 1158 se
1250 1095 1285 1157 et
1304 1085 1403 1156 terris
1417 1103 1504 1177 quas
1519 1103 1606 1176 pos-

199 1197 308 1288 sidet,
330 1200 417 1270 intar
435 1222 523 1294 quas
539 1201 763 1294 intelligimus
780 1206 965 1280 Massiliam
987 1219 1021 1280 ot
1039 1210 1279 1282 Venossinum.
1299 1208 1335 1280 Si
1357 1227 1439 1278 vero
1463 1206 1605 1279 Asinio·

199 1343 326 1396 nenses
340 1345 419 1394 cnm
433 1324 557 1396 comite
571 1325 721 1398 Berardo
737 1328 790 1399 rol
805 1330 890 1419 alio,
912 1333 986 1404 loco
1001 1335 1093 1424 ojus,
1115 1333 1235 1404 nuntio
1256 1329 1425 1403 Frederici
1443 1327 1523 1401 dicti
1539 1330 1607 1400 im-

199 1446 368 1540 peratoris
381 1456 512 1518 tantum
533 1447 605 1543 (sic)
622 1460 800 1522 moverent
816 1463 850 1524 et
873 1475 1051 1546 guerram,
1070 1455 1167 1548 quod
1185 1453 1360 1526 videretur
1375 1453 1608 1548 periculosum

201 1569 298 1642 exire
312 1579 436 1642 terram
450 1593 562 1660 suam,
575 1593 645 1644 non
658 1582 813 1646 tencatur
826 1575 876 1646 ire
890 1576 925 1646 in
938 1578 1075 1671 pmpria
1084 1597 1242 1670 persona,
1255 1576 1317 1648 scd
1331 1577 1441 1647 mittet
1455 1574 1610 1670 predicto

202 1694 306 1767 modo
317 1695 381 1764 XX
397 1695 521 1767 milites
533 1703 568 1766 ct
581 1694 614 1766 X
626 1696 830 1770 balistarios.
850 1699 952 1782 Quod
970 1701 998 1772 si
1015 1700 1145 1771 civitati
1161 1698 1383 1772 Avinionensi
1400 1701 1475 1770 sive
1489 1699 1610 1772 nuntio

203 1817 418 1912 imperatoris
438 1827 590 1890 moveret
602 1841 774 1912 guerram,
793 1822 903 1893 mittet
919 1823 978 1893 XL
996 1823 1121 1894 milites
1135 1823 1214 1894 ctX
1228 1821 1433 1910 balistarios,
1449 1832 1489 1892 ut
1505 1843 1611 1916 supra

203 1936 335 2011 dictum
353 1949 421 2028 cst,
438 1949 472 2012 ct
484 1940 514 2014 si
533 1942 712 2014 commode
729 1945 871 2038 poterit,
889 1944 953 2015 ibit
967 1945 1044 2016 ou'm
1064 1945 1114 2017 eis
1132 1955 1166 2016 st
1183 1955 1283 2017 erunt
1301 1966 1369 2016 una
1387 1944 1463 2016 vice
1478 1953 1610 2014 tantum

205 2083 268 2136 sex
294 2064 469 2136 mensibus
494 2064 529 2136 in
550 2065 790 2159 expeditione,
811 2067 952 2160 qnando
975 2067 1039 2138 ibit
1064 2070 1138 2163 ipss
1165 2069 1200 2138 in
1227 2067 1362 2161 propria
1385 2087 1531 2160 persona
1556 2066 1611 2138 vol

206 2186 348 2280 quando
360 2187 482 2277 mittet,
500 2209 569 2260 non
583 2197 778 2284 computato
791 2198 943 2284 temporo
956 2212 1026 2285 qno
1039 2191 1138 2263 ibunt
1148 2200 1182 2263 et
1194 2190 1368 2287 redibunt.
1386 2190 1428 2260 Et
1440 2199 1490 2261 est
1502 2189 1612 2262 scien·

206 2309 291 2383 dum
309 2312 406 2404 quod
423 2311 498 2384 sive
512 2310 626 2384 dictus
644 2331 758 2384 comes
771 2312 875 2384 vadat
889 2313 925 2384 in
941 2315 1080 2408 propria
1090 2335 1240 2408 persona
1251 2314 1326 2387 sive
1340 2313 1464 2404 mittat,
1482 2323 1519 2384 nt
1534 2333 1611 2406 pre·

207 2431 338 2506 dictum
355 2445 423 2526 est,
444 2435 585 2508 babebit
603 2448 670 2508 tres
691 2457 825 2508 mensos
843 2437 1093 2531 computandos
1113 2459 1133 2509 a
1150 2437 1207 2509 dis
1225 2457 1295 2530 quo
1312 2437 1414 2506 luerit
1429 2435 1613 2529 requisitus

207 2579 228 2628 a
245 2557 386 2630 domino
410 2580 496 2653 papa
515 2558 572 2630 vel
587 2559 740 2630 Ecclesia
758 2558 804 2631 ad
824 2558 1016 2654 parandum
1035 2581 1090 2648 sc,
1111 2560 1199 2632 infra
1217 2580 1306 2653 quos
1321 2559 1486 2654 arripient
1501 2558 1564 2631 iter
1581 2568 1616 2631 et

207 2680 300 2753 bona
314 2679 384 2754 lide
399 2689 648 2777 persequentur
664 2680 678 2777 (
701 2681 728 2778 ).

257 2804 382 2876 Actum
397 2803 525 2899 Aquis,
542 2805 760 2900 presentibus
777 2806 821 2878 iis
836 2806 997 2899 testibus,
1018 2804 1181 2880 videlicet
1194 2805 1357 2896 magistro
1368 2807 1486 2880 Hoeno
1503 2805 1617 2878 arohi-

209 2927 398 3021 prosbitero
416 2929 634 3020 Bononiensi,
649 2929 812 3024 magistro
824 2929 979 3004 Tcduldo
994 2928 1086 3004 dioto
1099 2929 1320 3023 Viocoomito,
1336 2929 1499 3024 magistro
1512 2931 1619 3003 Paulo

210 3051 256 3124 de
274 3033 399 3124 Sancto
423 3052 519 3125 Helia
544 3061 578 3124 et
598 3054 761 3147 magistro
787 3053 942 3128 Cardono
959 3054 1143 3148 capellanis
1160 3053 1369 3126 venerabilis
1390 3054 1496 3148 patris
1517 3055 1549 3126 J.
1567 3052 1619 3148 (o)

210 3174 480 3246 Pnenastinensis
504 3174 655 3270 episcopi
679 3175 886 3270 supradicti3
913 3185 998 3249 teste
1021 3178 1149 3249 Romeo
1173 3177 1291 3249 llamlo
1315 3175 1462 3270 predicti
1487 3178 1620 3251 comitis

209 3298 408 3390 Provincis,
424 3309 490 3372 otc.

883 3487 1383 3502 “w-

268 3687 488 3772 unaarum
519 3688 569 3769 aa
598 3687 765 3796 jannem
795 3625 1012 3797 Philippum
1041 3688 1090 3770 ue
1117 3687 1260 3770 aversa
1290 3689 1395 3795 quon
1422 3687 1622 3798 lyncum
1714 3703 1755 3788 ,a

216 3819 264 3902 de
281 3819 449 3902 bassano
466 3819 744 3930 quinquaginta
765 3820 898 3902 uncias
916 3820 999 3903 auri
1017 3821 1065 3902 do
1082 3819 1243 3928 pecunia
1266 3819 1393 3903 curiae
1416 3819 1618 3929 persolvat.

296 3999 424 4079 (licoat.
439 3999 543 4078 imper.
559 3996 678 4060 Freder.
694 4000 734 4076 11,
748 3999 798 4062 iol.
815 4001 1013 4075 taverso31n
1027 3999 1098 4060 adit.
1114 3999 1252 4075 Curcum,
1266 4017 1298 4078 p.
1314 3997 1398 4080 262.)

258 4143 302 4226 (a)
322 4147 359 4208 ln
371 4149 513 4225 impresso
526 4148 603 4210 male
616 4147 651 4210 S.

456 4299 687 4309 ...a-..q--n—

254 4368 289 4442 (l)
307 4369 391 4427 Adest
410 4371 438 4426 in
458 4377 563 4444 regesto
576 4370 697 4444 Gregorii
716 4370 765 4441 lX,
781 4385 843 4428 ann.
861 4370 939 4442 xm,
960 4369 1071 4444 epistola
1087 4370 1149 4428 data
1168 4368 1304 4440 Laterani,
1324 4373 1420 4442 quarto
1438 4367 1499 4426 idus
1511 4367 1626 4440 ianuarii

221 4467 264 4540 (ro
274 4467 378 4539 januar.
393 4467 488 4540 titul,
503 4484 557 4541 qua
570 4468 695 4542 episcopo
710 4468 867 4524 Prenestino
878 4467 989 4524 mandat
1003 4473 1034 4523 ut
1047 4466 1194 4524 Arelatensi
1206 4466 1404 4539 achiepiscopo
1421 4471 1449 4522 et
1460 4465 1551 4522 comiti
1562 4465 1625 4522 Pro·

220 4562 323 4621 mucias
332 4563 379 4636 qui
392 4562 510 4638 pontifici
520 4564 649 4622 advorsus
658 4563 829 4622 Prodericum
838 4563 1025 4637 imperatorem
1037 4562 1231 4632 subvenerunt,
1243 4563 1301 4636 ipsc
1310 4561 1346 4618 de
1355 4560 1469 4634 pecunia
1478 4575 1543 4618 suae
1553 4559 1626 4632 laga-

221 4660 301 4718 tionis
314 4661 463 4734 provideat.
478 4662 619 4721 Memorat.
634 4678 677 4736 ap.
688 4663 840 4734 Rursum,
853 4660 950 4719 Amol.
964 4659 1076 4733 Bootes,
1090 4660 1125 4718 ad
1137 4676 1200 4718 ann.
1214 4662 1294 4731 ltlt,
1307 4657 1396 4733 gxii.

299 4758 338 4820 V.
1429 4765 1466 4819 Μ
