4246 5906
189 613 287 674 tannen.
307 609 367 694 la]
635 608 832 670 tllsuoltlll
859 603 1152 668 ull’toltrtl'lcn.
1541 594 1597 656 561

188 747 250 818 tibi
268 745 440 838 assignet,
460 743 646 816 castellano
665 744 796 816 Theani
813 743 938 817 damus
953 741 1077 814 nostris
1094 737 1220 811 licteris
1235 735 1272 807 in
1293 730 1475 806 mandatis.
1498 727 1600 816 Quod

189 879 339 943 uestrum
363 888 443 942 cum
464 865 643 961 diligentia
666 867 783 941 debita
802 867 849 940 ad
865 868 1029 940 honorem
1046 873 1081 937 et
1103 861 1301 934 fidelitatem
1322 864 1472 930 nostram
1496 852 1601 925 lacias

189 991 374 1075 custodiri,
391 991 744 1085 cumexpensistnis.
866 1016 870 1035 ·

237 1116 362 1188 Datum
377 1113 470 1208 apud
483 1115 687 1202 Serzanum,
706 1115 769 1186 XV
783 1113 991 1202 decembris,
1010 1111 1087 1184 Xlll
1107 1105 1316 1180 indictionis.

239 1243 323 1310 ltcm
339 1239 379 1310 de
396 1238 507 1309 eodem
524 1237 682 1310 mudule
694 1240 828 1331 scripsit
843 1233 957 1335 [idern]
975 1257 983 1302 :

239 1363 457 1453 Fredericus,
473 1372 556 1453 ete,
571 1362 612 1434 G.
631 1361 702 1436 lilio
720 1361 894 1436 Laurentii
908 1360 953 1434 de
969 1361 1094 1432 Suessa
1110 1355 1275 1452 provisori
1294 1361 1483 1426 castrorum
1500 1351 1601 1422 Terre

189 1485 352 1576 Laboris,
370 1495 435 1558 etc.
453 1486 542 1572 Quia
561 1486 768 1581 beneplaciti
785 1484 893 1558 nostri
912 1493 963 1557 est
978 1481 1058 1555 utC
1077 1481 1264 1555 servientes
1284 1476 1439 1572 deputati
1457 1474 1502 1547 ad
1521 1495 1599 1546 cns-

189 1610 322 1684 todiam
342 1609 468 1682 montis
492 1609 626 1698 Casini,
644 1618 679 1682 et
700 1610 749 1680 illi
768 1609 828 1704 qui
849 1618 931 1680 snnt
955 1608 991 1680 in
1013 1604 1170 1680 custodia
1190 1601 1428 1686 Pontisenrvi,
1448 1598 1494 1672 de
1516 1617 1600 1692 pro-

191 1731 354 1806 ventibus
376 1734 573 1804 monasterii
598 1732 792 1806 Casinensis
815 1754 878 1829 pro
901 1731 1066 1818 dimidio,
1087 1739 1122 1803 at
1139 1729 1184 1802 de
1205 1727 1351 1824 pecunia
1373 1725 1471 1798 curie
1486 1733 1601 1795 nostre

191 1855 339 1951 proelio
357 1855 504 1928 dimidio
517 1857 646 1930 habere
664 1857 814 1930 debeant
831 1857 959 1930 solidos
976 1865 1011 1930 et
1030 1875 1218 1950 expensas,
1234 1849 1389 1923 fidelitati
1412 1857 1471 1920 tue
1489 1846 1599 1941 preci·

193 1979 322 2074 piendo
343 1979 549 2053 mandamns
568 1989 741 2076 quatenus
759 1979 804 2054 de
824 1981 973 2076 pecunia
993 1979 1089 2052 curie
1110 1985 1225 2050 nostre
1243 1995 1313 2069 qne
1329 1982 1381 2045 est
1398 1995 1460 2067 per
1476 1991 1600 2044 manus

192 2115 288 2192 tuas,
314 2104 546 2177 servientibus
562 2105 646 2200 ipsis
664 2106 799 2176 statutis
823 2107 858 2174 in
878 2103 1113 2176 Monteuasino
1127 2111 1161 2174 et
1179 2103 1395 2173 Pontecurvo
1412 2115 1474 2191 pru
1494 2093 1600 2166 dimi-

191 2226 251 2300 dio
266 2248 439 2322 expensas
451 2237 486 2299 et
503 2227 632 2301 solidos
644 2227 774 2301 debeas
786 2227 988 2300 ministrare.

239 2353 365 2424 Datum
382 2346 433 2447 [ut
450 2349 582 2450 supra}

238 2476 352 2545 Item:
415 2485 420 2494 “

240 2597 454 2687 Fredericns,
473 2607 556 2688 etc,
567 2597 759 2692 justitiariis
772 2598 883 2692 regni,
900 2607 965 2670 etc.
985 2597 1069 2669 Cum
1084 2604 1196 2669 castra
1209 2603 1325 2667 nostra
1342 2607 1377 2667 et
1393 2593 1603 2666 munitiones

193 2721 239 2796 de
259 2718 417 2794 confiniis
435 2721 533 2814 regni
553 2722 659 2794 nostri
680 2721 826 2794 velimus
847 2721 1011 2795 custodiri
1033 2743 1095 2816 per
1117 2717 1308 2793 servientes
1329 2715 1448 2790 fideles
1469 2727 1603 2790 nostros

192 2846 254 2941 qui
270 2845 436 2918 duxerint
449 2847 617 2938 originem
635 2847 670 2918 in
690 2849 844 2942 partibus
858 2848 996 2920 remotis
1008 2848 1052 2920 ab
1069 2846 1136 2918 illis
1149 2845 1277 2940 quibus
1296 2853 1407 2916 castra
1424 2853 1504 2914 sunt
1516 2843 1599 2930 sita,
1646 2899 1649 2906 .

192 2979 227 3042 et
239 2968 520 3044 mandaverimus
538 2972 582 3044 Α.
600 2969 646 3044 de
658 2971 784 3063 Cicala,
803 2981 887 3062 etc,
905 2979 945 3043 ut
959 2971 1148 3044 servientes
1167 2970 1213 3043 ad
1227 2967 1457 3041 munitionum
1470 2975 1602 3039 nostra·

193 3115 272 3166 mm
287 3093 420 3166 illarum
438 3094 588 3188 partium
604 3096 798 3168 custodiam
814 3094 1051 3190 deputandos,
1070 3115 1132 3188 per
1146 3102 1260 3189 partes
1276 3093 1376 3184 regui
1389 3099 1538 3164 remotas
1555 3091 1602 3163 ab

193 3217 260 3288 illis
281 3217 409 3310 quibns
435 3225 547 3290 casua
570 3227 653 3290 sunt
676 3219 741 3291 sita
764 3219 865 3292 iaciat
882 3219 1037 3309 evocari,
1060 3217 1216 3292 fidelitati
1242 3225 1356 3290 vestre
1378 3215 1602 3312 precipiendo

193 3340 403 3415 mandamns
428 3350 601 3435 qnatenus
623 3342 671 3414 nd
691 3343 948 3436 requisitionem
977 3342 1122 3437 predicti
1147 3341 1317 3438 capitanei
1340 3349 1389 3412 tot
1414 3340 1603 3413 servientes

194 3473 313 3558 quota
328 3463 429 3537 vobis
449 3463 593 3538 duxerit
612 3467 855 3559 requirendos,
877 3465 1013 3555 fidelos,
1032 3465 1078 3538 de
1096 3464 1249 3537 fidelium
1267 3485 1393 3556 genere
1408 3477 1517 3552 ortos,
1541 3461 1602 3557 qui

195 3589 315 3660 tratres
328 3610 390 3661 sen
401 3587 488 3662 lilios
500 3600 535 3662 et
546 3591 821 3683 consanguineos
839 3590 1003 3678 babeant,
1019 3587 1228 3661 adeundum
1244 3589 1386 3660 mistero
1400 3589 1599 3680 procuretis,

195 3712 395 3786 statuendos
412 3711 457 3785 ad
474 3712 666 3786 custodiam
685 3713 921 3813 municionum
939 3714 1110 3806 ipsarum,
1129 3720 1231 3806 prout
1252 3711 1326 3806 ipse
1348 3709 1473 3783 viderit
1493 3732 1602 3806 expe·

197 3833 292 3926 dire;
308 3837 364 3906 cni
383 3835 544 3908 dedimus
561 3837 595 3908 in
615 3836 788 3909 mandatis
803 3847 842 3908 nt
862 3836 1003 3909 cuilibet
1017 3836 1241 3909 servientium
1259 3835 1412 3928 ipsorum
1428 3845 1496 3908 tres
1514 3845 1602 3910 tare·

197 3979 262 4030 nos
283 3959 360 4030 anri
378 3980 439 4054 per
455 3980 608 4033 mensem
625 3971 751 4034 statuat
766 3961 937 4034 exhiberi.

244 4083 370 4156 Delum
390 4078 440 4180 [ut
458 4080 589 4180 cupro}

244 4206 328 4275 item
347 4232 357 4275 :

244 4326 459 4417 lucdunum,
476 4337 561 4417 ete,
580 4328 763 4402 castellano
779 4327 927 4421 Tbeani,
947 4339 1012 4400 etc.
1033 4329 1123 4415 Quia
1139 4329 1182 4400 Α.
1205 4329 1250 4403 de
1269 4329 1393 4422 Cicala,
1410 4339 1493 4421 ete,
1512 4329 1606 4404 fideli

199 4451 521 4540 nostro,.dedlmus
537 4451 709 4524 licentiam
730 4452 880 4526 ducendi
902 4474 1046 4526 uxorem
1069 4474 1149 4525 cum
1174 4453 1302 4525 familia
1325 4475 1389 4526 sna
1411 4453 1447 4524 in
1469 4455 1607 4528 Terram

196 4573 351 4660 laboris,
366 4583 401 4646 et
415 4575 525 4668 placet
540 4574 641 4648 nobis
656 4574 751 4669 quod
768 4575 804 4647 in
821 4586 932 4649 castro
944 4587 1060 4650 nostro
1078 4576 1207 4648 Theani
1221 4577 1329 4672 ipsam
1347 4597 1495 4650 uxorem
1508 4588 1606 4652 suam

197 4697 298 4769 iaciat
313 4717 531 4792 permanere,
551 4697 707 4772 fidelitati
724 4711 782 4774 tue
797 4702 1021 4796 precipiendo
1045 4700 1249 4774 mandamus
1267 4711 1437 4795 qnatenus
1456 4712 1607 4776 casuum

276 4818 314 4880 V.
1409 4834 1444 4887 'lt
