4224 5898
221 563 405 642 lrrnrcurlbl
671 556 867 619 HISTORIA
891 555 1183 618 mammantes.
1573 567 1633 631 335

222 703 288 789 sls3
307 698 435 772 clarius
454 693 573 768 videte
588 692 685 787 quod
702 693 782 765 ltcet
806 692 910 764 draco
931 693 1015 782 iste,
1036 691 1098 786 qui
1125 689 1171 764 ad
1198 692 1414 768 illudendum
1436 698 1537 772 nobis
1563 703 1632 774 tor·

223 833 337 896 matus
350 832 389 894 et·
400 821 437 891 in
455 837 569 892 escam
583 815 906 912 populoEtlniopnm
920 815 1023 889 datus
1036 815 1165 906 existit,
1182 837 1289 910 aquas
1303 822 1580 913 persecutionum
1595 827 1633 898 in

221 946 483 1020 subversionem
507 941 661 1014 Ecclesia
684 962 730 1012 ex
748 960 807 1011 oro
831 940 930 1034 quasi
953 939 1100 1011 fluvium
1125 939 1275 1030 miserit,
1295 939 1489 1036 Apostolioa
1515 957 1632 1022 tamen

222 1069 329 1142 Sedes
346 1069 456 1163 tpsins
473 1065 664 1159 nequitiem
681 1063 900 1148 inestimabili
920 1060 1167 1136 beneuciorum
1184 1065 1416 1140 misericordia
1439 1073 1628 1164 superavit.

222 1195 404 1264 Nemeum
421 1188 563 1261 otimab
578 1184 678 1261 annis
698 1187 824 1259 teneris
841 1187 976 1257 illorum
997 1187 1168 1258 morsibus
1185 1187 1246 1280 qui
1264 1198 1388 1260 terrem
1403 1193 1478 1282 ojus
1498 1202 1532 1265 et
1549 1217 1631 1268 san·

222 1315 365 1408 guinem
390 1313 568 1400 sitiebant,
596 1311 632 1381 in
655 1311 780 1382 lacuna
801 1309 1012 1382 contusionis
1035 1309 1247 1402 expositum,
1276 1319 1458 1406 parentum
1480 1325 1515 1387 et
1541 1319 1633 1390 emi-

221 1459 340 1510 corum
359 1437 480 1508 solatio
496 1435 636 1530 penitus
648 1455 736 1528 pene
753 1433 886 1506 nudum
903 1431 1028 1504 videns
1053 1441 1160 1504 mater
1177 1433 1343 1526 Ecclesia,
1362 1437 1518 1530 protinus
1542 1442 1633 1516 circa

222 1564 336 1657 ipsum
360 1561 505 1633 nutricis
526 1569 560 1632 et
587 1557 702 1651 bajula
722 1557 872 1630 officium
903 1565 1062 1648 executa,
1080 1579 1160 1630 eum
1187 1559 1289 1652 pallio
1313 1558 1508 1654 apostolice
1533 1565 1632 1639 Sedis

221 1686 373 1781 operuit,
391 1685 436 1757 de
460 1683 584 1777 laqueo
608 1677 811 1754 venantium
832 1681 979 1776 eripuit,
1003 1681 1119 1752 multIs
1146 1681 1322 1754 laboribus
1341 1691 1375 1756 et
1397 1689 1561 1780 expensis
1585 1691 1632 1764 ad

220 1810 318 1902 regni
337 1809 462 1881 solium
478 1816 512 1880 et
534 1805 852 1899 coronamimperii
876 1803 1088 1876 sublimavit.
1108 1806 1252 1900 Insuper
1275 1806 1340 1880 hoc
1356 1809 1388 1880 ei
1412 1811 1533 1884 secisse
1558 1837 1632 1887 mo·

221 1931 337 2002 dicum
357 1939 522 2025 reputans
539 1937 575 2000 et
590 1925 655 1999 sibi
673 1927 1016 2021 Hierosolymitanum
1037 1925 1162 2019 subjici
1181 1949 1332 2021 regnum
1348 1938 1383 2002 et
1406 1931 1504 2005 illum
1527 1936 1632 2008 undi-

218 2047 371 2150 qne'per
392 2054 511 2126 orbem
536 2053 689 2126 exaltare
710 2071 916 2146 procurans,
943 2050 1022 2122 licet
1043 2051 1088 2122 ab
1109 2049 1231 2136 eodem
1257 2053 1437 2147 multiplici
1462 2077 1500 2128 se
1524 2059 1631 2132 lesem

221 2177 405 2248 afflictione
418 2176 563 2267 doloret,
583 2177 615 2247 ei
633 2174 753 2270 paucis
768 2182 883 2245 tantm
901 2172 1300 2268 retroactis‘temporinus
1316 2185 1434 2250 contra
1446 2179 1631 2254 Henricnm

221 2311 344 2374 natum
364 2302 517 2396 ejusqui
538 2309 669 2395 partem
690 2320 760 2371 non
778 2298 949 2370 modicam
970 2295 1174 2370 Alemannis
1194 2299 1269 2390 ejus
1290 2300 1522 2391 jurisdictioni
1544 2306 1630 2376 sub·

221 2435 389 2517 traxerat,
408 2435 566 2521 potenter
585 2423 707 2514 astitit,
729 2431 764 2494 et
790 2422 994 2494 afflictorum
1020 2421 1087 2493 sibi
1105 2443 1167 2516 per
1193 2442 1273 2494 eum
1298 2423 1404 2496 oblita
1429 2429 1626 2517 vulnerum,

221 2549 334 2642 ipsum
352 2548 398 2621 de
414 2547 621 2641 novoquasi
639 2547 675 2616 in
698 2545 938 2639 imperatorem
960 2543 1117 2636 erigens,
1142 2545 1343 2618 Teutoniam
1371 2550 1566 2642 apostolicis
1588 2552 1630 2622 li-

221 2673 301 2744 teris
316 2671 426 2766 ipsius
444 2671 642 2743 returnavit
659 2668 847 2758 desiderio,
864 2667 919 2738 hle
933 2675 967 2738 ot
982 2667 1060 2739 aliis
1077 2687 1147 2759 que
1161 2689 1230 2740 non
1247 2670 1437 2742 sufficimus
1458 2673 1631 2747 recordari

219 2794 397 2870 beneficiis
425 2795 533 2889 ipsIus
560 2803 764 2866 construens
791 2791 1006 2863 munimenta
1040 2791 1185 2863 decoris.
1207 2791 1275 2864 Sed
1304 2792 1369 2866 iste
1396 2793 1541 2868 baculus
1566 2799 1631 2870 im-

220 2920 368 3015 piorum,
388 2928 478 2992 terre
495 2919 651 3009 malleus,
672 2917 870 2989 universam
891 2915 1095 2987 conturbare
1111 2923 1252 3005 terram,
1267 2937 1380 3008 regna
1401 2927 1576 2994 conterere
1595 2932 1631 2994 et

220 3043 336 3115 orbem
356 3043 530 3116 desertum
548 3063 675 3136 ponera
695 3040 850 3136 cupiens,
870 3039 1061 3111 libertatem
1078 3039 1341 3111 coelestesticem
1356 3040 1392 3111 in
1408 3040 1502 3114 dicto
1518 3065 1628 3137 regno

219 3167 393 3240 Siciliain
417 3166 640 3262 opprobrium
660 3164 835 3238 servitude
860 3171 1015 3234 extreme
1037 3160 1215 3234 deducens
1233 3171 1268 3234 et
1288 3163 1453 3235 ecclesias
1477 3187 1566 3259 quas
1590 3178 1630 3239 nt

219 3312 338 3363 earum
353 3290 585 3364 teneritudine
602 3311 704 3361 suum
728 3296 883 3360 ventrem
903 3286 1060 3380 impleret
1074 3285 1175 3378 qnasi
1187 3286 1260 3378 jam
1279 3287 1417 3382 penitus
1437 3291 1626 3382 exossavit,

219 3412 394 3504 sordibus,
419 3412 583 3484 oneribus
606 3423 641 3483 et
673 3409 824 3504 angariis
857 3408 1073 3503 opprimens,
1102 3429 1161 3480 eas
1188 3408 1289 3480 honis
1322 3409 1429 3482 sacris
1458 3411 1630 3507 deputatis

220 3547 415 3608 sanctorum
439 3536 561 3606 usibus
584 3534 762 3630 spoliavit,
791 3553 954 3628 personas
979 3530 1225 3604 ecclesiastices
1251 3532 1378 3606 carceri
1398 3536 1626 3631 mancipavit,

219 3660 379 3754 ipsasque
396 3659 433 3730 in
452 3659 614 3731 examine
627 3657 735 3730 vetito
751 3655 987 3729 accusationes
1005 3653 1196 3748 suscipere,
1215 3653 1325 3726 tallias
1342 3656 1477 3728 solvere
1488 3667 1523 3729 et
1538 3658 1630 3734 hona

219 3782 448 3855 ecclesiastica
467 3790 505 3854 ut
524 3803 561 3854 se
581 3803 603 3854 a
619 3780 863 3855 vexationibus
883 3779 1055 3851 redimant
1077 3777 1263 3851 exhaurire
1285 3787 1320 3851 et
1344 3789 1515 3874 postremo
1534 3804 1630 3855 oxu-

219 3905 288 3977 lare
303 3913 466 3977 coarctat.
488 3904 651 3976 Ecclesiis
669 3913 845 3998 pastorum
862 3901 982 3974 solatio
995 3899 1150 3972 viduatis
1163 3921 1233 3973 non
1253 3903 1418 3996 permittit
1435 3905 1502 3977 sibi
1525 3929 1629 4001 spon·

217 4047 291 4099 sam
315 4028 457 4119 eligere,
482 4027 660 4100 viduitatis
682 4027 884 4100 vestimenta
907 4025 1097 4119 deponere,
1124 4023 1238 4096 donec
1258 4025 1404 4121 alicujus
1427 4028 1630 4104 adulterinis

218 4150 434 4245 amplexibus
454 4169 530 4244 ‚per
559 4151 829 4244 compulsionem
866 4148 1042 4222 extiterint
1073 4149 1243 4242 copulate.
1273 4150 1324 4222 De
1368 4151 1629 4227 christianorum

218 4273 420 4347 habitaculis
447 4281 649 4346 construens
680 4273 795 4345 menia
821 4272 1005 4367 BabylonIs
1032 4280 1067 4344 ct
1094 4271 1231 4346 edificia
1252 4273 1287 4343 in
1313 4275 1445 4367 quibus
1469 4277 1628 4349 divinum

218 4418 343 4469 nomen
371 4397 541 4469 excolitur
563 4397 645 4468 illuc
671 4398 878 4469 transferens
906 4395 966 4466 ubi
992 4394 1227 4468 blechemetus
1262 4395 1417 4491 perditus
1443 4399 1625 4492 adoratur,

217 4521 326 4592 turbis
347 4520 504 4615 undique
527 4521 694 4612 collectis,
712 4518 874 4592 Crucifixi
899 4518 1004 4591 fidem
1027 4529 1063 4590 et
1086 4539 1212 4592 nomen
1234 4521 1373 4614 publica
1397 4523 1567 4616 predicari
1592 4523 1628 4596 in

216 4644 338 4717 eodem
357 4667 463 4739 regno
476 4645 665 4743 probibuit.
685 4643 991 4738 Recuperationem
1007 4645 1109 4716 Terre
1124 4643 1248 4717 Sancte
1268 4655 1302 4717 et
1321 4647 1498 4739 negotium
1518 4647 1628 4744 impe-
