<?xml version="1.0" encoding="UTF-8"?>
<!DOCTYPE html PUBLIC "-//W3C//DTD XHTML 1.0 Transitional//EN"
    "http://www.w3.org/TR/xhtml1/DTD/xhtml1-transitional.dtd">
<html xmlns="http://www.w3.org/1999/xhtml" xml:lang="en" lang="en">
 <head>
  <title>
</title>
<meta http-equiv="Content-Type" content="text/html;charset=utf-8" />
  <meta name='ocr-system' content='tesseract 3.04.00' />
  <meta name='ocr-capabilities' content='ocr_page ocr_carea ocr_par ocr_line ocrx_word'/>
</head>
<body>
  <div class='ocr_page' id='page_1' title='image "./historiadiploma02fredgoog_0278.png"; bbox 0 0 4224 5898; ppageno 0'>
   <div class='ocr_carea' id='block_1_1' title="bbox 191 611 1603 694">
    <p class='ocr_par' dir='ltr' id='par_1_1' title="bbox 191 611 1603 694">
     <span class='ocr_line' id='line_1_1' title="bbox 191 611 1603 694; baseline -0.004 -14"><span class='ocrx_word' id='word_1_1' title='bbox 191 621 288 680; x_wconf 76' lang='lat' dir='ltr'><strong>inter.</strong></span> <span class='ocrx_word' id='word_1_2' title='bbox 308 615 372 694; x_wconf 70' lang='lat'><strong>12]</strong></span> <span class='ocrx_word' id='word_1_3' title='bbox 642 614 837 676; x_wconf 77' lang='lat' dir='ltr'>HISTORIA</span> <span class='ocrx_word' id='word_1_4' title='bbox 861 613 1157 677; x_wconf 69' lang='lat' dir='ltr'><strong>blvbouavlcn.</strong></span> <span class='ocrx_word' id='word_1_5' title='bbox 1542 611 1603 675; x_wconf 70' lang='lat'><strong>265</strong></span> 
     </span>
    </p>
   </div>
   <div class='ocr_carea' id='block_1_2' title="bbox 193 744 1603 967">
    <p class='ocr_par' dir='ltr' id='par_1_2' title="bbox 193 744 1603 967">
     <span class='ocr_line' id='line_1_2' title="bbox 240 744 1603 844; baseline -0.003 -20"><span class='ocrx_word' id='word_1_6' title='bbox 240 751 324 824; x_wconf 84' lang='lat' dir='ltr'><strong>Acta</strong></span> <span class='ocrx_word' id='word_1_7' title='bbox 338 762 419 823; x_wconf 91' lang='lat' dir='ltr'><strong>snnt</strong></span> <span class='ocrx_word' id='word_1_8' title='bbox 435 749 502 822; x_wconf 89' lang='lat' dir='ltr'><strong>bec</strong></span> <span class='ocrx_word' id='word_1_9' title='bbox 516 747 612 844; x_wconf 90' lang='lat' dir='ltr'><strong>apud</strong></span> <span class='ocrx_word' id='word_1_10' title='bbox 627 747 850 835; x_wconf 80' lang='lat' dir='ltr'><strong>Cremonam,</strong></span> <span class='ocrx_word' id='word_1_11' title='bbox 869 768 960 821; x_wconf 91' lang='lat' dir='ltr'><strong>anno</strong></span> <span class='ocrx_word' id='word_1_12' title='bbox 976 747 1150 821; x_wconf 89' lang='lat' dir='ltr'><strong>dominice</strong></span> <span class='ocrx_word' id='word_1_13' title='bbox 1166 744 1411 820; x_wconf 80' lang='lat' dir='ltr'><strong>incarnationis</strong></span> <span class='ocrx_word' id='word_1_14' title='bbox 1425 747 1603 820; x_wconf 89' lang='lat' dir='ltr'><strong>millesimo</strong></span> 
     </span>
     <span class='ocr_line' id='line_1_3' title="bbox 193 869 1320 967; baseline -0.006 -18"><span class='ocrx_word' id='word_1_15' title='bbox 193 875 430 948; x_wconf 83' lang='lat' dir='ltr'><strong>ducentesimo</strong></span> <span class='ocrx_word' id='word_1_16' title='bbox 445 871 620 967; x_wconf 79' lang='lat' dir='ltr'><strong>trigesimo</strong></span> <span class='ocrx_word' id='word_1_17' title='bbox 635 882 777 964; x_wconf 88' lang='lat' dir='ltr'><strong>octavo,</strong></span> <span class='ocrx_word' id='word_1_18' title='bbox 797 893 914 946; x_wconf 89' lang='lat' dir='ltr'><strong>mense</strong></span> <span class='ocrx_word' id='word_1_19' title='bbox 930 872 1128 961; x_wconf 82' lang='lat' dir='ltr'><strong>novembri,</strong></span> <span class='ocrx_word' id='word_1_20' title='bbox 1144 881 1211 944; x_wconf 89' lang='lat' dir='ltr'><strong>etc.</strong></span> <span class='ocrx_word' id='word_1_21' title='bbox 1230 869 1320 967; x_wconf 82' lang='lat' dir='ltr'><strong>(sic).</strong></span> 
     </span>
    </p>
   </div>
   <div class='ocr_carea' id='block_1_3' title="bbox 421 1175 1375 1189">
    <p class='ocr_par' dir='ltr' id='par_1_3' title="bbox 421 1175 1375 1189">
     <span class='ocr_line' id='line_1_4' title="bbox 421 1175 1375 1189; baseline -0.004 0"><span class='ocrx_word' id='word_1_22' title='bbox 421 1175 730 1189; x_wconf 61' lang='lat' dir='ltr'><strong>W-u</strong></span> <span class='ocrx_word' id='word_1_23' title='bbox 735 1175 1352 1187; x_wconf 52' lang='lat' dir='ltr'><strong>t-um-—n——u-——n-</strong></span> <span class='ocrx_word' id='word_1_24' title='bbox 1358 1175 1375 1186; x_wconf 72' lang='grc' dir='ltr'><strong>ο</strong></span> 
     </span>
    </p>
   </div>
   <div class='ocr_carea' id='block_1_4' title="bbox 76 1466 1785 2238">
    <p class='ocr_par' dir='ltr' id='par_1_4' title="bbox 76 1466 1785 2238">
     <span class='ocr_line' id='line_1_5' title="bbox 246 1466 1781 1588; baseline -0.003 -34"><span class='ocrx_word' id='word_1_25' title='bbox 246 1472 289 1554; x_wconf 86' lang='grc'><strong>10</strong></span> <span class='ocrx_word' id='word_1_26' title='bbox 310 1472 486 1580; x_wconf 83' lang='lat' dir='ltr'><strong>proximo</strong></span> <span class='ocrx_word' id='word_1_27' title='bbox 505 1494 635 1552; x_wconf 87' lang='lat' dir='ltr'><strong>mense</strong></span> <span class='ocrx_word' id='word_1_28' title='bbox 659 1466 875 1552; x_wconf 82' lang='lat' dir='ltr'><strong>novembris</strong></span> <span class='ocrx_word' id='word_1_29' title='bbox 892 1468 1099 1577; x_wconf 87' lang='lat' dir='ltr'><strong>imperator</strong></span> <span class='ocrx_word' id='word_1_30' title='bbox 1115 1467 1299 1578; x_wconf 80' lang='lat' dir='ltr'><strong>equitavit</strong></span> <span class='ocrx_word' id='word_1_31' title='bbox 1327 1469 1504 1552; x_wconf 90' lang='lat' dir='ltr'><strong>Parmam</strong></span> <span class='ocrx_word' id='word_1_32' title='bbox 1531 1467 1607 1551; x_wconf 90' lang='lat' dir='ltr'><strong>eli·</strong></span> <span class='ocrx_word' id='word_1_33' title='bbox 1663 1485 1781 1588; x_wconf 34' lang='grc' dir='ltr'><strong>ὢν</strong></span> 
     </span>
     <span class='ocr_line' id='line_1_6' title="bbox 194 1593 1785 1714; baseline -0.003 -28"><span class='ocrx_word' id='word_1_34' title='bbox 194 1628 290 1714; x_wconf 87' lang='lat' dir='ltr'><strong>gens</strong></span> <span class='ocrx_word' id='word_1_35' title='bbox 308 1629 349 1686; x_wconf 85' lang='lat' dir='ltr'><strong>sc</strong></span> <span class='ocrx_word' id='word_1_36' title='bbox 375 1603 415 1684; x_wconf 94' lang='lat' dir='ltr'><strong>in</strong></span> <span class='ocrx_word' id='word_1_37' title='bbox 442 1611 668 1710; x_wconf 83' lang='lat' dir='ltr'><strong>potestatem</strong></span> <span class='ocrx_word' id='word_1_38' title='bbox 685 1600 790 1682; x_wconf 91' lang='lat' dir='ltr'><strong>illius</strong></span> <span class='ocrx_word' id='word_1_39' title='bbox 816 1600 999 1706; x_wconf 87' lang='lat' dir='ltr'><strong>civitatis,</strong></span> <span class='ocrx_word' id='word_1_40' title='bbox 1019 1599 1149 1709; x_wconf 87' lang='lat' dir='ltr'><strong>ibique</strong></span> <span class='ocrx_word' id='word_1_41' title='bbox 1174 1623 1244 1682; x_wconf 89' lang='lat' dir='ltr'><strong>suo</strong></span> <span class='ocrx_word' id='word_1_42' title='bbox 1271 1599 1356 1682; x_wconf 91' lang='lat' dir='ltr'><strong>loco</strong></span> <span class='ocrx_word' id='word_1_43' title='bbox 1373 1600 1502 1708; x_wconf 90' lang='lat' dir='ltr'><strong>posuit</strong></span> <span class='ocrx_word' id='word_1_44' title='bbox 1528 1625 1603 1682; x_wconf 92' lang='lat' dir='ltr'><strong>co-</strong></span> <span class='ocrx_word' id='word_1_45' title='bbox 1664 1593 1785 1636; x_wconf 63' lang='lat' dir='ltr'><strong>„amna</strong></span> 
     </span>
     <span class='ocr_line' id='line_1_7' title="bbox 193 1731 1606 1842; baseline -0.003 -26"><span class='ocrx_word' id='word_1_46' title='bbox 193 1737 326 1818; x_wconf 86' lang='lat' dir='ltr'><strong>mitem</strong></span> <span class='ocrx_word' id='word_1_47' title='bbox 354 1735 548 1818; x_wconf 89' lang='lat' dir='ltr'><strong>Simonem</strong></span> <span class='ocrx_word' id='word_1_48' title='bbox 574 1733 815 1816; x_wconf 83' lang='lat' dir='ltr'><strong>Theatinum.</strong></span> <span class='ocrx_word' id='word_1_49' title='bbox 841 1732 920 1816; x_wconf 85' lang='lat' dir='ltr'><strong>lloc</strong></span> <span class='ocrx_word' id='word_1_50' title='bbox 942 1741 1069 1814; x_wconf 86' lang='lat' dir='ltr'><strong>autem</strong></span> <span class='ocrx_word' id='word_1_51' title='bbox 1096 1731 1184 1814; x_wconf 85' lang='lat' dir='ltr'><strong>lecit</strong></span> <span class='ocrx_word' id='word_1_52' title='bbox 1211 1733 1409 1816; x_wconf 88' lang='lat' dir='ltr'><strong>occasione</strong></span> <span class='ocrx_word' id='word_1_53' title='bbox 1437 1733 1606 1842; x_wconf 87' lang='lat' dir='ltr'><strong>partium</strong></span> 
     </span>
     <span class='ocr_line' id='line_1_8' title="bbox 194 1863 1607 1976; baseline -0.002 -27"><span class='ocrx_word' id='word_1_54' title='bbox 194 1892 294 1976; x_wconf 90' lang='lat' dir='ltr'><strong>quae</strong></span> <span class='ocrx_word' id='word_1_55' title='bbox 311 1877 420 1950; x_wconf 86' lang='lat' dir='ltr'><strong>erant</strong></span> <span class='ocrx_word' id='word_1_56' title='bbox 436 1866 476 1948; x_wconf 93' lang='lat' dir='ltr'><strong>in</strong></span> <span class='ocrx_word' id='word_1_57' title='bbox 495 1867 579 1976; x_wconf 89' lang='lat' dir='ltr'><strong>ipsa</strong></span> <span class='ocrx_word' id='word_1_58' title='bbox 600 1865 772 1966; x_wconf 76' lang='grc'><strong>01011000,</strong></span> <span class='ocrx_word' id='word_1_59' title='bbox 800 1875 838 1947; x_wconf 89' lang='lat' dir='ltr'><strong>ct</strong></span> <span class='ocrx_word' id='word_1_60' title='bbox 862 1864 1047 1973; x_wconf 89' lang='lat' dir='ltr'><strong>palatium</strong></span> <span class='ocrx_word' id='word_1_61' title='bbox 1077 1865 1182 1974; x_wconf 90' lang='lat' dir='ltr'><strong>quod</strong></span> <span class='ocrx_word' id='word_1_62' title='bbox 1208 1864 1373 1948; x_wconf 88' lang='lat' dir='ltr'><strong>habebat</strong></span> <span class='ocrx_word' id='word_1_63' title='bbox 1397 1864 1436 1945; x_wconf 93' lang='lat' dir='ltr'><strong>in</strong></span> <span class='ocrx_word' id='word_1_64' title='bbox 1468 1863 1607 1946; x_wconf 86' lang='lat' dir='ltr'><strong>Parma</strong></span> 
     </span>
     <span class='ocr_line' id='line_1_9' title="bbox 76 1995 1606 2107; baseline -0.004 -21"><span class='ocrx_word' id='word_1_65' title='bbox 76 2079 78 2086; x_wconf 86' lang='grc'><em>,</em></span> <span class='ocrx_word' id='word_1_66' title='bbox 194 1997 283 2080; x_wconf 90' lang='lat' dir='ltr'><strong>iecit</strong></span> <span class='ocrx_word' id='word_1_67' title='bbox 306 1997 491 2107; x_wconf 91' lang='lat' dir='ltr'><strong>ampliare</strong></span> <span class='ocrx_word' id='word_1_68' title='bbox 513 2007 550 2080; x_wconf 91' lang='lat' dir='ltr'><strong>et</strong></span> <span class='ocrx_word' id='word_1_69' title='bbox 571 1996 746 2104; x_wconf 87' lang='lat' dir='ltr'><strong>reficere,</strong></span> <span class='ocrx_word' id='word_1_70' title='bbox 773 1996 986 2080; x_wconf 87' lang='lat' dir='ltr'><strong>claudendo</strong></span> <span class='ocrx_word' id='word_1_71' title='bbox 1013 1996 1110 2080; x_wconf 91' lang='lat' dir='ltr'><strong>illud</strong></span> <span class='ocrx_word' id='word_1_72' title='bbox 1134 2022 1202 2106; x_wconf 92' lang='lat' dir='ltr'><strong>per</strong></span> <span class='ocrx_word' id='word_1_73' title='bbox 1228 1996 1356 2106; x_wconf 81' lang='lat' dir='ltr'><strong>girum</strong></span> <span class='ocrx_word' id='word_1_74' title='bbox 1386 1995 1606 2080; x_wconf 88' lang='lat' dir='ltr'><strong>firmissimo</strong></span> 
     </span>
     <span class='ocr_line' id='line_1_10' title="bbox 194 2129 1159 2238; baseline 0 -28"><span class='ocrx_word' id='word_1_75' title='bbox 194 2155 319 2214; x_wconf 91' lang='lat' dir='ltr'><strong>muro.</strong></span> <span class='ocrx_word' id='word_1_76' title='bbox 343 2129 514 2212; x_wconf 73' lang='lat' dir='ltr'><strong>chronic.</strong></span> <span class='ocrx_word' id='word_1_77' title='bbox 537 2129 851 2212; x_wconf 69' lang='lat' dir='ltr'><strong>docebimini.</strong></span> <span class='ocrx_word' id='word_1_78' title='bbox 873 2142 984 2238; x_wconf 80' lang='lat' dir='ltr'><strong>pest,</strong></span> <span class='ocrx_word' id='word_1_79' title='bbox 1004 2155 1043 2238; x_wconf 91' lang='lat' dir='ltr'><strong>p.</strong></span> <span class='ocrx_word' id='word_1_80' title='bbox 1070 2131 1159 2212; x_wconf 84' lang='grc'><strong>176.</strong></span> 
     </span>
    </p>
   </div>
   <div class='ocr_carea' id='block_1_5' title="bbox 451 2458 1370 2472">
    <p class='ocr_par' dir='ltr' id='par_1_5' title="bbox 451 2458 1370 2472">
     <span class='ocr_line' id='line_1_11' title="bbox 451 2458 1370 2472; baseline 0.002 -2"><span class='ocrx_word' id='word_1_81' title='bbox 451 2458 1370 2472; x_wconf 51' lang='grc' dir='ltr'><strong>-υ-υ--αῃασ-ἈἫ</strong></span> 
     </span>
    </p>
   </div>
   <div class='ocr_carea' id='block_1_6' title="bbox 198 2735 1810 2980">
    <p class='ocr_par' dir='ltr' id='par_1_6' title="bbox 198 2735 1810 2980">
     <span class='ocr_line' id='line_1_12' title="bbox 248 2735 1810 2850; baseline 0.001 -28"><span class='ocrx_word' id='word_1_82' title='bbox 248 2737 481 2846; x_wconf 85' lang='lat' dir='ltr'><strong>Fridericus,</strong></span> <span class='ocrx_word' id='word_1_83' title='bbox 510 2737 770 2822; x_wconf 87' lang='lat' dir='ltr'><strong>Romanorum</strong></span> <span class='ocrx_word' id='word_1_84' title='bbox 797 2735 1022 2846; x_wconf 90' lang='lat' dir='ltr'><strong>imperator,</strong></span> <span class='ocrx_word' id='word_1_85' title='bbox 1045 2735 1266 2820; x_wconf 91' lang='lat' dir='ltr'><strong>hominibus</strong></span> <span class='ocrx_word' id='word_1_86' title='bbox 1295 2737 1398 2821; x_wconf 85' lang='lat' dir='ltr'><strong>llarii</strong></span> <span class='ocrx_word' id='word_1_87' title='bbox 1429 2766 1528 2850; x_wconf 90' lang='lat' dir='ltr'><strong>quos</strong></span> <span class='ocrx_word' id='word_1_88' title='bbox 1560 2739 1610 2824; x_wconf 88' lang='lat' dir='ltr'><strong>ub</strong></span> <span class='ocrx_word' id='word_1_89' title='bbox 1643 2747 1810 2843; x_wconf 43' lang='lat' dir='ltr'><strong>„ma</strong></span> 
     </span>
     <span class='ocr_line' id='line_1_13' title="bbox 198 2869 1609 2980; baseline 0.001 -25"><span class='ocrx_word' id='word_1_90' title='bbox 198 2871 375 2955; x_wconf 89' lang='lat' dir='ltr'><strong>omnibus</strong></span> <span class='ocrx_word' id='word_1_91' title='bbox 409 2871 530 2980; x_wconf 89' lang='lat' dir='ltr'><strong>pactis</strong></span> <span class='ocrx_word' id='word_1_92' title='bbox 566 2879 604 2954; x_wconf 88' lang='lat' dir='ltr'><strong>et</strong></span> <span class='ocrx_word' id='word_1_93' title='bbox 639 2869 885 2953; x_wconf 85' lang='lat' dir='ltr'><strong>sacramentis</strong></span> <span class='ocrx_word' id='word_1_94' title='bbox 920 2895 1105 2978; x_wconf 88' lang='lat' dir='ltr'><strong>personae</strong></span> <span class='ocrx_word' id='word_1_95' title='bbox 1137 2896 1204 2953; x_wconf 92' lang='lat' dir='ltr'><strong>seu</strong></span> <span class='ocrx_word' id='word_1_96' title='bbox 1248 2871 1418 2955; x_wconf 86' lang='lat' dir='ltr'><strong>societati</strong></span> <span class='ocrx_word' id='word_1_97' title='bbox 1454 2871 1609 2956; x_wconf 89' lang='lat' dir='ltr'><strong>cuilibet</strong></span> 
     </span>
    </p>
   </div>
   <div class='ocr_carea' id='block_1_7' title="bbox 197 3001 1609 3244">
    <p class='ocr_par' dir='ltr' id='par_1_7' title="bbox 197 3001 1609 3244">
     <span class='ocr_line' id='line_1_14' title="bbox 197 3001 1609 3112; baseline 0.002 -27"><span class='ocrx_word' id='word_1_98' title='bbox 197 3003 385 3112; x_wconf 86' lang='lat' dir='ltr'><strong>praestitis</strong></span> <span class='ocrx_word' id='word_1_99' title='bbox 408 3001 588 3109; x_wconf 86' lang='lat' dir='ltr'><strong>absolvit,</strong></span> <span class='ocrx_word' id='word_1_100' title='bbox 608 3002 767 3085; x_wconf 87' lang='lat' dir='ltr'><strong>mandat</strong></span> <span class='ocrx_word' id='word_1_101' title='bbox 781 3012 824 3084; x_wconf 94' lang='lat' dir='ltr'><strong>ut</strong></span> <span class='ocrx_word' id='word_1_102' title='bbox 843 3002 982 3085; x_wconf 88' lang='lat' dir='ltr'><strong>amodo</strong></span> <span class='ocrx_word' id='word_1_103' title='bbox 1003 3003 1051 3083; x_wconf 89' lang='lat' dir='ltr'><strong>de</strong></span> <span class='ocrx_word' id='word_1_104' title='bbox 1068 3001 1272 3111; x_wconf 89' lang='lat' dir='ltr'><strong>praedictis</strong></span> <span class='ocrx_word' id='word_1_105' title='bbox 1289 3003 1387 3087; x_wconf 91' lang='lat' dir='ltr'><strong>nulli</strong></span> <span class='ocrx_word' id='word_1_106' title='bbox 1411 3005 1609 3112; x_wconf 86' lang='lat' dir='ltr'><strong>providere</strong></span> 
     </span>
     <span class='ocr_line' id='line_1_15' title="bbox 197 3131 1246 3244; baseline 0.001 -28"><span class='ocrx_word' id='word_1_107' title='bbox 197 3134 253 3216; x_wconf 91' lang='lat' dir='ltr'><strong>vel</strong></span> <span class='ocrx_word' id='word_1_108' title='bbox 270 3134 498 3244; x_wconf 88' lang='lat' dir='ltr'><strong>respondere</strong></span> <span class='ocrx_word' id='word_1_109' title='bbox 515 3144 649 3216; x_wconf 88' lang='lat' dir='ltr'><strong>curent</strong></span> <span class='ocrx_word' id='word_1_110' title='bbox 666 3134 739 3216; x_wconf 88' lang='lat' dir='ltr'><strong>nisi</strong></span> <span class='ocrx_word' id='word_1_111' title='bbox 757 3135 805 3216; x_wconf 91' lang='lat' dir='ltr'><strong>de</strong></span> <span class='ocrx_word' id='word_1_112' title='bbox 823 3159 893 3216; x_wconf 89' lang='lat' dir='ltr'><strong>sua</strong></span> <span class='ocrx_word' id='word_1_113' title='bbox 909 3131 1060 3216; x_wconf 89' lang='lat' dir='ltr'><strong>licentia</strong></span> <span class='ocrx_word' id='word_1_114' title='bbox 1078 3133 1246 3242; x_wconf 90' lang='lat' dir='ltr'><strong>speciali.</strong></span> 
     </span>
    </p>
   </div>
   <div class='ocr_carea' id='block_1_8' title="bbox 278 3331 1610 3731">
    <p class='ocr_par' dir='ltr' id='par_1_8' title="bbox 278 3331 1610 3731">
     <span class='ocr_line' id='line_1_16' title="bbox 278 3331 1606 3414; baseline 0 -16"><span class='ocrx_word' id='word_1_115' title='bbox 278 3335 412 3414; x_wconf 79' lang='lat' dir='ltr'><strong>(lidider.</strong></span> <span class='ocrx_word' id='word_1_116' title='bbox 428 3335 586 3408; x_wconf 76' lang='lat' dir='ltr'><strong>Gmnanro,</strong></span> <span class='ocrx_word' id='word_1_117' title='bbox 602 3335 695 3396; x_wconf 84' lang='lat' dir='ltr'><strong>storic</strong></span> <span class='ocrx_word' id='word_1_118' title='bbox 705 3333 737 3394; x_wconf 84' lang='lat' dir='ltr'><strong>di</strong></span> <span class='ocrx_word' id='word_1_119' title='bbox 752 3331 859 3412; x_wconf 67' lang='lat' dir='ltr'><strong>Chlori,</strong></span> <span class='ocrx_word' id='word_1_120' title='bbox 874 3339 948 3396; x_wconf 86' lang='lat' dir='ltr'><strong>tom.</strong></span> <span class='ocrx_word' id='word_1_121' title='bbox 960 3334 1002 3408; x_wconf 88' lang='grc' dir='ltr'><strong>ΙΙ,</strong></span> <span class='ocrx_word' id='word_1_122' title='bbox 1014 3334 1148 3413; x_wconf 82' lang='lat' dir='ltr'><strong>docum,</strong></span> <span class='ocrx_word' id='word_1_123' title='bbox 1162 3353 1191 3413; x_wconf 79' lang='lat' dir='ltr'><strong>p</strong></span> <span class='ocrx_word' id='word_1_124' title='bbox 1207 3344 1275 3411; x_wconf 78' lang='grc'><strong>104,</strong></span> <span class='ocrx_word' id='word_1_125' title='bbox 1285 3336 1324 3397; x_wconf 90' lang='lat' dir='ltr'><strong>ab</strong></span> <span class='ocrx_word' id='word_1_126' title='bbox 1335 3339 1462 3414; x_wconf 85' lang='lat' dir='ltr'><strong>exempl.</strong></span> <span class='ocrx_word' id='word_1_127' title='bbox 1473 3339 1606 3402; x_wconf 84' lang='lat' dir='ltr'><strong>authent.</strong></span> 
     </span>
     <span class='ocr_line' id='line_1_17' title="bbox 315 3439 1610 3520; baseline 0.004 -18"><span class='ocrx_word' id='word_1_128' title='bbox 315 3444 346 3502; x_wconf 92' lang='lat' dir='ltr'><strong>ln</strong></span> <span class='ocrx_word' id='word_1_129' title='bbox 367 3457 458 3518; x_wconf 88' lang='lat' dir='ltr'><strong>parvo</strong></span> <span class='ocrx_word' id='word_1_130' title='bbox 476 3441 567 3502; x_wconf 86' lang='lat' dir='ltr'><strong>tabul.</strong></span> <span class='ocrx_word' id='word_1_131' title='bbox 591 3443 673 3500; x_wconf 75' lang='lat' dir='ltr'><strong>ciust.</strong></span> <span class='ocrx_word' id='word_1_132' title='bbox 696 3441 805 3512; x_wconf 79' lang='lat' dir='ltr'><strong>Cberil,</strong></span> <span class='ocrx_word' id='word_1_133' title='bbox 826 3439 935 3501; x_wconf 74' lang='lat' dir='ltr'><strong>Mosco</strong></span> <span class='ocrx_word' id='word_1_134' title='bbox 950 3442 1076 3520; x_wconf 83' lang='lat' dir='ltr'><strong>Caprinc</strong></span> <span class='ocrx_word' id='word_1_135' title='bbox 1099 3443 1234 3504; x_wconf 79' lang='grc'><strong>1190001</strong></span> <span class='ocrx_word' id='word_1_136' title='bbox 1256 3452 1344 3504; x_wconf 83' lang='grc'><strong>1000.</strong></span> <span class='ocrx_word' id='word_1_137' title='bbox 1360 3445 1512 3507; x_wconf 83' lang='grc' dir='ltr'><strong>-Μ1000</strong></span> <span class='ocrx_word' id='word_1_138' title='bbox 1531 3451 1610 3507; x_wconf 84' lang='lat' dir='ltr'><strong>recte</strong></span> 
     </span>
     <span class='ocr_line' id='line_1_18' title="bbox 315 3544 1610 3629; baseline 0.004 -21"><span class='ocrx_word' id='word_1_139' title='bbox 315 3548 342 3608; x_wconf 86' lang='lat' dir='ltr'><strong>J.</strong></span> <span class='ocrx_word' id='word_1_140' title='bbox 355 3547 508 3620; x_wconf 77' lang='lat' dir='ltr'><strong>Dunnnnr,</strong></span> <span class='ocrx_word' id='word_1_141' title='bbox 525 3547 634 3628; x_wconf 76' lang='lat' dir='ltr'><strong>Sappin</strong></span> <span class='ocrx_word' id='word_1_142' title='bbox 644 3544 722 3608; x_wconf 73' lang='lat' dir='ltr'><strong>natta</strong></span> <span class='ocrx_word' id='word_1_143' title='bbox 735 3545 798 3629; x_wconf 72' lang='lat' dir='ltr'><strong>leqn</strong></span> <span class='ocrx_word' id='word_1_144' title='bbox 811 3545 986 3622; x_wconf 81' lang='lat' dir='ltr'><strong>Lmnbnrtln,</strong></span> <span class='ocrx_word' id='word_1_145' title='bbox 996 3565 1028 3624; x_wconf 90' lang='lat' dir='ltr'><strong>p.</strong></span> <span class='ocrx_word' id='word_1_146' title='bbox 1047 3556 1115 3621; x_wconf 77' lang='lat' dir='ltr'><strong>tot,</strong></span> <span class='ocrx_word' id='word_1_147' title='bbox 1131 3563 1180 3626; x_wconf 84' lang='lat' dir='ltr'><strong>ap.</strong></span> <span class='ocrx_word' id='word_1_148' title='bbox 1195 3547 1316 3611; x_wconf 78' lang='lat' dir='ltr'><strong>Memor.</strong></span> <span class='ocrx_word' id='word_1_149' title='bbox 1331 3547 1400 3610; x_wconf 74' lang='lat' dir='ltr'><strong>dett</strong></span> <span class='ocrx_word' id='word_1_150' title='bbox 1411 3548 1562 3613; x_wconf 68' lang='lat' dir='ltr'><strong>Anam.</strong></span> <span class='ocrx_word' id='word_1_151' title='bbox 1577 3549 1610 3612; x_wconf 75' lang='lat' dir='ltr'><strong>ot</strong></span> 
     </span>
     <span class='ocr_line' id='line_1_19' title="bbox 319 3650 567 3731; baseline 0 -17"><span class='ocrx_word' id='word_1_152' title='bbox 319 3651 433 3722; x_wconf 79' lang='lat' dir='ltr'><strong>Terina,</strong></span> <span class='ocrx_word' id='word_1_153' title='bbox 447 3659 471 3714; x_wconf 92' lang='lat' dir='ltr'><strong>t.</strong></span> <span class='ocrx_word' id='word_1_154' title='bbox 488 3650 567 3731; x_wconf 84' lang='lat' dir='ltr'><strong>xL.)</strong></span> 
     </span>
    </p>
   </div>
   <div class='ocr_carea' id='block_1_9' title="bbox 197 3823 1608 4657">
    <p class='ocr_par' dir='ltr' id='par_1_9' title="bbox 197 3823 1608 4657">
     <span class='ocr_line' id='line_1_20' title="bbox 245 3823 1608 3919; baseline 0.001 -21"><span class='ocrx_word' id='word_1_155' title='bbox 245 3824 445 3915; x_wconf 84' lang='lat' dir='ltr'><strong>Federicus,</strong></span> <span class='ocrx_word' id='word_1_156' title='bbox 466 3823 527 3896; x_wconf 85' lang='lat' dir='ltr'><strong>Dei</strong></span> <span class='ocrx_word' id='word_1_157' title='bbox 552 3823 663 3917; x_wconf 79' lang='lat' dir='ltr'><strong>gratia</strong></span> <span class='ocrx_word' id='word_1_158' title='bbox 688 3825 920 3896; x_wconf 84' lang='lat' dir='ltr'><strong>Romanorum</strong></span> <span class='ocrx_word' id='word_1_159' title='bbox 943 3823 1130 3916; x_wconf 85' lang='lat' dir='ltr'><strong>imperator</strong></span> <span class='ocrx_word' id='word_1_160' title='bbox 1152 3843 1288 3918; x_wconf 86' lang='lat' dir='ltr'><strong>semper</strong></span> <span class='ocrx_word' id='word_1_161' title='bbox 1310 3833 1500 3919; x_wconf 77' lang='lat' dir='ltr'><strong>augustus,</strong></span> <span class='ocrx_word' id='word_1_162' title='bbox 1522 3827 1608 3900; x_wconf 87' lang='lat' dir='ltr'><strong>Hie-</strong></span> 
     </span>
     <span class='ocr_line' id='line_1_21' title="bbox 199 3945 1606 4045; baseline 0.001 -25"><span class='ocrx_word' id='word_1_163' title='bbox 199 3949 343 4020; x_wconf 87' lang='lat' dir='ltr'><strong>msalem</strong></span> <span class='ocrx_word' id='word_1_164' title='bbox 360 3957 394 4020; x_wconf 88' lang='lat' dir='ltr'><strong>at</strong></span> <span class='ocrx_word' id='word_1_165' title='bbox 411 3947 525 4019; x_wconf 89' lang='lat' dir='ltr'><strong>Sicilie</strong></span> <span class='ocrx_word' id='word_1_166' title='bbox 548 3968 630 4037; x_wconf 84' lang='lat' dir='ltr'><strong>rex,</strong></span> <span class='ocrx_word' id='word_1_167' title='bbox 651 3946 849 4020; x_wconf 84' lang='lat' dir='ltr'><strong>concilicet</strong></span> <span class='ocrx_word' id='word_1_168' title='bbox 872 3945 1047 4018; x_wconf 89' lang='lat' dir='ltr'><strong>communi</strong></span> <span class='ocrx_word' id='word_1_169' title='bbox 1066 3945 1160 4017; x_wconf 87' lang='lat' dir='ltr'><strong>Karii</strong></span> <span class='ocrx_word' id='word_1_170' title='bbox 1182 3945 1344 4020; x_wconf 86' lang='lat' dir='ltr'><strong>fidelibus</strong></span> <span class='ocrx_word' id='word_1_171' title='bbox 1363 3949 1437 4022; x_wconf 89' lang='lat' dir='ltr'><strong>suis</strong></span> <span class='ocrx_word' id='word_1_172' title='bbox 1462 3951 1606 4045; x_wconf 81' lang='lat' dir='ltr'><strong>gratiam</strong></span> 
     </span>
     <span class='ocr_line' id='line_1_22' title="bbox 199 4069 1607 4166; baseline 0.004 -23"><span class='ocrx_word' id='word_1_173' title='bbox 199 4093 294 4146; x_wconf 91' lang='lat' dir='ltr'><strong>snam</strong></span> <span class='ocrx_word' id='word_1_174' title='bbox 317 4080 352 4144; x_wconf 89' lang='lat' dir='ltr'><strong>et</strong></span> <span class='ocrx_word' id='word_1_175' title='bbox 375 4071 501 4144; x_wconf 92' lang='lat' dir='ltr'><strong>bonam</strong></span> <span class='ocrx_word' id='word_1_176' title='bbox 521 4072 744 4144; x_wconf 89' lang='lat' dir='ltr'><strong>voluntatem.</strong></span> <span class='ocrx_word' id='word_1_177' title='bbox 764 4069 850 4142; x_wconf 90' lang='lat' dir='ltr'><strong>Cum</strong></span> <span class='ocrx_word' id='word_1_178' title='bbox 872 4069 918 4142; x_wconf 90' lang='lat' dir='ltr'><strong>ad</strong></span> <span class='ocrx_word' id='word_1_179' title='bbox 946 4069 1144 4164; x_wconf 87' lang='lat' dir='ltr'><strong>petitionem</strong></span> <span class='ocrx_word' id='word_1_180' title='bbox 1162 4079 1196 4143; x_wconf 91' lang='lat' dir='ltr'><strong>et</strong></span> <span class='ocrx_word' id='word_1_181' title='bbox 1218 4071 1501 4166; x_wconf 88' lang='lat' dir='ltr'><strong>supplicationem</strong></span> <span class='ocrx_word' id='word_1_182' title='bbox 1526 4096 1607 4148; x_wconf 88' lang='lat' dir='ltr'><strong>ves·</strong></span> 
     </span>
     <span class='ocr_line' id='line_1_23' title="bbox 199 4191 1603 4291; baseline 0.005 -27"><span class='ocrx_word' id='word_1_183' title='bbox 199 4204 281 4267; x_wconf 91' lang='lat' dir='ltr'><strong>tram</strong></span> <span class='ocrx_word' id='word_1_184' title='bbox 300 4203 464 4288; x_wconf 83' lang='lat' dir='ltr'><strong>tanquam</strong></span> <span class='ocrx_word' id='word_1_185' title='bbox 483 4193 686 4267; x_wconf 88' lang='lat' dir='ltr'><strong>devotorum</strong></span> <span class='ocrx_word' id='word_1_186' title='bbox 704 4203 896 4266; x_wconf 87' lang='lat' dir='ltr'><strong>nostrornm</strong></span> <span class='ocrx_word' id='word_1_187' title='bbox 917 4191 1071 4264; x_wconf 87' lang='lat' dir='ltr'><strong>lidelinm</strong></span> <span class='ocrx_word' id='word_1_188' title='bbox 1096 4193 1141 4264; x_wconf 94' lang='lat' dir='ltr'><strong>ab</strong></span> <span class='ocrx_word' id='word_1_189' title='bbox 1157 4195 1319 4267; x_wconf 89' lang='lat' dir='ltr'><strong>omnibus</strong></span> <span class='ocrx_word' id='word_1_190' title='bbox 1336 4194 1603 4291; x_wconf 84' lang='lat' dir='ltr'><strong>conditionibus,</strong></span> 
     </span>
     <span class='ocr_line' id='line_1_24' title="bbox 197 4314 1606 4412; baseline 0.005 -23"><span class='ocrx_word' id='word_1_191' title='bbox 197 4317 428 4412; x_wconf 85' lang='lat' dir='ltr'><strong>pactionibus,</strong></span> <span class='ocrx_word' id='word_1_192' title='bbox 466 4316 769 4406; x_wconf 86' lang='lat' dir='ltr'><strong>conventionibus,</strong></span> <span class='ocrx_word' id='word_1_193' title='bbox 795 4314 1114 4407; x_wconf 87' lang='lat' dir='ltr'><strong>jurisdictionibus,</strong></span> <span class='ocrx_word' id='word_1_194' title='bbox 1145 4319 1367 4390; x_wconf 87' lang='lat' dir='ltr'><strong>sacramentis</strong></span> <span class='ocrx_word' id='word_1_195' title='bbox 1399 4329 1434 4393; x_wconf 91' lang='lat' dir='ltr'><strong>ct</strong></span> <span class='ocrx_word' id='word_1_196' title='bbox 1462 4322 1606 4396; x_wconf 87' lang='lat' dir='ltr'><strong>sociata·</strong></span> 
     </span>
     <span class='ocr_line' id='line_1_25' title="bbox 197 4439 1605 4536; baseline 0.004 -24"><span class='ocrx_word' id='word_1_197' title='bbox 197 4440 287 4514; x_wconf 91' lang='lat' dir='ltr'><strong>tibus</strong></span> <span class='ocrx_word' id='word_1_198' title='bbox 302 4463 371 4535; x_wconf 88' lang='lat' dir='ltr'><strong>que</strong></span> <span class='ocrx_word' id='word_1_199' title='bbox 387 4451 422 4514; x_wconf 92' lang='lat' dir='ltr'><strong>et</strong></span> <span class='ocrx_word' id='word_1_200' title='bbox 437 4463 525 4535; x_wconf 89' lang='lat' dir='ltr'><strong>quas</strong></span> <span class='ocrx_word' id='word_1_201' title='bbox 542 4441 659 4534; x_wconf 89' lang='lat' dir='ltr'><strong>aliqua</strong></span> <span class='ocrx_word' id='word_1_202' title='bbox 675 4440 815 4529; x_wconf 90' lang='lat' dir='ltr'><strong>civitas,</strong></span> <span class='ocrx_word' id='word_1_203' title='bbox 835 4439 1005 4532; x_wconf 82' lang='lat' dir='ltr'><strong>burgum,</strong></span> <span class='ocrx_word' id='word_1_204' title='bbox 1027 4439 1111 4514; x_wconf 90' lang='lat' dir='ltr'><strong>villa</strong></span> <span class='ocrx_word' id='word_1_205' title='bbox 1131 4441 1188 4512; x_wconf 88' lang='lat' dir='ltr'><strong>vcl</strong></span> <span class='ocrx_word' id='word_1_206' title='bbox 1203 4451 1372 4528; x_wconf 89' lang='lat' dir='ltr'><strong>castrum,</strong></span> <span class='ocrx_word' id='word_1_207' title='bbox 1389 4443 1485 4536; x_wconf 89' lang='lat' dir='ltr'><strong>baro,</strong></span> <span class='ocrx_word' id='word_1_208' title='bbox 1507 4469 1605 4518; x_wconf 92' lang='lat' dir='ltr'><strong>mar-</strong></span> 
     </span>
     <span class='ocr_line' id='line_1_26' title="bbox 198 4563 1605 4657; baseline 0.006 -22"><span class='ocrx_word' id='word_1_209' title='bbox 198 4563 275 4636; x_wconf 86' lang='lat' dir='ltr'><strong>chio</strong></span> <span class='ocrx_word' id='word_1_210' title='bbox 293 4565 349 4637; x_wconf 88' lang='grc'><strong>001</strong></span> <span class='ocrx_word' id='word_1_211' title='bbox 371 4585 505 4654; x_wconf 89' lang='lat' dir='ltr'><strong>comes,</strong></span> <span class='ocrx_word' id='word_1_212' title='bbox 524 4564 706 4655; x_wconf 79' lang='lat' dir='ltr'><strong>collegium</strong></span> <span class='ocrx_word' id='word_1_213' title='bbox 723 4565 779 4634; x_wconf 92' lang='lat' dir='ltr'><strong>vel</strong></span> <span class='ocrx_word' id='word_1_214' title='bbox 797 4563 1004 4657; x_wconf 89' lang='lat' dir='ltr'><strong>capitulum,</strong></span> <span class='ocrx_word' id='word_1_215' title='bbox 1023 4564 1139 4657; x_wconf 91' lang='lat' dir='ltr'><strong>aliqua</strong></span> <span class='ocrx_word' id='word_1_216' title='bbox 1162 4565 1306 4638; x_wconf 89' lang='lat' dir='ltr'><strong>ecclesia</strong></span> <span class='ocrx_word' id='word_1_217' title='bbox 1326 4568 1381 4638; x_wconf 93' lang='grc'><strong>001</strong></span> <span class='ocrx_word' id='word_1_218' title='bbox 1401 4568 1605 4644; x_wconf 88' lang='lat' dir='ltr'><strong>universitas</strong></span> 
     </span>
    </p>
   </div>
   <div class='ocr_carea' id='block_1_10' title="bbox 199 4687 1603 4874">
    <p class='ocr_par' dir='ltr' id='par_1_10' title="bbox 199 4687 1603 4874">
     <span class='ocr_line' id='line_1_27' title="bbox 199 4687 1603 4782; baseline 0.006 -23"><span class='ocrx_word' id='word_1_219' title='bbox 199 4687 313 4780; x_wconf 90' lang='lat' dir='ltr'><strong>aliqua</strong></span> <span class='ocrx_word' id='word_1_220' title='bbox 337 4689 394 4760; x_wconf 86' lang='lat' dir='ltr'><strong>vol</strong></span> <span class='ocrx_word' id='word_1_221' title='bbox 419 4687 684 4782; x_wconf 89' lang='lat' dir='ltr'><strong>qualiscumque</strong></span> <span class='ocrx_word' id='word_1_222' title='bbox 715 4707 860 4782; x_wconf 90' lang='lat' dir='ltr'><strong>persona</strong></span> <span class='ocrx_word' id='word_1_223' title='bbox 892 4687 1122 4761; x_wconf 86' lang='lat' dir='ltr'><strong>ecclesiastica</strong></span> <span class='ocrx_word' id='word_1_224' title='bbox 1148 4689 1204 4760; x_wconf 90' lang='grc'><strong>001</strong></span> <span class='ocrx_word' id='word_1_225' title='bbox 1238 4690 1401 4762; x_wconf 91' lang='lat' dir='ltr'><strong>secularis</strong></span> <span class='ocrx_word' id='word_1_226' title='bbox 1425 4693 1603 4767; x_wconf 89' lang='lat' dir='ltr'><strong>vobiscum</strong></span> 
     </span>
     <span class='ocr_line' id='line_1_28' title="bbox 277 4809 1443 4874; baseline 0.003 -4"><span class='ocrx_word' id='word_1_227' title='bbox 277 4809 315 4870; x_wconf 84' lang='lat' dir='ltr'><strong>v.</strong></span> <span class='ocrx_word' id='word_1_228' title='bbox 1406 4823 1443 4874; x_wconf 74' lang='grc'><strong>04</strong></span> 
     </span>
    </p>
   </div>
   <div class='ocr_carea' id='block_1_11' title="bbox 0 0 2116 5894">
    <p class='ocr_par' dir='ltr' id='par_1_11' title="bbox 0 0 2116 5894">
     <span class='ocr_line' id='line_1_29' title="bbox 0 0 2116 5894; baseline 0 0"><span class='ocrx_word' id='word_1_229' title='bbox 0 0 2116 5894; x_wconf 95' lang='lat' dir='ltr'><strong> </strong></span> 
     </span>
    </p>
   </div>
  </div>
 </body>
</html>
