4224 5898
490 634 552 696 292
992 635 1204 699 rutonutct
1229 637 1399 698 SECUNDl
1712 639 1792 719 [Aru.
1811 641 1896 705 1239.

490 775 659 862 quantum
685 767 722 839 in
744 787 786 840 eo
812 775 864 838 est
888 767 924 838 in
947 767 1097 841 lavillam
1119 771 1220 864 quasi
1242 781 1276 844 et
1299 771 1452 868 cinerem
1473 773 1544 864 jam
1575 771 1724 870 redegit3
1752 776 1899 871 quodsi

490 899 678 986 postquam·
696 889 848 963 monitus
868 890 1012 963 luerita
1035 892 1138 964 nobie
1164 914 1233 966 non
1258 892 1400 966 duxerit
1421 894 1682 988 corrigendum,
1708 919 1771 971 nos
1795 919 1899 994 snper

432 1041 434 1046 ·
490 1014 557 1087 boc
574 1022 716 1088 anctore
732 1015 805 1086 Deo
827 1013 918 1086 sicut
941 1013 1109 1109 expedire
1133 1015 1332 1090 videbimus
1358 1017 1598 1112 procedemus.
1625 1021 1770 1116 lnsnpsr
1791 1043 1899 1116 nego-

354 1139 357 1145 “
489 1139 574 1211 tinm
594 1137 739 1234 impedit
756 1139 857 1210 Terre
876 1139 1001 1209 Sancte
1019 1159 1153 1211 necnon
1170 1141 1272 1212 etiam
1290 1141 1426 1236 imperii
1441 1141 1618 1215 Romanis.
1638 1143 1797 1217 Pretoreu
1818 1166 1897 1218 cnm

490 1273 642 1356 tempore
664 1261 849 1335 concordie
864 1261 952 1333 inter
971 1263 1083 1355 ipsum
1100 1273 1136 1334 et
1154 1265 1342 1349 Ecclesiam
1358 1266 1540 1337 reformate
1560 1266 1596 1336 in
1618 1269 1779 1340 manibus
1799 1268 1896 1342 Sedis

488 1387 683 1482 Apostolice
699 1389 888 1478 legatorum
908 1385 1078 1477 juraverit
1097 1385 1250 1460 Ecclesia
1277 1387 1447 1481 preceptis
1471 1387 1632 1480 obedire,
1652 1390 1778 1484 etipse
1801 1412 1896 1463 mnn-

489 1512 608 1584 datum
629 1511 674 1584 ab
692 1511 743 1582 eis
759 1519 934 1605 receptum
951 1510 1048 1604 qnod
1066 1519 1190 1583 terram
1203 1511 1354 1584 Ecclesia
1373 1513 1429 1584 vel
1446 1521 1552 1583 terras
1569 1533 1687 1585 eorum
1707 1535 1797 1607 quos
1815 1523 1897 1587 tunc

489 1635 536 1708 ad
554 1655 634 1706 suae
656 1656 780 1707 manus
798 1633 934 1706 tenebat
955 1643 1017 1705 ant
1036 1634 1188 1730 ipsorum
1208 1656 1370 1730 personas
1393 1637 1590 1709 nullatenus
1613 1649 1766 1732 caperet,
1793 1659 1897 1710 occn·

488 1769 586 1853 paret
603 1759 678 1832 sive
695 1759 798 1831 etiam
812 1758 1025 1845 devastaret,
1045 1756 1235 1853 adimplere
1251 1760 1472 1855 contempsit,
1492 1770 1616 1832 terram
1632 1761 1780 1833 Ecclesia
1792 1783 1896 1834 occu·

487 1883 616 1978 pando,
634 1883 797 1956 videlicet
811 1884 846 1954 in
858 1881 1064 1955 Lombardia
1076 1883 1279 1971 Ferrariam,
1297 1882 1524 1972 Bondoniam,
1540 1884 1811 1978 Pingnogonam,
1827 1895 1897 1960 ter·

487 2031 560 2080 ram
577 2007 719 2101 quidem
734 2007 891 2080 Sardinie
906 2016 940 2078 et
950 2007 1097 2078 Massam
1109 2006 1277 2078 Lunensis
1290 2006 1451 2094 diocesis,
1467 2007 1637 2100 capiendo
1653 2019 1687 2080 ot
1700 2007 1896 2100 dejiciendo

487 2133 563 2204 illos
582 2153 669 2226 qnos
682 2131 730 2204 ad
754 2152 878 2203 manus
896 2151 977 2202 snas
994 2130 1147 2202 Ecclesia
1167 2131 1356 2202 reservavit
1373 2141 1407 2202 at
1428 2129 1643 2204 devastando
1668 2139 1775 2204 terras
1802 2132 1894 2228 ipsc-

486 2277 580 2341 rnm,
602 2257 682 2327 licet
705 2278 752 2330 ex
775 2264 859 2326 tunc
875 2255 910 2326 in
923 2276 1004 2326 enm
1021 2265 1211 2348 presentem
1231 2255 1297 2348 ipsi
1315 2254 1417 2348 legati
1434 2255 1801 2328 excommunicationis
1816 2279 1894 2330 sen-

485 2381 625 2452 tentiam
650 2379 791 2452 tulerint
817 2379 847 2450 si
873 2400 977 2472 snper
1001 2377 1055 2448 bis
1072 2399 1141 2449 non
1164 2379 1289 2450 laceret
1312 2375 1408 2470 qnod
1430 2377 1644 2449 mundarent.
1674 2378 1769 2450 ldem
1791 2382 1894 2454 etiam

484 2515 644 2598 nepotem
661 2503 753 2596 regis
766 2501 899 2574 Tunicii
913 2501 1061 2590 detinet,
1076 2500 1122 2572 ad
1138 2501 1324 2572 Romanam
1339 2500 1470 2572 curiam
1488 2513 1523 2572 et
1534 2501 1720 2574 Ecclesiam
1738 2523 1801 2598 pro
1815 2525 1894 2598 per·

484 2627 643 2721 cipiendo
658 2627 746 2699 sacri
762 2625 977 2719 baptismatis
991 2625 1129 2698 lavacro
1144 2623 1379 2713 accedentem,
1394 2643 1435 2694 ac
1450 2619 1613 2694 dilectum
1629 2623 1738 2695 lilium
1756 2625 1893 2698 Potrnm

484 2751 710 2836 Saracenum,
728 2749 877 2820 nobilem
894 2749 1005 2820 civem
1023 2748 1232 2834 Romanum,
1251 2767 1298 2819 ex
1315 2755 1413 2840 parte
1430 2746 1619 2818 charissimi
1634 2747 1670 2818 in
1683 2747 1815 2821 Christo
1833 2748 1893 2820 lilii

484 2873 592 2945 nostri
611 2873 750 2944 illustria
771 2872 863 2966 regie
881 2869 1070 2964 Anglorum
1088 2869 1133 2942 ad
1151 2869 1275 2942 Sedem
1294 2869 1525 2964 Apostolicam
1550 2871 1692 2942 missum
1720 2880 1755 2943 et
1783 2871 1892 2944 filium

483 2998 558 3088 ejus
572 2996 700 3068 carceri
715 2995 845 3068 detinet
862 2995 1085 3089 mancipatos.
1103 2993 1192 3078 Quia
1208 3014 1289 3064 vero
1303 3013 1407 3086 snper
1419 2992 1474 3063 bis
1491 3003 1526 3064 et
1539 2994 1803 3088 quampluribus
1817 2994 1893 3067 aliis

484 3119 684 3192 excessibus
702 3118 865 3213 pluriesa
884 3116 983 3188 nobie
999 3115 1172 3205 monitus,
1197 3114 1417 3187 correctionis
1436 3115 1605 3188 medelam
1629 3137 1699 3188 non
1722 3117 1889 3208 sentiens,

483 3265 562 3315 cnm
580 3263 721 3314 suarum
738 3242 806 3312 sint
822 3241 935 3312 ulcera
950 3239 1109 3310 indurata
1123 3240 1318 3333 culparum,
1331 3237 1486 3332 quotidie
1500 3237 1669 3311 deteriora
1682 3241 1893 3312 committere

483 3387 553 3438 non
573 3375 729 3457 veretur,
748 3385 810 3436 nos
833 3364 897 3436 bec
918 3363 1050 3455 absque
1069 3362 1191 3434 Christi
1212 3362 1341 3434 ollensa
1358 3362 1521 3456 preterire
1537 3363 1604 3434 snb
1622 3361 1893 3438 dissimulatione

482 3491 626 3562 ulterius
640 3511 710 3562 non
731 3490 901 3576 valentes,
926 3486 971 3558 de
988 3489 1129 3557 l'ratrnm
1148 3495 1340 3558 nostrornm
1353 3485 1512 3573 consilio,
1530 3506 1576 3557 ax
1591 3495 1687 3579 perte
1703 3487 1765 3558 Dei
1779 3488 1893 3559 omni-

482 3615 630 3710 potentis
654 3616 752 3706 cujus
776 3612 886 3684 vicem
908 3611 943 3682 in
971 3611 1070 3682 terris
1091 3611 1242 3704 gerimus
1260 3611 1338 3683 licet
1353 3609 1512 3682 immeriti
1534 3619 1569 3682 et
1586 3611 1786 3684 anctoritate
1808 3611 1893 3684 bea·

483 3749 595 3812 torum
613 3735 852 3831 Apostolorum
871 3735 959 3806 Petri
983 3744 1017 3806 et
1033 3733 1128 3806 Pauli
1144 3755 1185 3805 ac
1200 3743 1332 3821 nostra,
1349 3734 1384 3804 in
1406 3754 1487 3805 eum
1504 3741 1539 3804 et
1551 3753 1672 3805 omnes
1687 3734 1762 3805 illos
1779 3734 1891 3826 quiin

481 3861 658 3958 premissis
678 3861 732 3935 vel
750 3861 963 3932 alinscontra
980 3861 1167 3932 Romanam
1186 3857 1365 3930 ecclesiam
1384 3857 1450 3928 sibi
1469 3857 1675 3950 prestiterint
1692 3857 1888 3945 consilinm,

481 3987 652 4060 auxilium
682 3985 739 4058 vel
770 3985 943 4071 levorem,
975 3981 1339 4056 excommunicationis
1370 3991 1404 4053 et
1431 3979 1658 4052 anathematis
1686 3981 1890 4053 sententiam

482 4108 649 4181 duximus
660 4104 964 4203 promulgandam,
982 4103 1155 4176 tradentes
1170 4105 1285 4197 ipsum
1297 4103 1514 4176 Fredericnm
1527 4103 1652 4176 &tane
1665 4103 1890 4175 ininteritum

482 4231 593 4304 carnis
606 4239 645 4302 nt
662 4229 804 4324 spiritns
827 4231 902 4321 ejus
920 4227 956 4298 in
978 4227 1036 4300 die
1053 4226 1189 4300 Domini
1207 4226 1325 4300 salvus
1341 4223 1412 4298 liat.
1436 4228 1564 4300 Omnes
1580 4227 1641 4320 qni
1662 4227 1695 4298 ei
1716 4224 1891 4299 fidelitatis

477 4357 675 4448 juramento
703 4361 880 4441 tenentur,
908 4349 1125 4424 decernendo
1147 4350 1192 4422 ab
1214 4349 1453 4422 observatione
1477 4349 1662 4441 juramenti
1687 4347 1889 4440 hujusmodi

480 4480 655 4552 absolutos
668 4488 702 4551 et
719 4475 861 4548 firmiter
873 4474 1090 4571 probibendo
1101 4494 1146 4545 ne
1157 4474 1224 4546 sibi
1239 4473 1436 4546 fidelitatem
1451 4473 1647 4562 observent,
1663 4471 1773 4545 donec
1787 4471 1894 4545 luerit

480 4605 620 4676 vinculo
642 4599 1008 4674 excommunicationis
1027 4597 1196 4670 astrictus.
1218 4597 1275 4669 Ad
1292 4597 1356 4668 hec
1371 4597 1546 4689 civitatee,
1566 4596 1721 4685 castella,
1739 4596 1838 4668 villas
1853 4606 1889 4668 et

481 4729 548 4802 alin
564 4728 640 4800 loca
661 4725 792 4820 adque
815 4725 888 4820 ipse
903 4722 1114 4820 pervenerit,
1132 4721 1299 4814 quamdiu
1320 4721 1369 4792 ibi
1390 4715 1509 4810 luerit,
1525 4719 1754 4792 ecclesiastico
1773 4720 1888 4811 subji-
