4246 5906
525 581 585 644 stt
1018 579 1231 642 lnlbllltlcl
1255 579 1426 642 succum
1739 580 1823 657 [bn.
1841 581 1928 648 19:39.

574 718 611 788 lu
629 715 767 787 nomine
780 725 897 786 sancte
913 722 947 785 et
959 711 1142 786 individue
1155 715 1339 788 Trinitatis.
1355 714 1548 788 blidericus
1560 714 1621 786 Dei
1634 715 1744 810 gratia
1757 715 1931 788 secundus

526 843 754 912 Romanorum
775 837 958 932 imperator
974 858 1111 932 semper
1128 847 1316 929 augustus,
1340 838 1459 911 diviua
1477 839 1613 910 favente
1630 839 1817 910 clemencia
1833 841 1932 912 lern-

527 963 634 1036 salem
648 971 683 1033 et
691 960 807 1032 Sicilie
819 981 896 1031 rex.
912 961 1009 1031 Tunc
1020 959 1206 1054 imperialis
1219 961 1425 1033 excellentie
1439 961 1633 1034 firmissimo
1643 961 1767 1034 rubore
1780 960 1934 1034 firmatur

527 1085 729 1180 imperinm,
750 1091 834 1156 tunc
850 1082 959 1156 decus
979 1082 1153 1156 extollitur
1172 1083 1317 1158 Cesarea
1332 1083 1536 1176 majestatis,
1557 1105 1637 1156 cum
1653 1082 1852 1156 infidelibus
1872 1107 1932 1180 pro

526 1207 672 1304 perfidia
700 1228 822 1302 penam
848 1205 954 1297 digne
979 1205 1139 1278 retribuit
1165 1215 1199 1280 et
1225 1227 1288 1302 pm
1314 1205 1384 1282 lide
1408 1206 1569 1282 fidelibus
1597 1208 1728 1303 premia
1750 1207 1934 1280 liberalioer

527 1332 712 1422 elargitur,
729 1349 895 1422 amorque
916 1329 1054 1402 virtutis
1068 1337 1151 1400 tuuc
1169 1329 1293 1402 crescit
1313 1329 1350 1402 in
1368 1331 1469 1404 bonis
1489 1338 1524 1402 et
1543 1351 1634 1424 pene
1648 1331 1762 1425 fragor
1778 1332 1815 1402 in
1837 1330 1934 1402 malie

527 1456 676 1544 acuitur,
704 1474 783 1524 cum
807 1452 1011 1544 injustemm
1032 1450 1166 1524 divitiis
1185 1453 1271 1544 justi
1293 1452 1447 1528 ditantur
1469 1461 1504 1526 et
1527 1453 1719 1526 induuntur
1737 1453 1933 1528 innocentes

527 1575 751 1673 quodamodo
778 1576 896 1670 spoliis
922 1576 1202 1672 dampnatorum.
1233 1577 1305 1650 llac
1327 1577 1432 1670 igitur
1456 1576 1730 1650 consideratione
1755 1577 1935 1670 permuniti

527 1702 588 1796 qni
604 1699 747 1774 Romani
765 1701 861 1772 irena
876 1699 1011 1796 imperii
1029 1698 1261 1788 moderamur,
1281 1699 1508 1774 adtendentes
1523 1722 1644 1796 puram
1660 1698 1764 1772 fidem
1779 1710 1814 1772 et
1829 1700 1935 1772 devo-

528 1827 632 1898 tionis
647 1823 875 1915 integritatem
890 1845 995 1916 quarn
1008 1823 1238 1919 Raymundus
1249 1845 1366 1898 comes
1380 1825 1606 1914 Tholosanus,
1622 1823 1767 1896 dilectus
1778 1823 1893 1896 affinis
1904 1829 1937 1896 et

530 1950 642 2022 fidelis
658 1957 790 2036 noster,
807 1946 853 2018 ad
872 1967 1050 2040 personam
1066 1957 1216 2020 nostram
1236 1948 1423 2044 spetialiter
1436 1955 1471 2020 et
1487 1947 1534 2020 ad
1549 1969 1685 2022 sacrum
1699 1957 1857 2020 uestrum
1872 1948 1936 2019 llo·

529 2095 670 2146 manum
689 2069 870 2164 imperinm
891 2070 1042 2141 noscitur
1056 2070 1237 2160 babuisse,
1257 2071 1514 2145 considerantes
1530 2093 1671 2166 quoque
1688 2081 1785 2166 grata
1799 2071 1883 2142 satis
1904 2079 1938 2142 et

529 2201 703 2270 fructuosa
718 2193 857 2266 servitia
880 2213 950 2284 que
965 2192 1066 2264 uobis
1084 2173 1119 2265 et
1138 2193 1283 2288 imperio
1299 2195 1471 2268 indelessa
1488 2195 1617 2266 virtute
1631 2215 1765 2289 semper
1779 2193 1938 2266 exhibuit

512 2325 565 2393 'et
578 2321 614 2390 in
630 2319 782 2389 futurum
795 2315 918 2410 poterit
932 2315 1116 2406 exhibere,
1137 2315 1356 2390 advertentes
1370 2318 1510 2412 insuper
1527 2318 1740 2390 manifestam
1758 2314 1937 2412 perfidiam

530 2466 635 2538 quam
658 2439 901 2536 Raymnndns,
924 2459 1039 2511 comes
1062 2439 1259 2528 Provincia,
1281 2441 1522 2514 benefitiorum
1546 2449 1738 2512 nostrornm
1761 2439 1938 2511 immemor

531 2577 566 2640 et
584 2564 665 2638 lidei
684 2586 754 2657 qua
772 2561 872 2634 nobis
886 2571 920 2634 et
939 2562 1085 2656 imperio
1101 2564 1281 2636 tenebatur
1295 2564 1434 2652 oblitus,
1451 2571 1570 2636 contra
1585 2583 1649 2636 nos
1661 2561 1847 2656 pmditorie
1863 2583 1938 2656 pre·

533 2689 680 2782 sumpsit
697 2686 922 2775 conciscere,
946 2686 1119 2758 civitatem
1135 2686 1389 2776 Arelateneem,
1409 2687 1511 2760 nobis
1527 2695 1563 2758 ot
1584 2685 1729 2780 imperio
1746 2683 1935 2772 subulam,

533 2837 553 2886 a
574 2811 642 2886 fide
657 2825 771 2882 nostra
786 2818 984 2904 pervertens
1000 2819 1035 2882 et
1051 2830 1221 2904 occupare
1234 2831 1454 2904 presumens,
1473 2807 1568 2882 unde
1581 2810 1695 2904 ipsum
1707 2807 1859 2880 criminis
1873 2808 1940 2880 lese

534 2936 719 3028 majestatis
738 2955 854 3022 reum,
876 2931 1015 3026 puplico
1032 2941 1067 3002 et
1081 2932 1174 3022 justo
1187 2932 1320 3024 judicio
1339 2932 1627 3028 condempnatum
1644 2941 1809 3027 perpetuo
1827 2931 1940 3004 mnne

535 3057 669 3152 imperii
695 3053 916 3128 subdendum
940 3053 1126 3143 duximus,
1150 3063 1185 3126 et
1205 3055 1414 3148 proditorem
1436 3065 1471 3126 et
1487 3055 1620 3126 hostem
1643 3053 1819 3148 puplicum
1839 3075 1940 3148 repu-

535 3190 648 3253 tamus
671 3188 803 3252 etcum
826 3175 987 3250 omnibus
1009 3175 1110 3248 bonis
1129 3177 1207 3268 ejus
1224 3178 1471 3250 sententialiter
1488 3177 1703 3272 privavimus
1721 3197 1790 3268 quc
1809 3176 1940 3271 imperii

536 3304 641 3378 nostri
660 3301 799 3396 juribus
816 3299 1031 3374 decrevimus
1048 3299 1277 3394 applicanda;
1296 3300 1493 3372 comitatum
1507 3299 1709 3372 Folkalkerii
1727 3319 1832 3391 quem
1851 3299 1940 3372 idem

536 3449 650 3501 comes
668 3423 848 3498 Provincia
863 3423 1029 3496 hactenus
1051 3423 1161 3495 tenuit
1183 3433 1218 3496 ct
1235 3423 1352 3496 omnia
1374 3423 1513 3519 pheudo
1533 3445 1602 3519 que
1618 3425 1748 3496 ratione
1764 3423 1941 3494 comitatus

537 3553 645 3648 ipsius
662 3548 708 3622 ad
725 3549 838 3644 ipsum
854 3547 1014 3620 comitem
1032 3557 1284 3643 pervenerunt,
1302 3555 1335 3620 et
1353 3547 1546 3641 specialiter
1562 3545 1732 3620 civitatem
1748 3545 1899 3617 Sistarici
1910 3557 1942 3617 et

538 3684 686 3746 castrum
713 3669 931 3763 Felcallrerii,
959 3671 1026 3765 ipsi
1053 3668 1257 3765 Rapmundo
1285 3669 1402 3742 comiti
1427 3669 1616 3744 Tbelosauo
1642 3667 1767 3742 dilecto
1789 3669 1884 3741 affini
1910 3677 1943 3741 et

537 3798 630 3870 fideli
652 3807 766 3871 nostro
790 3807 825 3872 et
851 3796 926 3886 ejus
951 3793 1137 3866 heredibus
1161 3793 1206 3867 de
1226 3803 1340 3866 nostra
1356 3795 1466 3886 gratia
1483 3792 1705 3868 concedimus
1721 3801 1756 3866 et
1777 3801 1942 3887 perpetuo

538 3921 796 4012 confirmamus,
819 3921 915 3993 salva
932 3918 968 3988 in
982 3916 1144 3990 omnibus
1162 3917 1330 4010 imperiali
1346 3913 1492 4008 justitia.
1507 3915 1561 3989 Ad
1577 3915 1681 4008 hujus
1696 3923 1812 3987 antem
1830 3925 1942 3988 nostre

538 4044 767 4117 concessionis
789 4053 823 4116 et
849 4039 1116 4115 confirmationis
1140 4039 1340 4110 memoriam
1367 4047 1402 4110 et
1424 4037 1531 4110 robur
1548 4047 1713 4134 perpetuo
1734 4037 1937 4122 vammum,

538 4187 679 4264 presens
712 4166 931 4262 privilegium
959 4162 1062 4236 scribi
1093 4173 1128 4236 et
1156 4162 1268 4256 sigillo
1297 4161 1485 4255 majestatis
1514 4172 1627 4234 nostre
1651 4160 1818 4254 jussimus
1848 4181 1941 4233 oom-

538 4289 678 4364 muniri.

587 4413 697 4506 Hujus
719 4419 835 4484 autem
857 4407 907 4482 rei
934 4417 1037 4482 testes
1062 4417 1143 4480 sunt
1169 4405 1341 4480 herardus
1362 4405 1623 4480 Panormitanus
1647 4405 1939 4502 archiepiscopum

543 4593 551 4609 .
581 4591 590 4608 .
619 4591 628 4609 .
655 4591 664 4610 .
691 4535 842 4628 Reginus
860 4542 907 4606 et.
937 4585 946 4603 .
977 4585 985 4604 .
1014 4587 1023 4604 .
1051 4531 1271 4604 laurinensis
1289 4530 1461 4626 episcopi;
1479 4528 1661 4604 Gauardns
1678 4529 1938 4626 dedmesteym

540 4659 686 4734 Thomas
709 4681 823 4732 comes
844 4655 1067 4748 deerrarum3
1099 4653 1266 4727 lienricus
1295 4653 1340 4728 de
1367 4655 1499 4746 Morra,
1530 4653 1693 4746 magister
1720 4652 1940 4746 justitiarium
