4228 5892
505 509 566 570 418
1002 507 1216 568 retonare!
1241 509 1415 571 SECUNBI
1727 507 1806 587 [Cn.
1823 507 1914 571 1259.

506 653 632 716 terram
647 641 799 732 ldronti,
816 651 851 714 et
872 641 1074 714 mundatum
1098 651 1151 716 est
1173 643 1207 714 ei
1227 651 1268 714 nt
1281 643 1318 714 in
1339 651 1453 716 oestro
1470 639 1583 716 nane
1597 641 1700 714 faeiat
1717 643 1915 716 oonservmi

505 764 689 861 pecuniam
703 785 808 858 quum
825 764 974 858 oolliget.

555 889 688 960 Similes
705 897 775 960 tam
798 897 934 982 apertas
956 909 1063 980 qnam
1079 887 1215 960 clausas
1230 909 1293 982 pro
1307 888 1426 980 jndioe
1445 887 1571 962 Jaoobo
1595 887 1640 960 de
1656 887 1770 960 Santis
1788 897 1916 961 statuto

507 1012 725 1084 remileotore
751 1030 815 1106 per
834 1018 941 1082 totum
962 1010 1112 1082 Siciliam
1134 1011 1219 1083 citra
1239 1011 1370 1085 flumen
1389 1014 1524 1086 Salsum
1548 1021 1582 1084 et
1604 1033 1666 1106 per
1687 1021 1793 1084 totam
1815 1011 1918 1084 Cala·

508 1133 618 1208 briam
634 1156 747 1229 usque
761 1133 807 1208 ad
821 1142 955 1229 portam
968 1135 1095 1222 Rosoti,
1111 1143 1146 1206 et
1157 1133 1356 1208 mandatum
1372 1145 1425 1209 est
1437 1136 1505 1208 ribi
1517 1144 1556 1208 ut
1568 1135 1604 1207 in
1620 1144 1731 1208 castro
1743 1135 1917 1208 Neoeastri

508 1259 705 1331 oonservari
719 1257 820 1331 faciut
831 1258 1013 1352 pecuniam
1029 1257 1257 1330 reoolientem.

557 1383 692 1454 Similes
717 1389 787 1454 tam
811 1381 946 1456 clauses
964 1402 1070 1476 qnam
1087 1389 1225 1478 apertas
1240 1403 1304 1477 pro
1321 1381 1505 1454 Stanoiono
1525 1380 1576 1478 (a)
1597 1379 1643 1454 de
1658 1380 1776 1476 Capua
1792 1387 1918 1452 statuto

509 1505 727 1579 reoolleotore
743 1526 804 1600 per
821 1513 928 1578 totam
944 1503 1095 1578 Siciliam
1112 1506 1202 1578 ultra
1215 1504 1345 1578 flumen
1360 1506 1509 1598 Salsum,
1523 1513 1558 1578 et
1568 1504 1768 1579 mandatum
1785 1514 1838 1578 est
1851 1504 1917 1576 sibi

510 1629 600 1702 utin
618 1628 745 1724 palatio
760 1629 918 1702 Panormi
931 1628 1114 1724 pecuniam
1133 1629 1236 1702 faeiat
1250 1630 1459 1702 oonserveri.

354 2231 377 2324 ς,
393 2229 431 2314 ·’,
565 2205 766 2292 Ordinatio
790 2232 978 2292 novorum
1003 2217 1185 2318 portuum
1211 2232 1279 2317 per
1304 2232 1468 2318 regnum
1495 2207 1546 2289 ad
1573 2205 1806 2288 extrahenda
1831 2203 1916 2288 vio-

364 2283 469 2422 21:0⁰5
510 2339 629 2422 tualia
655 2365 744 2422 oum
777 2339 998 2424 nominibus
1031 2341 1236 2424 custodum
1265 2349 1302 2424 et
1328 2339 1578 2424 notariorum.
1610 2339 1705 2422 ltem
1737 2338 1918 2420 mandata

509 2473 748 2582 imperatoris
765 2474 871 2558 varia
899 2474 972 2558 sub
989 2473 1180 2585 encyclica
1203 2474 1329 2558 forma
1345 2475 1540 2584 quomodo
1557 2474 1598 2554 in
1615 2499 1657 2556 re
1674 2473 1808 2556 eadem
1831 2471 1917 2555 offi-

508 2605 623 2689 oiales
642 2631 757 2717 agere
773 2607 949 2691 debeant.

590 2805 719 2889 (Reum.
730 2807 834 2888 imper.
850 2807 969 2871 ἠιὼν.
980 2811 1021 2889 11,
1034 2811 1087 2874 foi.
1106 2822 1162 2875 112
1177 2817 1268 2886 reete,
1283 2813 1316 2872 in
1326 2809 1455 2872 editione
1468 2808 1658 2884 mmmm,
1672 2826 1704 2888 p·
1721 2807 1805 2887 tro.)

558 2979 595 3051 In
621 2981 723 3054 Vetro
749 2989 899 3054 statutus
921 2991 974 3055 est
995 2991 1115 3078 portus
1137 2983 1183 3056 de
1205 3004 1309 3057 novo.
1331 2983 1451 3056 Custos
1475 2979 1655 3056 Oderisins
1675 2980 1850 3074 Peregrini
1875 2979 1915 3053 de

508 3101 638 3198 Capua.
652 3105 812 3178 Notarius
826 3105 1007 3200 Philippus
1025 3105 1070 3179 de
1087 3108 1212 3180 Sancto
1227 3107 1391 3202 Gregorio
1405 3107 1451 3181 de
1469 3108 1624 3182 Salerno.

558 3225 707 3322 (Mortuo
721 3227 877 3323 predicto
893 3228 1050 3302 Oderisio
1067 3231 1271 3326 prinsquam
1286 3229 1332 3305 ad
1346 3251 1427 3305 eum
1447 3232 1564 3306 liotore
1579 3231 1811 3318 mitterentur,
1834 3229 1914 3302 snb·

508 3351 648 3424 stitutus
663 3359 716 3424 est
736 3351 771 3422 in
789 3353 904 3424 locum
929 3353 1006 3446 ejus
1021 3355 1141 3428 Petrus
1158 3353 1203 3428 de
1220 3354 1394 3430 Adeunlio
1412 3377 1473 3452 por
1492 3357 1534 3431 G.
1548 3351 1635 3455 [Pi]
1653 3355 1700 3430 de
1717 3355 1832 3452 Capua
1853 3353 1916 3426 sub

508 3475 631 3549 eadem
645 3475 755 3572 data.)

558 3599 596 3670 In
614 3600 754 3672 Puteolo
766 3597 855 3672 alius
867 3609 999 3695 portus.

702 3723 901 3819 Raynaldus
922 3725 1150 3798 Maresoolous
1175 3725 1220 3800 de
1239 3725 1382 3800 Aversa.

704 3845 946 3922 Constantinus
959 3849 1025 3921 Bos
1044 3848 1089 3923 de
1110 3849 1274 3924 Ravellis.

508 3968 669 4043 Notarius
685 3969 859 4044 iohannes
874 3971 920 4045 de
935 3973 1046 4068 Surya
1062 3973 1107 4046 de
1122 3973 1252 4070 Capua.

558 4093 597 4166 ln
614 4093 700 4165 turri
717 4093 878 4167 Gariiiani
892 4095 979 4169 nlius
995 4106 1127 4192 portus.

510 4218 632 4290 Custos
653 4216 774 4290 Petrus
797 4217 843 4292 de
863 4221 989 4293 Sancto
1010 4221 1115 4296 Paulo

509 4341 669 4414 Notarius
681 4340 804 4413 Petrus
820 4341 865 4415 de
881 4343 977 4416 Posis
994 4343 1041 4440 (b)

551 4503 594 4583 (o)
616 4501 694 4566 Alibi
709 4504 851 4581 symeoni

551 4608 592 4690 (b)
613 4609 693 4671 Alibi
705 4607 740 4670 de
753 4607 845 4690 Ptfis.

511 3783 677 3859 Custodes

1123 4228 1187 4433 ,ἀεὶ
1200 4281 1337 4356 Suessa.
