4350 5922
225 597 319 656 lucror.
346 589 405 675 10.]
673 589 870 652 HISTORIA
896 590 1189 654 nrrtoltarlcn.
1592 587 1633 650 43

225 731 438 824 Quapropter
459 725 633 797 universis
657 727 824 820 presentis
840 727 955 822 scripti
975 727 1180 800 mandamus
1201 727 1314 802 edicto
1341 735 1512 822 qnatenus
1532 725 1635 817 juxta

224 851 369 950 predicti
386 848 487 923 ducis
505 848 725 922 donationem
748 860 784 922 et
805 850 1099 924 confirmationem
1117 861 1290 942 nostram,
1310 850 1478 924 indultam
1504 849 1634 922 eisdem

226 975 388 1054 tratribus
408 973 552 1068 gratiam
581 972 825 1046 iuviolabiliter
851 975 1040 1048 observetis
1063 997 1127 1048 uec
1153 987 1272 1050 contra
1299 975 1466 1072 presentis
1493 975 1636 1047 innova·

227 1102 328 1174 tionis
350 1109 386 1172 et
412 1097 680 1172 confirmationis
705 1108 820 1171 nostra
844 1107 997 1172 tenorem
1024 1101 1144 1174 venire
1171 1101 1387 1195 aliquatenus
1417 1097 1633 1194 presumatis.

228 1223 324 1308 Quod
341 1222 402 1317 qui
425 1221 674 1316 presumpserit
696 1221 970 1316 indignationem
996 1223 1101 1294 nostri
1126 1223 1286 1295 culminis
1311 1245 1349 1296 se
1373 1222 1508 1295 noverit
1523 1221 1639 1292 iucur-

228 1369 358 1420 anrum.
384 1344 440 1418 Ad
458 1345 558 1436 cujus
579 1344 813 1418 innovationis
830 1357 865 1417 et
881 1345 1149 1419 confirmationis
1168 1347 1369 1420 memoriam
1389 1361 1424 1420 et
1440 1346 1547 1418 robur
1562 1366 1640 1440 per·

229 1481 330 1567 petuo
343 1470 548 1560 valiturum,
564 1480 756 1564 presentem
771 1469 934 1564 pagiuam
952 1467 1025 1543 lieri
1041 1471 1186 1542 fecimus
1201 1480 1317 1544 nostro
1328 1470 1441 1564 sigillo
1455 1468 1635 1540 munitam.

273 1596 386 1688 liujus
409 1594 461 1666 rei
485 1602 587 1666 testes
605 1601 716 1664 sunt:
741 1593 1019 1688 salzburgensis,
1044 1596 1268 1688 Mogontinus
1286 1593 1551 1690 archiepiscopi,
1574 1595 1641 1665 Ba·

228 1717 474 1814 benbergensis
484 1726 519 1790 et
530 1718 790 1814 Ratispouensis
802 1719 989 1814 imperialis
1003 1720 1082 1792 aule
1095 1720 1320 1792 cancellarius
1331 1719 1498 1814 episcopi,
1510 1718 1551 1790 Ο.
1566 1717 1641 1790 dux

228 1845 395 1934 Bavarie,
422 1844 464 1916 B.
493 1841 570 1914 dux
601 1842 756 1915 Karintie
784 1851 819 1915 et
845 1839 1060 1938 lantgravius
1087 1843 1277 1938 'thuringie
1304 1843 1495 1938 principes,
1529 1863 1643 1914 comes

230 1969 413 2042 llainricus
429 1967 475 2041 de
492 1967 722 2058 ostentaret,
740 1969 872 2064 Reputo
887 1969 1060 2064 palatinus
1078 1969 1124 2043 de
1142 1969 1366 2062 Orlanberch,
1382 1968 1531 2041 Silridus
1554 1969 1644 2040 Fru-

230 2093 353 2184 mesel,
382 2090 620 2164 Weruhardus
644 2111 759 2165 comes
786 2091 832 2166 de
860 2093 1083 2184 leonberch,
1107 2092 1292 2167 Elrlrardus
1321 2093 1366 2167 da
1396 2093 1532 2184 Tanne,
1563 2093 1645 2166 Ger·

230 2215 345 2290 houch
360 2213 410 2312 (a)
423 2213 468 2288 de
482 2215 671 2306 Bercheim,
687 2223 722 2288 el
739 2213 799 2287 alii
814 2218 1049 2312 quamplures.
1140 2241 1144 2250 ’

278 2339 362 2412 Acta
376 2349 458 2411 sunt
466 2338 530 2411 hec
538 2337 633 2434 apud
642 2337 941 2432 Wiennam‚anno
954 2339 1126 2412 dominice
1135 2337 1643 2430 iucarnationialllCCXXXVll,

232 2483 349 2537 meuse
363 2462 496 2552 martii,
514 2463 548 2534 X
564 2461 766 2535 indictione.

286 3033 517 3139 Fridaricus,
547 3033 808 3116 Romanorum
840 3033 1059 3141 imperator,
1090 3031 1283 3142 judicibus
1310 3045 1349 3115 et
1379 3032 1552 3114 mulariis
1583 3056 1651 3140 per
1702 3034 1828 3147 vffl

236 3169 416 3252 ducatum
440 3163 616 3248 Austriae
637 3165 851 3248 constitutis
875 3167 1033 3248 mundat
1067 3176 1110 3247 ut
1136 3167 1329 3250 canonicis
1352 3165 1506 3274 capituli
1528 3166 1649 3248 Pata-
1720 3144 1809 3187 Μ’·

234 3300 373 3383 nensis
392 3299 607 3381 libertatem
629 3297 849 3407 observent,
869 3325 988 3409 quam
1009 3299 1172 3406 habeut,
1194 3301 1286 3408 ipsis
1305 3299 1495 3382 indultam
1514 3325 1538 3380 a
1555 3299 1651 3382 duce

236 3433 421 3542 Liupoldo
447 3457 560 3540 super
587 3430 835 3541 vectigalibus
861 3433 939 3516 vini
967 3443 1005 3516 et
1026 3433 1247 3516 victualium
1274 3433 1445 3542 ipsorum
1471 3457 1540 3541 per
1567 3431 1652 3515 loca

237 3573 432 3648 mutarum
449 3564 550 3646 circa
566 3561 800 3646 Danubium.

320 3789 673 3870 (lidltnmubllonnvn,
686 3789 845 3853 Jalotltdt.
857 3789 1110 3866 warmacan
1123 3791 1215 3866 baud,
1231 3807 1257 3854 s.
1273 3801 1341 3853 tar.
1358 3793 1445 3854 -Et
1457 3809 1508 3870 ap.
1518 3793 1648 3856 Monam.

357 3897 451 3977 Boia,
472 3904 546 3960 tom.
562 3897 658 3978 XXX,
671 3915 703 3978 p.
720 3907 790 3976 255,
811 3915 896 3960 num.
910 3899 1107 3971 DCCXLVII,
1122 3915 1161 3958 ex
1175 3899 1326 3977 orlglnalt,
1344 3899 1423 3960 unde
1440 3900 1570 3978 sigillum
1583 3901 1652 3962 hlnc

357 4003 428 4065 lude
444 4005 476 4063 ln
489 4019 541 4065 oro
553 4004 666 4065 laesum
681 4005 824 4083 appendet
836 4021 874 4066 ex
888 4013 1041 4085 segmento
1053 4003 1300 4085 membranaceo.)

289 4197 522 4301 Fr[idericus],
541 4203 604 4276 Dei
627 4204 737 4298 gratia
753 4204 983 4277 Romanorum
1001 4206 1185 4302 imperator
1202 4227 1337 4302 semper
1353 4214 1539 4302 augustus,
1555 4209 1652 4280 Jeru-

242 4324 345 4398 salem
361 4336 396 4398 et
412 4327 526 4400 Sicilie
543 4347 625 4417 rex,
647 4327 820 4401 universis
832 4329 1010 4422 judicibus
1024 4340 1058 4402 et
1079 4330 1236 4402 mutariis
1252 4353 1314 4426 per
1331 4331 1495 4404 ducatum
1515 4329 1653 4404 Austris

244 4450 434 4524 constitutis
451 4450 612 4524 fidelibus
631 4452 704 4524 suis
721 4453 867 4546 gratiam
884 4476 982 4526 suam
1003 4464 1038 4526 et
1060 4455 1321 4528 omnebonum.
1345 4456 1399 4528 lix
1416 4464 1512 4551 parte
1532 4475 1654 4550 prepo-

288 4709 327 4792 (a)
347 4714 407 4790 Sic,
423 4717 617 4779 verisimiliter
629 4734 683 4797 pro
699 4716 853 4782 Govasir.
