4262 5910
510 615 571 678 636
931 675 936 685 ,
1008 621 1223 685 latorum!
1248 625 1420 686 sacuam
1733 621 1812 706 [dnn.
1832 623 1914 686 laea.

562 749 703 847 Scripsit
718 754 758 824 G.
775 754 815 824 dc
833 755 928 826 Tocoo
945 779 957 824 .·

559 876 781 968 FrederIcns‚
798 887 880 967 eto,
900 880 941 950 ll.
966 877 1012 952 de
1032 881 1279 954 lloutelnsculo
1294 881 1480 975 justitiario
1504 881 1712 974 CapitInale,
1731 891 1800 954 etc.
1822 881 1918 956 llan-

513 996 638 1070 damus
668 997 824 1071 fidelitati
855 1009 914 1072 tue
947 1011 1117 1093 qnatenus
1151 1005 1313 1076 omnibus
1343 1003 1490 1098 captiuo
1525 1001 1726 1075 LombardIs
1760 1025 1850 1096 qnos
1883 1005 1917 1075 in

512 1141 656 1214 regnum
675 1131 829 1194 nostrum
846 1123 960 1196 Sicilie
977 1125 1150 1200 mictimne
1166 1149 1246 1198 cum
1264 1128 1390 1220 galeis,
1410 1147 1592 1220 quousque
1610 1126 1775 1218 assignati
1794 1127 1918 1200 fuerint

513 1245 700 1316 baronibus
726 1255 761 1317 ct
787 1247 952 1319 militibus
976 1247 1137 1322 fidelihus
1160 1251 1303 1339 nostrie,
1333 1271 1482 1344 qnorum
1507 1249 1662 1322 custodie
1685 1249 1915 1344 deputantur,

513 1367 558 1440 de
577 1369 725 1461 pecunia
742 1369 838 1441 curie
853 1377 968 1442 nostre
985 1371 1115 1465 quode
1130 1373 1354 1464 justitiariatu
1371 1384 1431 1445 luo
1450 1381 1500 1444 est
1518 1395 1578 1467 per
1596 1393 1719 1444 manus
1733 1382 1829 1462 tuas,
1846 1395 1916 1446 mo·

513 1491 664 1564 deratam
695 1493 937 1565 comestionem
970 1493 1121 1587 tribuas,
1148 1495 1193 1568 de
1219 1493 1285 1590 hys
1312 1518 1382 1590 que
1407 1495 1547 1570 dederIs
1572 1497 1742 1570 cautelam
1767 1494 1916 1568 debitam

511 1625 725 1708 recepturus.

561 1739 683 1810 Datum
701 1737 796 1833 apud
810 1739 922 1830 Pisas,
938 1739 1047 1812 XXVI
1060 1740 1271 1831 decembris,
1289 1741 1366 1814 XIII
1382 1741 1589 1816 indictionis.

566 2257 788 2340 Mandatum
805 2257 853 2339 ed
872 2255 1097 2339 Ilicoardum
1121 2257 1323 2342 Pulcernm
1349 2260 1397 2341 de
1422 2259 1599 2342 barkecte
1622 2260 1738 2342 Isclae
1759 2259 1912 2342 Ilenrioo

513 2388 653 2472 Abbati
671 2389 902 2498 assignanda
916 2399 959 2470 ut
976 2390 1016 2470 in
1035 2388 1202 2472 Siciliam
1219 2415 1289 2498 pro
1308 2389 1468 2474 servitiis
1486 2392 1612 2474 curiae
1629 2400 1808 2474 transeat.

595 2587 719 2668 (Iltpeat
735 2589 838 2668 imper.
854 2586 972 2650 Ibcdcr.
987 2589 1025 2662 II,
1037 2589 1091 2651 Iol.
1105 2597 1142 2651 48
1157 2596 1254 2663 recto;
1271 2593 1303 2650 lu
1316 2591 1388 2653 edlt.
1402 2589 1538 2664 dorcam,
1553 2609 1581 2669 p
1598 2591 1681 2669 tto.)

561 2763 609 2832 Ile
630 2761 799 2854 imperiali
817 2762 971 2834 mandato
987 2764 1077 2852 sacto
1089 2785 1153 2856 per
1165 2764 1359 2856 capistrum
1380 2765 1423 2836 R.
1445 2761 1488 2832 de
1506 2763 1651 2856 trajecto
1664 2765 1797 2858 compsit
1816 2765 1854 2838 G.
1873 2763 1910 2834 dc

515 2887 636 2956 rocco:
661 2891 665 2899 '

565 3035 582 3075 a
594 3007 807 3098 FrederIcns,
821 3019 904 3098 ete,
915 3009 956 3079 ll.
968 3007 1014 3080 de
1026 3007 1180 3098 Pulcam,
1193 3018 1259 3082 elo.
1276 3008 1366 3092 Quia
1379 3009 1421 3080 Η.
1433 3007 1602 3080 Abbntem
1616 3007 1753 3080 fidelem
1764 3017 1910 3080 nostrum

516 3156 533 3198 n
552 3129 591 3202 in
607 3130 759 3202 Siciliam
785 3151 847 3225 pro
872 3131 995 3202 nostris
1017 3131 1165 3202 servitiu
1184 3129 1414 3221 destInamns,
1438 3129 1589 3202 fidelitati
1614 3139 1673 3200 ton
1696 3127 1912 3224 precipiendo

516 3279 534 3322 a
551 3253 757 3325 mandamus
767 3263 941 3347 qnatenus
954 3275 1033 3326 cum
1046 3253 1091 3326 ad
1110 3263 1144 3325 le
1155 3254 1363 3348 pervenerit,
1380 3253 1410 3324 si
1424 3251 1618 3347 expedierit
1632 3253 1782 3326 servitiis
1796 3251 1913 3324 uostris

515 3399 630 3449 »cum
653 3376 704 3448 ire
722 3397 783 3472 per
804 3396 918 3468 mare,
939 3375 1044 3449 iacias
1066 3375 1179 3450 eidem
1202 3376 1245 3446 Η.
1267 3377 1391 3448 armari
1409 3376 1608 3449 barkectam
1631 3373 1716 3446 Iscle
1735 3375 1772 3444 in
1792 3395 1859 3468 qna
1879 3373 1911 3443 in

517 3527 533 3566 u
550 3499 701 3572 SiciIIam
715 3509 863 3572 transeat
880 3519 943 3594 pro
960 3499 1109 3570 servitiu
1124 3497 1247 3570 nostris
1266 3496 1479 3570 commodine
1496 3507 1531 3570 et
1546 3497 1691 3570 celerius
1706 3495 1880 3568 faciendis.

564 3624 721 3695 »Datum
739 3621 836 3718 apud
852 3621 964 3714 Pisae,
981 3621 1088 3692 XXVI
1106 3619 1310 3712 decembris,
1327 3621 1402 3692 XIII
1422 3619 1666 3692 indicione.»

562 3745 697 3817 Caesute
714 3755 795 3816 sunt
811 3744 894 3839 qnia
910 3765 979 3816 non
1001 3744 1139 3814 luerunt
1155 3745 1346 3836 assignate,
1365 3745 1428 3816 sed
1446 3743 1600 3815 restitute
1616 3742 1652 3812 in
1670 3761 1806 3814 cornera
1822 3740 1911 3812 salvo

513 3868 626 3962 sigillo
644 3867 738 3962 apud
757 3867 909 3959 logiam,
926 3867 1000 3938 VIII
1015 3866 1144 3960 aprilis,
1165 3865 1242 3937 XIII
1263 3865 1475 3938 indictionis.

316 4437 480 4527 caselle..
571 4407 755 4492 Henrions
774 4405 903 4489 Abbes
921 4403 969 4486 de
986 4403 1161 4512 Trapanc
1182 4413 1220 4485 et
1233 4401 1351 4512 judex
1369 4399 1489 4511 Major
1509 4400 1557 4482 de
1575 4397 1771 4482 quenalis
1789 4391 1916 4477 remit-

515 4553 649 4626 tuntur
671 4567 760 4625 cum
788 4539 906 4650 galeis
932 4539 972 4618 in
999 4564 1161 4647 regnum
1189 4562 1260 4646 pro
1286 4534 1488 4618 deferenda
1514 4531 1674 4642 pennula
1700 4531 1750 4612 ad
1778 4526 1913 4610 curiam

518 4676 616 4759 siout
641 4674 788 4758 deferre
810 4681 1103 4774 consueverunt,
1124 4694 1242 4778 quam
1260 4667 1423 4776 recipere
1449 4665 1587 4750 debent
1605 4663 1656 4746 ab
1680 4657 1908 4746 officialibus.
