4246 5906
502 631 563 694 532
1000 637 1212 698 rutunntct
1238 635 1411 697 sncunut
1723 639 1804 716 [llus.
1824 637 1909 700 1239.

501 765 611 838 tribus
626 766 738 861 equis,
755 777 789 840 et
804 771 1025 864 portitoribus
1035 774 1152 847 avium
1174 773 1340 867 ipsarum,
1362 771 1505 844 cuilibet
1520 793 1584 867 pro
1599 793 1638 848 se
1656 783 1691 846 et
1705 773 1906 867 equitaturis

500 908 618 960 eornm
633 899 668 962 et
685 911 748 985 pru
763 892 888 966 avibus
902 895 984 990 ipsis
999 896 1035 966 in
1049 895 1223 969 veniendo
1238 893 1350 990 usqne
1364 892 1411 966 ad
1424 895 1632 989 presentiam
1645 903 1815 983 nostrum,
1838 915 1907 968 ex-

500 1033 624 1105 pensas
637 1013 741 1103 juxta
755 1015 910 1090 assisiam
923 1021 1019 1092 curie
1035 1028 1149 1094 nostre
1163 1019 1247 1092 dare
1259 1039 1436 1112 procures,
1449 1027 1649 1112 recepturus
1663 1019 1708 1091 ab
1720 1019 1772 1091 eis
1785 1017 1831 1092 de
1842 1019 1905 1114 hys

499 1153 568 1226 que
585 1133 668 1227 ipsis
687 1135 826 1210 dederis
844 1140 1044 1235 apodixem.

545 1259 669 1328 Datum
687 1257 868 1350 Cremona,
888 1263 1012 1335 XXllll
1030 1263 1246 1351 novembris,
1268 1262 1345 1334 lllll
1364 1261 1575 1334 indictionis.

545 1379 679 1464 Quibus
696 1381 822 1456 licteris
843 1385 1009 1478 sigillatis
1023 1385 1131 1460 Xlllll
1152 1385 1259 1458 madii
1284 1395 1368 1479 aput
1389 1384 1567 1478 Neapolim
1589 1384 1625 1456 in
1652 1406 1789 1457 camera
1811 1385 1904 1458 resi-

495 1505 628 1595 gnatis,
649 1527 728 1575 cum
751 1506 856 1578 nichil
871 1519 1047 1604 receptum
1068 1509 1207 1581 luerita
1229 1507 1323 1580 dicto
1336 1507 1455 1599 judice
1469 1508 1647 1603 Philippo,
1673 1508 1828 1604 predicto
1847 1508 1903 1580 die

495 1627 681 1698 factasunt
703 1629 818 1702 lietera
835 1631 961 1723 bajulis
978 1633 1108 1722 Baruli,
1126 1633 1215 1703 sient
1233 1631 1279 1704 de
1301 1631 1431 1704 eisdem
1450 1632 1605 1726 predicto
1626 1631 1800 1705 dialectis
1820 1642 1903 1726 aput

493 1749 671 1844 Neapolim
687 1751 830 1824 interius
845 1756 1039 1826 continetur
1052 1753 1117 1850 (l).

540 1875 588 1943 Dc
603 1876 761 1946 mundato
775 1881 864 1968 sacto
875 1901 938 1970 per
950 1879 1142 1970 mapistrum
1159 1879 1197 1949 ll.
1221 1878 1261 1948 de
1282 1880 1431 1970 Trujecto
1445 1879 1580 1972 scripsit
1594 1879 1681 1950 t'dcm
1695 1875 1745 1972 (a)
1760 1901 1773 1944 :

541 1997 754 2090 Frederieus,
767 2001 967 2092 etc.,judici
981 2002 1137 2096 Philippo
1152 2001 1197 2075 de
1208 2001 1353 2094 Aversa,
1366 2009 1432 2074 etc.
1445 2003 1534 2073 Eece
1547 2001 1719 2074 mictimus
1732 1999 1778 2072 ad
1787 2009 1900 2094 partes

490 2121 615 2214 Apulia
636 2123 912 2196 Bartholomeum
934 2124 979 2196 de
996 2125 1182 2218 logotheta
1209 2126 1435 2198 falconarium
1457 2135 1491 2196 et
1508 2123 1644 2197 fidelem
1669 2131 1844 2211 nostrum,
1864 2134 1900 2194 ut

490 2243 538 2316 ibi
566 2245 738 2317 custodiat
765 2248 931 2340 falconem
958 2259 1112 2321 nostrum
1136 2269 1200 2320 sue
1230 2247 1386 2320 custodie
1407 2246 1622 2341 deputatum.
1651 2245 1819 2318 Fidelitati
1841 2256 1899 2318 tue

490 2369 709 2465 precipiendo
729 2370 933 2444 mandamus
950 2381 1121 2466 quatenus
1137 2369 1252 2444 eidem
1269 2371 1507 2443 Bartholomeo
1524 2391 1585 2464 pro
1599 2391 1650 2459 se,
1667 2367 1805 2441 duobus
1818 2391 1896 2440 scu·

490 2493 582 2567 teriis
599 2503 633 2566 et
650 2493 762 2566 tribus
779 2496 879 2589 equis
895 2517 1067 2592 expensas
1085 2495 1217 2569 tribuas
1239 2518 1260 2567 a
1279 2493 1436 2568 kalendis
1448 2493 1598 2589 proximi
1612 2492 1740 2566 mensis
1751 2489 1899 2584 januarii

488 2617 524 2688 in
554 2626 675 2706 antea,
695 2637 878 2711 quousque
896 2619 1025 2691 ibidem
1047 2640 1109 2713 pro
1128 2618 1268 2692 servitio
1286 2625 1402 2690 nostro
1417 2617 1605 2690 morabitm
1623 2617 1726 2707 juxta
1741 2615 1898 2688 assisiam

487 2738 583 2812 curie
597 2749 730 2831 nostra,
746 2751 948 2836 recepturus
965 2743 1012 2814 ab
1028 2763 1070 2815 eo
1085 2741 1131 2815 de
1146 2742 1211 2837 hys
1226 2740 1374 2836 quesibi
1394 2739 1533 2814 dederis
1548 2739 1749 2835 apodixam.

534 2865 657 2935 Datum
674 2859 728 2962 [ut
742 2861 875 2962 cupra}

533 2985 664 3060 Lietere
683 2988 746 3062 iste
764 2989 931 3084 rescripte
948 2997 1029 3062 sunt
1047 3009 1109 3085 per
1124 2986 1286 3062 eumdem
1308 2986 1355 3060 ud
1374 2984 1614 3060 Alexandrum
1633 2981 1742 3054 tilium
1760 2981 1895 3056 llenrici

485 3109 552 3184 sub
567 3109 689 3184 eadem
706 3111 787 3186 duta
804 3111 875 3210 (2),
895 3114 977 3208 qnia
989 3111 1103 3206 judex
1119 3113 1299 3208 Philippus
1314 3132 1384 3184 non
1397 3117 1596 3206 susceperat
1609 3107 1773 3181 officinm.

536 3611 759 3699 Mandatum
791 3611 841 3694 ad
875 3611 1145 3720 compalatium
1175 3609 1354 3722 Neapolis
1386 3613 1435 3695 de
1463 3613 1637 3721 expensis
1671 3623 1709 3696 et
1739 3614 1892 3698 runcino

483 3744 558 3829 alio
576 3744 799 3829 exhibendis
820 3743 1023 3828 Guillelmo
1041 3745 1089 3826 de
1106 3743 1269 3830 Mazaria
1285 3743 1530 3829 marescallae
1547 3745 1712 3833 rallettn.

524 3895 567 3978 (a)
588 3897 703 3960 Setllcet
715 3904 752 3960 ut
763 3897 879 3960 ridetur
891 3896 929 3957 P.
944 3895 979 3956 dc
998 3896 1111 3976 Capua.

516 4133 551 4206 (t)
569 4132 611 4190 Ad
624 4147 705 4189 suum
724 4131 813 4190 locum
831 4131 900 4190 hanc
919 4131 1039 4190 notitiam
1056 4131 1225 4205 reponimus,
1245 4131 1311 4188 dum
1331 4130 1369 4189 ita
1386 4131 1416 4186 in
1434 4129 1567 4204 immacu
1586 4128 1743 4188 exhiheatur
1759 4129 1837 4201 quasi
1856 4129 1887 4186 ed

480 4229 636 4288 mandatnm
648 4229 811 4302 praecedens
822 4234 974 4303 spectarat,
988 4227 1089 4286 oberto
1102 4226 1306 4288 Fallamunachu
1323 4227 1465 4284 duonum
1478 4226 1608 4284 lucedice
1627 4241 1693 4284 vau
1710 4224 1888 4300 Phillippsansi

479 4329 573 4386 eadem
586 4333 649 4386 nub
660 4327 695 4386 ad
712 4327 861 4402 marginem
878 4333 952 4386 recte
966 4333 1090 4386 exaratur
1100 4327 1177 4399 J'uxta
1197 4326 1351 4383 mandabam
1361 4325 1396 4383 ad
1408 4325 1560 4400 Phihppum
1573 4325 1608 4382 de
1628 4324 1730 4382 Aversa
1750 4324 1885 4398 scriptum.

478 4425 591 4482 Litterae
602 4426 637 4482 de
652 4425 751 4498 quibus
764 4427 863 4483 mentio
877 4425 907 4482 tit
922 4425 1033 4496 desunt,
1046 4425 1112 4482 dnm
1125 4424 1197 4480 istud
1207 4423 1313 4496 Negasti
1329 4422 1508 4498 iragmentum
1527 4421 1599 4497 quud
1612 4427 1735 4495 superest
1752 4437 1808 4478 nun
1821 4419 1885 4477 ultra

477 4529 584 4579 sertum
596 4523 658 4580 maii
668 4522 740 4580 diem
752 4525 822 4582 tato
836 4523 972 4596 procedat.

515 4620 552 4693 (t)
571 4620 757 4678 verisimiliter
773 4621 846 4694 apud
859 4619 998 4692 Neapolim
1016 4617 1068 4675 sub
1081 4617 1175 4675 ecdem
1192 4617 1236 4674 die
1249 4619 1284 4676 26
1300 4617 1363 4675 maii
1380 4619 1465 4690 tato,
1482 4617 1544 4675 dum
1562 4615 1712 4675 Alexander
1729 4613 1801 4674 lilius
1817 4614 1881 4671 llan-

476 4715 525 4772 n'ci
539 4716 574 4775 ab
587 4717 674 4776 officio
688 4722 792 4775 amotus
804 4716 885 4774 luerit
898 4723 960 4774 ante
971 4717 1088 4789 primum
1095 4713 1163 4787 junii
1177 4714 1259 4772 diem.
