4246 5906
199 617 296 676 luetur.
314 611 377 690 la]
646 605 841 668 HISTORIA
865 603 1154 665 protestamus

1140 895 1383 908 ...n—unu*-

250 1170 427 1254 Mandata
443 1166 549 1249 varia
570 1166 617 1247 de
632 1166 792 1274 pecuma
808 1165 1018 1248 exhibenda
1034 1166 1187 1250 Nicolao
1205 1167 1253 1248 de
1272 1165 1396 1248 Cicala
1415 1179 1452 1248 et
1471 1167 1597 1274 lepide
1675 1180 1726 1266 „¹¹

198 1324 413 1383 marmoreo
436 1298 557 1380 eidem
582 1297 813 1406 assignando
833 1323 902 1406 pro
919 1297 1195 1380 constructione
1212 1297 1325 1378 castri
1352 1299 1513 1404 Capuae.

282 1523 409 1604 (Καμεὶ.
421 1523 524 1602 imper.
539 1517 655 1580 Frcdcr.
673 1520 714 1592 11,
729 1519 781 1582 tol.
795 1528 833 1580 25
847 1535 947 1596 verso3
962 1522 994 1580 ln
1007 1520 1079 1582 edit.
1095 1507 1230 1597 cnon,
1244 1537 1274 1598 p.
1289 1505 1372 1598 272.)

248 1720 295 1788 Dc
310 1716 475 1812 impen'oli
486 1717 641 1790 mundae
655 1695 783 1806 sempsit
795 1715 836 1784 P.
852 1712 891 1784 dc
901 1713 1042 1806 Capro.-

249 1839 467 1929 Fredericns,
486 1849 569 1926 etc,
594 1837 733 1909 Nicolao
757 1837 802 1908 de
817 1835 946 1925 Cicala,
973 1845 1041 1908 etc.
1065 1835 1264 1910 Devotionis
1282 1845 1342 1910 tue
1361 1837 1495 1912 lieteras
1512 1861 1599 1935 quas

200 1972 316 2036 nostro
335 1962 472 2034 culmini
487 1959 683 2049 destinasti,
701 1959 911 2052 benignitate
928 1958 1119 2053 recepimus
1136 1968 1313 2050 consueta,
1331 1961 1484 2034 studium
1500 1971 1599 2036 tuum

200 2069 299 2180 quod
315 2085 423 2156 babes
445 2085 481 2155 in
498 2083 623 2156 nostris
646 2081 795 2154 servitiis
820 2080 1109 2154 commendantes.
1137 2081 1239 2167 Quod
1257 2091 1372 2156 autem
1398 2085 1601 2158 excellentie

200 2219 314 2280 nostre
327 2189 521 2300 significare
539 2205 664 2276 curasti
684 2203 778 2298 qnod
792 2204 1055 2304 arnusturrium
1076 2214 1267 2277 nostrarum
1287 2207 1444 2302 completi
1458 2217 1544 2304 ,sunt
1555 2229 1601 2282 ex

198 2341 296 2426 parte
313 2330 489 2416 suburbii,
506 2328 646 2400 culmini
667 2336 783 2399 nostro
806 2329 932 2422 placet3
950 2336 985 2430 et
1004 2348 1084 2399 ecce
1100 2328 1196 2420 qnod
1214 2349 1275 2424 pro
1297 2329 1453 2426 faciende
1469 2340 1600 2404 astraco

201 2454 347 2524 turrium
366 2452 537 2545 ipsarum,
558 2471 603 2522 ne
626 2429 763 2546 propter
784 2449 938 2544 pluvium
964 2449 1135 2522 devastari
1156 2459 1401 2546 possent,‚per
1422 2433 1546 2548 manus
1563 2457 1600 2526 S.

203 2575 250 2648 de
259 2573 445 2648 Romoaldo
460 2573 687 2668 recollectoris
700 2573 846 2679 pecunie
861 2579 974 2644 nostre
987 2573 1167 2667 pecuniam
1181 2575 1407 2674 necessariam
1421 2575 1482 2647 tibi
1497 2577 1604 2671 preci·

202 2699 318 2794 pimus
334 2695 519 2768 ministrari
536 2695 566 2766 si
580 2697 625 2768 de
637 2695 782 2790 pecunia
794 2695 934 2768 collecte
947 2694 992 2767 ad
1008 2717 1095 2790 opus
1109 2696 1223 2791 ipsum
1237 2697 1427 2790 specialiter
1442 2698 1604 2792 deputate

203 2841 271 2892 non
293 2819 417 2909 habes3
440 2839 633 2912 superque
657 2819 768 2911 ipsum
787 2819 840 2902 S.,
855 2818 884 2888 si
907 2816 1116 2910 expedierit,
1143 2819 1269 2912 requiri
1286 2819 1390 2892 facies
1411 2831 1445 2892 et
1469 2801 1605 2910 lictores

202 2962 290 3032 quas
310 2940 375 3010 sibi
394 2939 539 3034 pmvide
561 2939 734 3012 miotimus
749 2939 914 3032 assignari
930 2941 1113 3012 castellano
1131 2941 1265 3034 Capua,
1290 2951 1330 3014 ut
1352 2942 1498 3038 petitum
1515 2945 1604 3040 lapi-

203 3063 282 3134 dem
301 3045 525 3134 marmoreum
545 3062 605 3131 tibi
625 3083 685 3154 pro
702 3063 777 3154 ipso
793 3083 897 3156 opere
915 3063 1017 3134 faciat
1033 3064 1209 3156 assignari.

252 3187 376 3256 Datum
396 3183 489 3278 apud
502 3184 671 3272 laudem,
687 3185 794 3255 XVlll
811 3185 1023 3272 novembris,
1039 3187 1116 3256 Xlll
1134 3186 1342 3261 indictionis.

252 3306 383 3379 Eodem
397 3307 454 3378 die
469 3306 514 3379 de
528 3305 648 3378 eodem
670 3305 832 3378 mandato
849 3307 984 3401 scripsit
1000 3307 1094 3379 idem
1112 3308 1158 3379 ad
1178 3311 1398 3383 castellanum
1415 3311 1548 3409 Capua,
1567 3324 1606 3386 ut

204 3433 355 3524 assignet
370 3429 518 3523 lapidem
536 3449 763 3500 marmoreum
782 3429 920 3501 Nicolao
939 3451 1001 3522 pro
1014 3451 1117 3523 opere
1130 3433 1273 3503 turrium
1290 3435 1417 3530 Capue.

254 3553 336 3624 item
356 3553 465 3622 codem
479 3553 532 3622 dic
550 3552 590 3622 de
608 3551 716 3622 eodem
734 3553 890 3624 mandato
906 3555 1037 3646 scripsit
1051 3553 1164 3624 idem:

253 3674 466 3762 Fredericus,
480 3685 561 3764 etc,
576 3675 746 3768 Stephano
760 3675 803 3747 de
815 3675 1012 3766 Romoaldo‚
1029 3685 1094 3748 etc.
1111 3676 1324 3771 Significavit
1338 3681 1478 3752 culmini
1492 3691 1606 3757 nostro

203 3797 364 3868 Nicolaus
377 3795 422 3868 de
432 3796 543 3868 Cicuta
554 3795 665 3868 fidelis
677 3807 794 3869 noster
808 3819 845 3869 se
855 3797 900 3869 de
912 3797 1056 3892 pecunia
1072 3801 1211 3871 collecte
1221 3799 1267 3872 ad
1277 3822 1363 3896 opus
1373 3804 1517 3876 turrium
1532 3828 1607 3879 nos-

205 3929 334 3990 trarum
349 3940 417 4011 qne
430 3917 517 3988 fiunt
530 3918 645 4012 Capua
662 3918 825 4012 deputate
839 3941 899 4013 pro
916 3921 1104 3993 laborando
1116 3921 1151 3992 in
1167 3923 1243 4016 ipso
1261 3945 1365 4018 opere
1376 3947 1448 3997 non
1466 3927 1604 4002 babere.

207 4040 294 4113 Cum
309 4040 415 4131 igitur
433 4040 579 4112 velimus
596 4040 691 4133 quod
706 4062 767 4134 pro
782 4042 937 4115 iaciendo
953 4052 1084 4114 astraco
1102 4045 1247 4116 turrium
1268 4057 1463 4122 nostrarum
1480 4073 1524 4123 ne
1548 4073 1608 4147 per

206 4161 363 4258 pluviam
377 4161 548 4236 devastari
567 4172 716 4257 possent,
737 4164 802 4237 sibi
821 4167 1011 4238 necessaria
1028 4167 1172 4260 pecunia
1186 4168 1366 4262 tribuatur,
1384 4171 1609 4248 fidelitati'tne

209 4284 431 4378 precipiendo
450 4285 654 4358 mandamus
669 4297 837 4380 quaterms
855 4288 901 4360 ad
917 4289 1173 4381 requisitionem
1185 4291 1339 4382 ejusdem
1355 4295 1483 4369 Nicolai
1496 4295 1608 4371 fidelis

209 4406 318 4476 nostri
346 4405 391 4478 de
416 4407 562 4500 pecunia
591 4408 685 4480 curie
712 4419 847 4496 nostre,
876 4411 936 4482 tibi
960 4412 1007 4486 ad
1033 4413 1300 4506 recolligendum
1327 4419 1523 4511 commissa,
1546 4443 1608 4515 pro

211 4528 378 4600 faciendis
395 4530 534 4602 astracis
551 4531 635 4625 ipsis
652 4531 791 4607 studeas
808 4533 975 4607 exhibere
986 4544 1020 4608 et
1037 4535 1179 4631 recipias
1190 4537 1318 4611 exinde
1333 4541 1531 4635 apodixem.

261 4652 383 4723 Datum
397 4649 446 4748 [ut
462 4650 593 4750 supro}

289 4773 325 4835 v·
725 4861 727 4867 Α
1397 4745 1401 4751 1
1413 4802 1449 4854 65
