4278 5920
505 557 545 620 86
1004 563 1217 628 uutuuutct
1246 565 1420 642 SECUNDI
1725 568 1805 646 [burt.
1825 569 1911 632 1237.

504 691 673 787 imperiali
688 693 930 768 nichilominus
945 699 1147 772 auctoritate
1162 699 1403 774 confirmantes
1419 698 1532 774 eidem
1554 703 1760 776 monasterio
1781 724 1912 798 posses·

503 815 617 888 siones
642 839 730 912 quas
749 817 893 891 dilectus
917 829 1034 893 noster
1055 823 1224 918 Repertus
1245 823 1434 898 advocatus
1459 823 1573 897 eidam
1600 825 1675 898 looo
1697 825 1913 920 deputavita

502 961 722 1035 quacumque
742 964 889 1037 persona
913 944 1045 1018 liberali
1071 948 1129 1019 vel
1154 949 1269 1022 servili
1295 958 1437 1022 actenus
1460 948 1527 1020 sub
1555 949 1670 1044 specie
1696 959 1812 1022 nostre
1837 972 1913 1044 por·

502 1063 661 1137 rectionis
677 1064 754 1160 (ric)
771 1067 897 1140 fuerint
915 1068 1066 1160 delente,
1083 1073 1238 1146 volentes
1251 1094 1311 1146 eas
1325 1073 1530 1146 utilitatibus
1548 1072 1764 1146 dominarum
1779 1095 1914 1145 summa

502 1187 659 1260 libertato
677 1189 846 1263 famulari.
865 1192 953 1265 Huic
969 1194 1072 1266 etiam
1091 1193 1276 1268 donaciani
1293 1195 1490 1269 addicimus
1510 1205 1578 1268 tres
1589 1217 1691 1288 ¹areas
1707 1196 1741 1266 in
1759 1195 1912 1268 orientali

501 1321 598 1406 parte
613 1311 769 1404 ejusdem
784 1314 926 1388 ecclesia
948 1315 1043 1407 sitas,
1065 1316 1186 1390 decem
1208 1318 1336 1392 solidos
1354 1320 1533 1393 annuatim
1555 1319 1740 1392 solventes.
1758 1317 1914 1390 Preterea

501 1436 663 1508 volumus
682 1447 721 1508 ut
738 1437 907 1532 quicquid
927 1437 1020 1512 idem
1037 1439 1282 1514 monasterium
1306 1441 1470 1538 deinceps
1484 1441 1529 1516 de
1551 1442 1650 1514 bonis
1666 1441 1799 1536 imperii
1812 1441 1914 1532 justis

501 1559 613 1633 modis
639 1560 783 1656 adipisci
806 1565 957 1658 potuerit
984 1566 1059 1638 sive
1081 1588 1143 1662 per
1174 1567 1382 1664 emptionem
1411 1567 1487 1640 sive
1516 1589 1579 1663 per
1604 1565 1912 1639 commutacionem

501 1684 577 1757 sive
608 1707 671 1781 per
696 1687 960 1760 elemosinarum
987 1689 1203 1784 largitionem
1230 1691 1287 1764 vel
1314 1691 1381 1763 alio
1406 1711 1627 1785 quocumque
1647 1692 1741 1783 justo
1765 1688 1913 1761 modoa

500 1831 709 1903 quacunque
723 1832 868 1905 persona
884 1813 959 1885 sive
982 1814 1088 1886 libera
1105 1815 1208 1887 luerit
1222 1815 1296 1888 sive
1310 1814 1542 1887 ministerialis
1559 1813 1707 1908 imperii,
1725 1813 1827 1886 etiam
1843 1833 1913 1885 non

499 1933 665 2028 requisito
689 1957 795 2030 super
819 1935 885 2008 boc
912 1937 1104 2033 specialiter
1131 1959 1275 2012 assensn
1302 1948 1418 2014 nostro
1443 1947 1503 2012 aut
1526 1941 1725 2034 exspectata
1751 1937 1912 2027 scientia,

500 2059 623 2133 eadem
645 2062 737 2134 bona
759 2069 792 2134 et
810 2063 951 2136 licenter
972 2063 1114 2159 recipiat
1130 2073 1164 2136 et
1188 2065 1224 2136 in
1242 2063 1338 2136 omni
1356 2063 1515 2136 libertate
1534 2071 1640 2157 atque
1662 2061 1779 2157 quiete
1802 2061 1916 2156 possi-

500 2183 581 2258 deat
597 2185 691 2258 omni
710 2185 979 2260 contradictione
999 2199 1171 2279 cessante;
1195 2189 1242 2276 ita
1261 2197 1299 2260 nt
1322 2189 1417 2262 nulla
1436 2189 1493 2260 lex
1512 2187 1683 2282 generalis
1702 2186 1759 2260 vel
1781 2185 1915 2281 privata

499 2309 566 2382 boc
581 2310 695 2382 valeat
712 2309 895 2404 impedire.
912 2311 1082 2405 imperiali
1102 2312 1208 2406 igitur
1226 2313 1432 2385 auctoritate
1447 2311 1657 2408 precipimus
1672 2310 1817 2382 utnulla
1831 2330 1915 2404 per-

499 2453 584 2506 sona
617 2435 781 2507 secularis
814 2435 870 2506 vel
900 2435 1133 2508 ecclesiastica
1161 2437 1333 2531 prelatum
1366 2435 1612 2508 monasterium
1638 2435 1674 2505 in
1706 2433 1810 2505 rebus
1841 2433 1915 2505 suis

499 2567 617 2630 contra
633 2567 785 2630 tenorem
804 2540 909 2652 hujus
926 2559 1097 2654 privilegii
1121 2561 1303 2633 molestare
1319 2567 1505 2656 presumat.
1526 2556 1627 2644 Quod
1646 2558 1675 2630 si
1698 2557 1777 2651 quis
1801 2559 1914 2630 iacere

499 2682 765 2778 presumpserit,
789 2693 903 2776 preter
928 2683 1201 2778 indignationem
1230 2683 1292 2756 Dei
1316 2681 1558 2776 omnipotentis
1584 2703 1689 2776 quam
1711 2681 1823 2776 ipsum
1842 2702 1914 2755 no-

498 2805 614 2878 vimus
638 2806 878 2896 incursurum,
902 2805 1070 2901 imperiali
1095 2805 1210 2879 edicto
1234 2805 1419 2878 statuimus
1441 2815 1481 2878 ut
1505 2805 1564 2877 XL
1586 2804 1692 2877 libras
1718 2803 1794 2877 auri
1819 2825 1913 2877 com·

500 2941 605 3024 ponat
631 2951 766 3002 camare
795 2927 890 3023 regie
915 2928 1125 3003 inserendas.
1154 2928 1209 3002 Ad
1237 2929 1341 3022 bajus
1369 2929 1474 3024 igitur
1495 2929 1546 3001 rei
1569 2927 1769 3001 memoriam
1792 2949 1915 3024 perpe-

500 3064 594 3126 tuam
612 3075 753 3150 presens
772 3053 992 3149 privilegium
1011 3053 1114 3148 sigilli
1131 3053 1236 3125 nostri
1253 3052 1477 3148 impressione
1494 3051 1745 3124 roboravimus.

548 3180 664 3252 Testes
695 3179 799 3270 hujus
829 3178 878 3250 rei
910 3187 991 3250 sunt
1023 3205 1032 3248 ε
1060 3177 1276 3249 Hermannus
1301 3177 1464 3272 magister
1492 3174 1617 3249 domus
1643 3174 1853 3248 Tbentonioe
1878 3183 1916 3248 et

499 3302 680 3395 Hugoldus
705 3304 807 3374 frater
822 3323 908 3372 suus
929 3301 1047 3393 miles,
1071 3301 1302 3374 Godescalcus
1326 3301 1537 3374 monetarius
1561 3298 1606 3372 de
1628 3297 1821 3372 Northusan
1837 3294 1910 3395 (l),

499 3428 676 3502 conradus
695 3437 731 3500 et
747 3425 915 3498 Henricus
935 3433 1163 3520 cognomento
1181 3423 1402 3518 Horneboge,
1427 3424 1619 3518 burgenses
1640 3421 1685 3496 de
1698 3421 1910 3516 Northusan,

499 3563 533 3626 et
551 3553 609 3626 alii
626 3551 862 3648 quamplures.

545 3679 691 3770 Signum
708 3675 839 3748 domini
855 3672 1019 3748 Friderici
1034 3673 1269 3746 Romanorum
1289 3671 1380 3768 ragis
1397 3667 1475 3770 (sic)
1490 3671 1610 3744 invicti
1626 3681 1662 3744 et
1676 3670 1769 3766 regis
1783 3669 1908 3743 Sicilie.

545 3800 630 3874 Acta
657 3808 738 3872 sunt
763 3799 828 3871 beo
854 3819 945 3871 anno
969 3795 1100 3870 domini
1127 3795 1175 3870 Μ.
1190 3795 1252 3870 CC.
1266 3797 1442 3890 XXXVII,
1464 3794 1652 3870 indictione
1672 3795 1722 3890 X,
1747 3804 1913 3890 regnante

496 3925 619 4000 eodem
637 3921 828 4014 Friderioo,
850 3923 1081 3996 Romanorum
1106 3941 1189 4016 rege
1210 3942 1343 4018 semper
1360 3930 1529 4016 augusto,
1548 3941 1640 3994 anno
1659 3921 1734 4014 ejus
1750 3921 1849 4016 regni
1874 3920 1910 3992 in

496 4049 640 4146 imperio
654 4047 799 4120 XXXIX
812 4045 879 4144 (2).

532 4295 567 4370 (t)
587 4296 618 4353 ld
630 4301 673 4353 ast
687 4295 818 4368 magister
829 4299 960 4365 menatae,
976 4307 1038 4348 eum
1055 4291 1150 4348 civitas
1160 4289 1352 4349 Nortbuseusis
1363 4291 1407 4364 jus
1419 4289 1534 4348 cudendi
1544 4295 1679 4347 monetam
1692 4288 1813 4347 baberet
1828 4290 1868 4347 De
1879 4305 1910 4347 rs

494 4395 574 4468 bajus
593 4393 707 4452 civitatis
729 4391 890 4462 monetaria,
911 4390 972 4447 ride
992 4391 1195 4460 Fonsrsrrnrur,
1219 4403 1301 4462 opera
1323 4389 1408 4460 citat„
1427 4403 1491 4463 pars
1510 4389 1545 4459 1¹,
1566 4403 1594 4462 p.
1620 4391 1717 4457 ott-um
1737 4387 1908 4461 quiquidem

495 4493 585 4566 pluras
601 4495 723 4548 monebo
745 4488 849 4546 tabulas
866 4486 961 4558 raiert,
980 4485 1051 4543 inter
1070 4501 1139 4559 quas
1156 4499 1238 4542 unam
1255 4501 1317 4543 oum
1340 4485 1416 4543 leona
1434 4491 1461 4542 at
1481 4485 1523 4542 bis
1540 4485 1643 4542 circum
1663 4483 1757 4542 litteris
1772 4502 1780 4540 r
1796 4485 1908 4544 CVNRL

492 4589 641 4650 cusum
653 4586 839 4647 uvutrvru
852 4585 924 4656 .1‚id
935 4589 978 4641 ast
992 4583 1104 4642 Oumllo
1118 4583 1238 4640 Gunratt'
1250 4583 1414 4656 unaaruprr
1425 4583 1584 4655 (monetarii)
1597 4582 1711 4656 factum.

532 4688 567 4762 (Ξ)
585 4687 652 4746 Cum
669 4685 747 4760 plura
760 4685 813 4742 sint
826 4683 854 4740 in
868 4683 919 4740 boc
932 4679 1071 4756 privilegio
1084 4685 1177 4738 contra
1195 4679 1303 4739 solitum
1318 4680 1521 4738 cancellariatus
1533 4681 1633 4755 stylum
1648 4679 1765 4737 admissa
1780 4685 1809 4736 et
1822 4695 1908 4753 pacu-
