4224 5898
200 610 297 672 bom.
317 608 383 686 12]
649 607 845 667 HISTORIA
871 605 1163 668 otanoaartct.
1552 609 1612 670 269

202 753 312 838 partes
327 743 404 816 ittae
422 740 568 836 expedit
587 761 651 814 uos
670 741 811 830 venire;
834 741 929 814 unde
950 762 1073 814 noscas
1096 740 1331 813 indubitanter
1352 761 1417 814 uos
1441 749 1612 816 transacto

201 867 361 962 proximo
376 868 465 938 testo
477 864 687 961 Epiphanio,
707 874 921 938 assumturos
937 865 1076 938 favente
1091 865 1239 938 Domino
1260 865 1352 937 viam
1373 871 1542 956 nostram;
1565 867 1613 940 ita

199 989 296 1084 quod
311 1011 424 1084 usque
442 989 489 1062 ad
506 989 599 1062 diem
616 989 851 1061 conversionis
874 988 968 1062 beati
991 989 1089 1062 Pauli
1107 987 1159 1084 (t)
1186 990 1241 1062 oet
1264 989 1375 1080 eirca,
1397 990 1613 1084 sperabimus

201 1122 236 1185 te
248 1123 283 1186 et
298 1114 384 1184 alios
404 1123 540 1186 nostros
553 1110 674 1184 fidelos
696 1112 742 1184 de
758 1111 909 1184 biarobia
923 1112 1082 1214 visitare,
1100 1123 1135 1184 et
1153 1113 1375 1208 superiectis
1393 1113 1502 1207 ipsius
1519 1114 1611 1185 Mar-

200 1237 278 1308 obie
297 1257 377 1308 oum
395 1245 456 1309 tuo
475 1246 510 1308 et
529 1236 673 1308 aliorum
692 1246 886 1314 nostrorum
910 1234 1065 1308 fidelium
1093 1237 1237 1308 consitio
1259 1235 1355 1330 quod
1378 1237 1496 1308 utilius
1512 1237 1613 1310 fuerit

198 1360 375 1432 iaciemus.

247 1483 372 1554 Datum
388 1481 566 1574 Cremona,
583 1483 648 1555 ΧΗ
665 1482 832 1556 kalendas
842 1483 1006 1576 januarii,
1023 1503 1115 1555 anno
1128 1481 1265 1556 Domini
1285 1483 1333 1554 Μ.
1347 1481 1410 1555 CC.
1424 1483 1607 1556 xxxvto.

249 2061 460 2170 Imperator
485 2063 588 2170 apud
606 2061 785 2145 Parmam
804 2060 930 2144 natale
947 2059 1101 2145 Domini
1122 2059 1288 2144 celebrat
1302 2059 1431 2169 ibique
1449 2085 1608 2168 reprae-
1663 2061 1780 2168 stiffi,

195 2203 364 2278 sentatae
391 2193 464 2275 sibi
486 2193 658 2277 electioni
681 2221 705 2276 a
730 2194 933 2302 praedietis
962 2193 1145 2276 iratribus
1164 2192 1285 2276 iactae
1308 2194 1357 2275 de
1379 2192 1495 2276 fratre
1514 2194 1606 2278 Ste—
1639 2167 1807 2214 namuro.

193 2327 321 2436 phano
357 2326 408 2408 ab
443 2327 724 2436 archiepiscopo
768 2327 999 2412 Messaneusi
1030 2325 1071 2406 in
1105 2325 1283 2408 abbatem
1321 2325 1604 2434 Cassiuenmm,

193 2485 307 2542 suum
321 2459 427 2542 dedit
438 2485 652 2542 assensum.
670 2459 771 2541 Rrec.
788 2486 834 2539 nn
848 2459 889 2542 S.
906 2459 1095 2562 Germano,
1114 2459 1285 2541 Gtrooio.
1307 2460 1358 2541 ad
1376 2485 1468 2562 ann.
1487 2463 1604 2566 1258,

193 2619 255 2701 ap.
277 2591 483 2698 Moundou,
501 2591 709 2702 scriptor„
730 2601 760 2674 t.
781 2591 927 2700 V11,p.
952 2592 1068 2674 1041.

401 2903 681 2917 ψ’...

241 3172 472 3274 Fridericus‚
498 3171 760 3254 Romanorum
779 3169 1000 3278 imperator,
1024 3177 1158 3252 notum
1178 3167 1268 3252 iacit
1289 3194 1329 3252 se
1347 3171 1505 3256 omniuo
1532 3199 1601 3257 se-
1651 3174 1786 3280 [23ξῶξῇ

190 3305 360 3389 ountatis
386 3305 532 3386 litteras
555 3303 732 3414 episeopo
749 3303 968 3386 Prenestino
987 3329 1010 3385 a
1027 3329 1126 3410 papa
1144 3303 1184 3383 in
1206 3302 1444 3386 vainoiam
1470 3317 1602 3390 oontra

189 3439 398 3522 haereticos
433 3439 613 3547 deputato
647 3437 860 3545 denegare,
893 3436 1129 3544 mandatque
1166 3434 1270 3518 fideli
1309 3462 1379 3518 suo
1416 3447 1460 3520 ut
1499 3442 1602 3548 apud

189 3597 385 3654 summum
412 3568 630 3679 pontificem
662 3567 839 3678 persistat
872 3568 921 3652 de
949 3567 1033 3677 ipso
1063 3567 1239 3676 episcopo
1266 3595 1289 3650 a
1316 3569 1504 3678 legatione
1529 3598 1599 3654 re-

186 3705 371 3788 vocando.

268 3903 397 3983 (tradit.
421 3921 459 3964 ex
478 3904 545 3964 eod.
570 3903 679 3962 Phliot.
700 3901 778 3964 Bibl.
793 3901 891 3962 Cesar.
907 3899 1090 3978 vindobon,
1109 3909 1142 3959 n·
1160 3909 1229 3974 ³05,
1251 3899 1301 3960 iot.
1327 3909 1384 3962 tto
1405 3909 1596 3969 racto-verso.

306 4009 405 4071 Codex
420 4011 475 4068 iste
488 4007 603 4068 meudb
618 4014 727 4081 metet,
742 4023 870 4084 quarum
884 4005 1078 4067 evidentiores
1091 4005 1298 4086 oorroximue.)

234 4180 442 4270 Fridericus‚
463 4191 529 4252 eto.
547 4179 679 4252 Recens
694 4189 747 4251 ost
762 4179 810 4250 rei
828 4189 924 4272 geete
942 4179 1126 4270 memoria,
1144 4180 1270 4272 injurie
1287 4183 1476 4276 penetratio
1491 4205 1599 4280 pones

185 4327 248 4378 nos
273 4316 325 4378 est
349 4305 460 4378 altiori
479 4303 680 4378 necessitate
705 4303 849 4375 fundata
870 4303 1018 4397 qualiter
1039 4304 1299 4377 Penestreusem
1322 4307 1539 4402 episcopum,
1560 4331 1599 4384 so

185 4429 286 4502 uobis
299 4439 334 4502 et
351 4429 495 4524 imperio
511 4437 628 4502 nostro
643 4428 844 4524 probantem
863 4427 1008 4500 inomni
1025 4437 1154 4499 eventu
1171 4429 1398 4523 eontrarium,
1418 4452 1598 4506 commen-

218 4715 255 4788 (ι)
274 4714 562 4790 sortmmjanuurt
