4224 5898
199 531 378 658 rexere]
647 575 1162 640 ursuonrsurrneusrrca
1552 576 1609 637 arr

200 717 356 788 lecerunt
369 713 431 808 qui
447 712 559 785 sciam
572 712 629 784 vel
649 709 697 808 (o)
715 712 848 808 possint
865 731 1005 785 canmm
1026 713 1093 786 sibi
1109 710 1327 786 commissam
1350 731 1420 784 uon
1438 709 1551 782 inutili
1566 708 1612 807 (t)

198 837 361 934 prosequi
391 835 507 908 studio
525 844 561 907 et
576 833 733 909 infideles
756 836 887 931 absque
907 835 1036 909 offensa
1059 835 1214 910 fidelium
1239 835 1461 931 perscrutari,
1484 835 1613 930 quibus

199 970 314 1058 presto
336 982 458 1034 sumum
487 957 609 1032 adesse
633 959 779 1050 debitis,
803 969 843 1032 ut
868 969 1040 1047 tenemur,
1064 960 1197 1034 auxilio
1221 968 1256 1032 et
1281 960 1399 1032 lavore
1422 957 1467 1030 ad
1499 968 1613 1032 exter-

199 1085 344 1158 minium
361 1083 511 1156 beretioe
521 1082 712 1178 pravitatis.
729 1083 853 1156 Subest
868 1084 934 1156 alia
943 1085 1036 1176 justa
1056 1083 1102 1156 de
1114 1092 1212 1156 motu
1224 1094 1341 1155 nostro
1359 1082 1461 1154 simul
1477 1091 1512 1154 et
1526 1084 1613 1156 ratio

198 1209 379 1284 manifesta
397 1207 537 1302 quodsi
555 1207 736 1280 transitum
753 1207 904 1302 episcopi
922 1207 1101 1280 memorati
1125 1207 1275 1302 permitti
1294 1206 1431 1296 liberet,
1462 1215 1510 1276 tot
1532 1215 1614 1277 sunt

198 1334 300 1427 longe
317 1333 454 1427 lateque
469 1329 590 1404 lideles
603 1331 713 1404 nostri
725 1341 897 1404 amatores
910 1331 1060 1404 nominis
1075 1339 1109 1404 ot
1125 1330 1283 1420 honoris,
1300 1351 1388 1423 qnos
1404 1330 1497 1403 illata
1513 1330 1614 1402 nobis

199 1475 260 1550 per
272 1477 354 1528 eum
373 1455 526 1550 respexit
540 1453 685 1546 injuria,
704 1455 765 1549 qui
787 1454 887 1528 uobis
904 1455 1100 1528 tacentibus
1117 1465 1152 1528 et
1169 1453 1308 1526 remotis
1329 1454 1365 1524 iu
1389 1462 1520 1526 autum
1535 1476 1614 1548 per-

199 1597 283 1650 sone
315 1598 441 1650 nomen
473 1577 696 1650 abborrerent
721 1587 761 1650 ut
788 1577 911 1650 auditu
936 1578 1085 1650 nominis
1111 1577 1158 1652 ad
1184 1577 1374 1650 vindictam
1403 1586 1615 1672 patratorum

199 1721 402 1774 excessuum
411 1709 651 1792 moverentur,
672 1710 799 1776 etcum
818 1711 895 1798 post
910 1723 1051 1777 causam
1068 1701 1265 1776 inchoatam
1283 1722 1359 1774 sero
1373 1710 1489 1795 posset
1503 1723 1613 1774 reme-

200 1825 297 1898 dium
314 1825 477 1920 eogitari‚
496 1847 707 1920 quamquam
719 1824 757 1898 id
771 1825 867 1920 quod
879 1825 1077 1920 displiceret
1091 1846 1227 1898 summo
1243 1823 1395 1920 pontifici
1410 1825 1531 1896 merito
1549 1845 1613 1896 nos

199 1957 378 2042 gravaret,
402 1948 520 2043 quoad
542 1969 723 2044 personam
751 1959 866 2022 nmen
892 1949 1052 2044 patientie
1072 1949 1233 2041 injuriam
1262 1948 1472 2022 tolerabilem
1500 1947 1612 2020 duce-

199 2094 328 2146 remus.
350 2071 427 2158 Quo
442 2073 534 2146 circa
548 2072 715 2146 industrie
730 2083 789 2148 tue
802 2071 853 2170 (l)
865 2072 1071 2146 mandamus
1088 2082 1123 2146 et
1135 2073 1236 2166 justis
1253 2073 1501 2168 imperantibus
1520 2074 1613 2146 voci·

199 2196 266 2269 bus
283 2198 458 2270 enamntis
474 2195 516 2294 (i)
528 2197 625 2292 quod
640 2197 736 2294 apud
751 2195 795 2294 (c)
811 2219 987 2272 summum
1002 2197 1199 2294 pontificem
1217 2197 1263 2272 de
1284 2199 1360 2293 ipso
1384 2197 1547 2294 episcopo
1567 2199 1614 2270 ab

201 2319 356 2414 injuncta
375 2321 546 2415 legatione
566 2321 757 2394 consultius
780 2321 976 2396 revocando
1000 2323 1182 2419 persistes,
1208 2325 1255 2395 ita
1275 2322 1371 2417 quod
1399 2323 1426 2394 ei
1449 2325 1614 2418 processit
1640 2399 1641 2404 a

200 2443 335 2538 regredi
350 2457 572 2540 procuretur,
593 2467 658 2520 nec
681 2468 720 2520 ee
737 2446 774 2520 in
796 2447 884 2520 bato
901 2449 1122 2522 temerarium
1141 2448 1264 2522 odorat
1285 2469 1390 2542 quem
1409 2447 1614 2543 provocavit

201 2568 329 2642 tociens
345 2567 392 2640 ad
409 2568 587 2642 offensam.

253 3153 486 3262 Fridericus‚
515 3153 778 3240 Romanorum
811 3156 1036 3266 imperator,
1072 3155 1258 3242 uniuersis
1293 3159 1402 3270 regni
1437 3159 1614 3246 fidelibus
1676 3229 1703 3260 α
1722 3175 1765 3206 ¹¹”0

201 3295 335 3368 notum
354 3285 446 3368 lecit
464 3286 559 3395 quid
574 3286 615 3368 in
628 3287 859 3372 Lombardia
876 3299 1008 3372 contra
1026 3289 1185 3374 rebelles
1203 3317 1293 3376 suos
1311 3293 1430 3403 egerit
1447 3303 1485 3377 et
1502 3321 1614 3404 egere

202 3416 392 3526 disponet,
414 3443 523 3508 mora
546 3444 617 3502 sue
634 3419 675 3502 in
701 3419 763 3502 his
779 3421 953 3530 pertibus
977 3422 1122 3504 diutius
1148 3432 1360 3532 protracta3
1381 3429 1614 3538 mandatque

202 3561 244 3632 ut
266 3549 317 3632 ad
346 3575 487 3634 nevam
514 3551 712 3634 collectam
740 3552 912 3636 hilariter
938 3565 1192 3666 consurgant,
1220 3583 1342 3666 quum
1372 3560 1613 3666 praeteritam

205 3681 492 3767 subventionem
509 3693 615 3766 tenta
633 3683 813 3793 patientia
832 3687 1149 3796 supportaverint.

250 3868 292 3948 (a)
314 3869 372 3931 Illo
398 3873 588 3932 amanuensis
609 3874 730 3933 omniuo
753 3876 927 3954 somnterlt,
949 3875 1022 3936 dum
1041 3879 1189 3954 repetierit
1209 3877 1395 3960 etsocmmt,
1412 3881 1514 3945 addita
1535 3883 1614 3946 lluee

198 3975 377 4053 permisci
389 3974 493 4057 mter
502 3983 600 4057 presto
617 3995 715 4039 morer
728 3976 825 4040 adme
839 3976 962 4058 deditir5
974 3997 1050 4060 quae
1063 3983 1186 4061 quldem
1198 3985 1293 4046 multo
1302 3989 1413 4065 Jusdus
1426 3989 1516 4066 paulo
1534 3991 1613 4053 lutra

202 4095 288 4142 mum
298 4081 397 4143 locum
410 4083 534 4144 obtinet.

243 4183 283 4265 (e)
305 4185 342 4246 m
356 4186 456 4248 eone
469 4185 576 4267 ester.

241 4289 282 4372 (e)
301 4289 395 4372 sper
406 4295 438 4354 m
451 4294 660 4358 coereeat.

238 4581 272 4654 (t)
291 4581 476 4641 verisimiliter
495 4585 610 4657 ltogerio
622 4585 814 4643 Poroeetrellae
828 4585 895 4644 baec
905 4586 956 4645 luit
969 4587 1126 4647 transmissa
1139 4589 1264 4664 epistola,
1279 4591 1325 4664 qrri
1343 4597 1408 4650 tunc
1423 4595 1551 4668 temporis
1564 4597 1612 4654 im·

203 4677 309 4750 perialia
321 4679 426 4752 negotia
438 4680 467 4737 iu
479 4681 554 4740 cuna
565 4683 683 4741 ltomeue
696 4683 919 4758 prosequebatur.
