4278 5920
470 589 530 653 130
969 592 1186 656 nimici
1209 589 1385 652 SECUNDI
1692 593 1773 678 [dn.
1793 597 1877 659 1237.

467 735 503 800 et
527 725 606 800 aliis
625 727 888 802 moemitaubns
910 752 1035 804 eornm
1060 731 1167 802 libere
1189 737 1225 800 et
1246 727 1379 819 aisque
1404 727 1526 820 aliquo
1543 729 1626 820 jure
1647 741 1764 805 noetrs
1785 735 1880 808 curie

465 860 646 946 proptera
672 855 904 948 persolvendo
920 855 1077 928 incidero
1092 853 1239 948 pomint,
1257 851 1304 925 de
1330 851 1519 947 imperialis
1540 865 1654 928 nodre
1678 868 1880 931 mansuetu·

465 973 558 1046 diuis
574 975 685 1069 gratia
704 999 768 1072 pro
785 978 922 1051 cambio
942 979 1026 1052 dicti
1045 979 1111 1050 loci
1130 977 1305 1072 Scuppelli
1332 976 1523 1049 concedere
1546 977 1783 1070 dignaremur.
1807 982 1878 1056 Nos

464 1097 573 1190 igitur
596 1098 816 1174 attendentes
836 1101 944 1175 lidem
972 1125 1096 1198 puram
1125 1111 1161 1174 et
1182 1101 1352 1173 sinceram
1383 1099 1605 1174 derouonem
1635 1125 1742 1196 qnam
1767 1104 1879 1178 didus

464 1221 567 1294 Oddo
595 1243 680 1315 erga
711 1227 924 1317 majestatem
953 1237 1107 1300 nomam
1138 1225 1245 1319 gessit
1270 1235 1306 1297 et
1327 1245 1450 1317 geere
1480 1227 1605 1319 poter-it
1633 1226 1671 1296 in
1701 1228 1875 1320 futurum,

464 1344 618 1418 maxime
642 1345 726 1440 qnia
748 1348 786 1419 in
810 1349 938 1422 nostris
962 1359 999 1422 et
1018 1351 1129 1442 gratie
1152 1359 1268 1421 nosue
1290 1348 1442 1421 servitiis
1459 1349 1591 1441 jugiter
1615 1349 1784 1444 expendit
1802 1351 1879 1424 dies

463 1489 566 1556 snos,
593 1471 905 1566 supplicationibus
929 1474 1003 1546 suis
1031 1475 1184 1566 benigno
1211 1471 1389 1562 adnisus,
1421 1471 1458 1543 in
1484 1471 1705 1546 excambium
1732 1475 1876 1570 predicti

463 1593 530 1666 loci
544 1594 719 1690 Scnppelli
734 1595 926 1691 predictam
941 1607 1065 1670 terram
1083 1597 1266 1670 corilionis
1281 1617 1352 1690 qne
1373 1603 1426 1666 est
1449 1595 1495 1668 de
1514 1617 1610 1668 mero
1628 1596 1789 1671 domanio
1811 1600 1875 1672 im·

462 1717 601 1812 perialis
617 1728 733 1790 nostre
745 1721 862 1810 curio,
883 1723 984 1792 sitam
1004 1721 1041 1792 in
1058 1721 1152 1793 dicta
1169 1721 1283 1791 insula
1299 1731 1416 1792 nostra
1434 1719 1550 1792 Sicilie
1568 1721 1606 1790 in
1623 1721 1716 1793 valle
1732 1722 1878 1795 Mazarie

462 1840 552 1912 nltra
568 1839 698 1913 demon
712 1843 863 1934 Salsum,
885 1865 966 1915 cnm
983 1853 1055 1917 toto
1070 1843 1258 1930 territorio,
1274 1843 1560 1916 situetdistrictn
1570 1863 1877 1927 suo‚cnmnemo-

462 1963 577 2055 ribus,
603 1965 762 2058 pascuis,
787 1967 909 2060 aquis,
932 1968 1031 2040 terris
1051 1969 1118 2040 snb
1139 1967 1240 2062 aquis
1261 1978 1296 2038 et
1318 1967 1395 2040 sine
1420 1969 1539 2060 aquis,
1565 1967 1723 2038 munis
1744 1977 1780 2039 et
1802 1967 1877 2039 aliis

461 2089 742 2184 quibuscumque
763 2091 945 2183 casalinis,
968 2091 1098 2186 prediis
1123 2091 1268 2164 urbanis
1289 2102 1327 2166 et
1345 2091 1530 2163 rusticanis
1552 2092 1708 2184 ejusdem
1731 2099 1819 2164 tere
1843 2100 1877 2164 el

462 2235 543 2286 cum
568 2213 731 2286 omnibns
755 2215 914 2306 juribus,
933 2216 1144 2307 rationibus,
1160 2217 1304 2310 justitiis
1325 2227 1361 2289 et
1379 2217 1593 2312 pertiuentiis
1610 2217 1683 2288 sais
1699 2237 1769 2310 que
1785 2215 1876 2288 dicta

460 2347 551 2410 terra
569 2337 673 2411 habet
690 2349 726 2411 st
742 2337 872 2412 babere
888 2351 1004 2437 sperat
1022 2351 1059 2414 et
1073 2349 1204 2436 potest,
1227 2339 1393 2437 predictis
1410 2339 1610 2413 bominibus
1625 2339 1829 2413 lombardie
1843 2350 1877 2412 et

460 2461 624 2534 omnibus
641 2462 717 2534 aliis
742 2465 804 2558 qni
821 2443 866 2536 de
883 2464 1049 2560 predictis
1065 2465 1224 2561 partibus
1239 2465 1446 2538 lombardie
1462 2464 1509 2537 ad
1526 2463 1655 2537 dimam
1672 2474 1797 2536 terram
1812 2462 1874 2536 Co·

460 2585 591 2658 rilionis
603 2607 766 2682 processu
779 2589 944 2684 temporis
961 2611 1000 2662 ss
1013 2591 1190 2662 conferent
1207 2589 1255 2686 ad
1271 2588 1500 2662 habitandum
1516 2587 1648 2662 ibidem
1667 2583 1729 2686 [et]
1746 2587 1875 2661 exinde

460 2710 658 2784 laciendum
675 2734 738 2808 per
751 2713 913 2787 eumdem
924 2699 1109 2790 Oddonem
1125 2725 1161 2788 et
1172 2713 1319 2787 heredes
1330 2715 1419 2806 ejus,
1432 2721 1537 2808 prout
1551 2713 1678 2785 melius
1691 2713 1743 2785 eis
1757 2713 1874 2785 smum

459 2837 564 2910 luerit
586 2837 773 2933 expedire,
800 2839 844 2912 de
869 2839 1057 2935 imperialis
1087 2851 1203 2914 nostre
1228 2839 1507 2913 mansuetndinis
1536 2839 1648 2933 gratia
1671 2839 1810 2933 speciali
1839 2838 1874 2908 in

459 2970 665 3057 perpetuum
691 2961 859 3036 duximus
883 2965 1153 3039 concedendam.
1185 2967 1330 3061 lnsuper
1346 2965 1509 3038 volumus
1526 2973 1561 3035 et
1583 2961 1790 3034 mandamus
1805 2971 1873 3034 tem

460 3103 523 3180 per
540 3105 604 3157 nos
620 3107 726 3178 qnam
744 3107 807 3181 por
820 3087 970 3160 heredes
982 3099 1017 3162 et
1033 3111 1251 3162 successores
1271 3097 1407 3160 nostros
1422 3086 1518 3182 qnod
1533 3085 1729 3160 distributio
1743 3095 1778 3159 et
1794 3106 1875 3158 con-

459 3207 572 3280 cessio
588 3208 677 3280 lacte
694 3229 756 3303 per
772 3208 903 3281 dictum
923 3210 1105 3285 Oddonem
1125 3213 1184 3284 vel
1204 3211 1280 3304 ejus
1298 3210 1444 3284 heredes
1461 3210 1593 3284 eisdem
1613 3209 1816 3282 lombardis
1839 3218 1874 3282 et

458 3331 621 3404 omnibus
648 3331 725 3404 aliis
745 3333 807 3426 qui
832 3332 878 3406 de
902 3334 1065 3429 predictis
1094 3336 1247 3429 partibus
1278 3334 1484 3407 lombardie
1513 3333 1559 3406 ad
1588 3331 1717 3405 dnum
1747 3341 1872 3404 terram

459 3455 638 3528 corilionis
653 3477 692 3528 se
706 3457 884 3529 conterent
901 3456 947 3530 ad
967 3457 1195 3531 habitandum
1213 3458 1357 3549 ibidem,
1373 3467 1444 3530 tam
1461 3458 1497 3528 in
1521 3456 1657 3551 scriptis
1674 3477 1780 3550 qnam
1797 3457 1872 3527 siue

458 3579 613 3674 scriptis,
633 3580 803 3674 presentis
828 3581 997 3675 privilegii
1022 3581 1129 3653 nostri
1151 3580 1361 3654 authoritate
1383 3588 1551 3675 perpetuo
1573 3581 1699 3652 robore
1717 3578 1787 3650 sint
1805 3577 1872 3651 du-

458 3711 588 3776 rature,
609 3705 660 3775 De
688 3703 931 3777 abundantiori
960 3727 1101 3800 qnoque
1125 3705 1235 3799 gratia
1261 3714 1377 3776 nostra
1402 3704 1565 3777 volumus
1590 3711 1625 3776 et
1650 3701 1872 3776 oonmdimus

459 3824 556 3921 quod
570 3847 691 3900 omnes
704 3825 914 3901 habitatores
932 3827 1088 3920 ejusdem
1108 3837 1198 3900 tene
1214 3827 1394 3900 Corilionis
1408 3826 1454 3900 de
1471 3827 1640 3899 territorio
1661 3827 1737 3919 ejus
1753 3833 1789 3898 et
1807 3825 1872 3896 cir-

459 3950 732 4043 cumjacentibus
748 3951 843 4046 ligna
858 3951 942 4025 viva
969 3973 1032 4048 pro
1051 3950 1213 4025 domibus
1237 3961 1272 4023 et
1295 3951 1436 4022 ruribus
1458 3971 1579 4024 eornm
1597 3959 1632 4022 et
1652 3956 1789 4020 monna
1809 3967 1872 4042 pro

458 4075 541 4170 igne
557 4083 592 4148 et
607 4073 684 4146 aliis
706 4075 966 4149 necessitatibus
982 4077 1115 4172 possint
1134 4075 1306 4167 incidere,
1326 4085 1361 4148 et
1386 4073 1481 4170 quod
1503 4071 1789 4168 sumant'pascua
1809 4091 1872 4166 pro

460 4215 579 4270 eorum
599 4195 806 4270 animalibus
832 4198 868 4270 in
892 4199 1015 4272 endem
1041 4199 1211 4272 territorio
1235 4199 1342 4272 libere
1359 4207 1394 4272 ot
1417 4199 1550 4292 absque
1573 4197 1691 4291 aliquo
1707 4197 1786 4288 juro
1807 4215 1872 4289 per

458 4341 519 4394 eos
539 4321 597 4393 vel
626 4319 773 4394 herodes
799 4343 918 4395 eorum
942 4331 1111 4420 perpetuo
1133 4321 1382 4418 persolvendo,
1409 4323 1507 4396 salvo
1534 4330 1649 4394 tamen
1669 4339 1732 4413 per
1753 4317 1869 4389 omnia

460 4443 623 4518 mandato
640 4453 676 4516 et
694 4444 910 4520 ordinatione
926 4455 1055 4520 nostra.
1074 4447 1129 4519 ad
1150 4447 1256 4538 hujus
1274 4457 1390 4518 antem
1409 4453 1526 4518 nostro
1546 4441 1780 4516 concessionis
1800 4460 1869 4512 me·

459 4568 604 4642 moriam
625 4577 749 4642 ettam
776 4569 963 4666 imperialis
988 4581 1105 4645 nostro
1123 4571 1217 4644 curie
1234 4568 1475 4644 certitudinem
1492 4566 1543 4664 (a)
1565 4588 1670 4662 qnam
1689 4564 1772 4638 dicti
1795 4561 1867 4636 Od-

500 4707 542 4790 (a)
564 4709 601 4771 In
613 4711 755 4789 lmprssso
767 4707 977 4789 ebitudinem
991 4709 1078 4775 mule.
