4228 5892
327 3494 391 3550 lpus

304 3549 413 3660 tter·

491 550 553 613 340
991 560 1205 622 Fatohlucl
1232 558 1407 622 secono!
1714 561 1797 640 [An.
1814 560 1900 624 lm.

490 685 625 760 mentiri
645 691 853 785 presumpsit
867 692 965 787 quod
987 715 1107 768 omnes
1130 695 1218 768 fatui
1239 701 1322 766 sunt
1342 693 1405 788 qui
1421 693 1568 766 credunt
1583 695 1679 768 nasci
1699 694 1747 768 de
1761 695 1901 789 Virgine

488 809 601 882 Deum
616 813 677 906 qni
695 815 824 886 creavit
843 825 1001 890 naturam
1023 829 1058 891 et
1074 819 1208 910 omnia,
1230 817 1395 914 potuisse.
1412 817 1508 890 Hanc
1533 815 1681 890 heresim
1704 817 1764 891 illo
1786 838 1900 892 errore

489 931 695 1008 confirmans
718 937 814 1031 quod
838 939 956 1012 nullus
977 941 1073 1014 nasci
1097 941 1209 1036 potnit
1238 943 1338 1034 cujus
1362 949 1566 1036 conceptum
1590 941 1658 1014 viri
1685 949 1721 1014 et
1746 941 1899 1016 mulieris

488 1059 684 1150 conjunctio
701 1081 770 1134 non
794 1063 979 1154 precessit,
999 1072 1034 1135 et
1059 1063 1163 1138 homo
1181 1064 1269 1136 nihil
1290 1063 1396 1138 debet
1421 1063 1520 1136 aliud
1539 1063 1681 1138 credere
1704 1063 1772 1138 nisi
1804 1064 1898 1158 quod

487 1189 600 1276 potest
617 1183 653 1254 vi
673 1193 708 1256 et
727 1185 861 1257 ratione
879 1197 1001 1260 nature
1016 1189 1176 1283 probare.
1199 1189 1273 1262 lieo
1292 1197 1327 1260 et
1343 1187 1411 1262 ulia
1438 1188 1547 1262 mulla
1570 1187 1700 1282 quihus
1721 1187 1840 1260 verbis
1864 1197 1899 1262 ct

487 1305 587 1378 factis
605 1305 806 1381 catholicam
821 1307 925 1383 tidem
938 1311 1157 1406 impugnavit
1169 1321 1203 1384 et
1217 1311 1411 1407 impugnat,
1427 1333 1494 1384 suo
1507 1312 1629 1384 loooet
1641 1321 1796 1406 tempore
1808 1311 1897 1386 sicut

486 1426 586 1501 decet
603 1437 638 1500 et
654 1431 799 1526 expedit
818 1433 1000 1506 manifeste
1017 1445 1180 1530 potemnt
1201 1434 1428 1530 comprobari.
1449 1434 1622 1520 Quocirca
1638 1435 1896 1508 universitaten

485 1559 636 1624 vestram
654 1573 832 1647 rogamus,
849 1577 1031 1630 monemus
1044 1566 1080 1631 et
1093 1557 1272 1633 hortamur
1284 1565 1413 1631 attente
1426 1559 1463 1630 in
1479 1558 1608 1632 virtute
1623 1556 1822 1632 obedientie
1836 1579 1896 1654 per

486 1677 672 1770 apostolica
701 1679 827 1772 scripta
858 1679 1012 1754 districte
1038 1681 1262 1775 precipiendo
1287 1691 1460 1775 quateum
1488 1681 1674 1754 nedictus
1701 1679 1893 1756 fridericus

484 1799 589 1872 corda
616 1798 772 1874 fidelium
796 1803 977 1876 fallacibus
1001 1803 1117 1878 verbis
1147 1803 1350 1878 subvertero
1380 1803 1439 1876 vel
1466 1803 1672 1896 contagione
1695 1823 1759 1876 sua
1787 1803 1893 1900 possit

482 1923 744 2016 quomodolibet
761 1944 903 2018 gregem
924 1924 1137 1998 dominicum
1161 1927 1358 2015 maculare,
1379 1926 1471 1999 clero
1490 1935 1525 2000 et
1544 1927 1674 2022 populo
1690 1925 1792 2001 vobis
1811 1926 1891 2000 snb·

483 2045 565 2119 ditis
579 2046 778 2140 supradicta
792 2048 892 2141 plene
908 2069 949 2120 ac
962 2047 1109 2122 fideliter
1125 2049 1320 2143 exponatis.

530 2169 656 2240 Datum
674 2170 843 2258 Laterani,
860 2169 1068 2247 duodecimo
1085 2171 1252 2246 kalendae
1264 2171 1342 2265 julii
1359 2170 1427 2268 (l),
1447 2171 1665 2268 pontificatus
1682 2174 1792 2246 nostri
1803 2191 1892 2248 anno

482 2292 618 2366 decimo
636 2293 747 2366 tertio.

531 2416 694 2490 Clausala
711 2439 815 2512 supra
831 2419 953 2512 sorpto
964 2420 1108 2490 mittitur
1125 2418 1255 2490 domiuo
1270 2419 1343 2512 rapi
1361 2413 1528 2516 [anplius]
1545 2440 1620 2490 cum
1637 2417 1749 2492 &terra
1758 2441 1891 2511 procae

482 2539 648 2628 dentibus,
666 2541 724 2612 hoc
743 2541 864 2613 umdo:
887 2567 904 2610 u
924 2541 1091 2626 Quocirca
1107 2543 1325 2616 serenitatem
1343 2543 1474 2636 regiam
1495 2543 1703 2616 monendam
1727 2542 1892 2616 dommus

482 2673 517 2736 et
536 2661 741 2736 hortandam
755 2672 927 2757 quatenus
942 2664 1141 2760 supradicta
1154 2665 1218 2738 tibi
1231 2665 1338 2740 facias
1352 2665 1535 2758 diligenter
1548 2667 1692 2762 exponi,
1707 2688 1754 2740 ue
1769 2667 1890 2762 regulis

480 2785 676 2860 innocentie
693 2787 825 2882 puritas
846 2790 956 2882 possit
971 2789 1088 2861 verbis
1106 2789 1287 2862 fallacibus
1303 2790 1483 2862 maculari.

529 2912 653 2982 Datum
669 2910 841 3004 Laterani,
857 2923 888 2984 ct
903 2921 1032 2984 enchra
1044 2922 1082 2985 ut
1097 2933 1216 3006 supro.
1238 2939 1254 2976 r

692 3219 839 3232 w·

530 3481 764 3593 Fridericus,
793 3483 1052 3569 Romanorum
1073 3485 1295 3594 imperator,
1315 3485 1550 3570 universitati
1573 3483 1712 3569 civium
1735 3485 1885 3597 Aptan-

477 3618 579 3702 sium
597 3618 665 3729 qui
687 3617 850 3701 confessi
868 3617 1023 3702 fuerunt
1043 3643 1067 3702 a
1084 3618 1167 3702 solo
1189 3617 1348 3728 imperio
1365 3629 1404 3703 et
1421 3644 1445 3703 a
1463 3645 1504 3703 sc
1520 3617 1740 3704 consulatus
1757 3619 1886 3730 digni-

479 3761 597 3835 tatem
624 3751 843 3836 immediate
868 3751 1032 3858 hahere,
1065 3777 1089 3834 a
1121 3762 1289 3862 tempore
1314 3749 1425 3862 cujus
1451 3776 1529 3834 non
1556 3761 1660 3836 extat
1683 3751 1883 3860 momoria,

511 4089 550 4162 (l)
569 4086 622 4161 hp.
637 4083 801 4145 hetthaeum
813 4085 1005 4158 Parisiensam,
1018 4085 1118 4144 mensis
1131 4087 1232 4144 nohtio
1249 4083 1439 4159 chronologica
1456 4086 1497 4145 ita
1509 4091 1553 4144 est
1566 4101 1574 4142 t
1585 4083 1741 4144 madelmo
1757 4085 1884 4145 kuhudct

467 4184 550 4256 juuff
564 4186 603 4262 (at
623 4184 712 4258 maii);
726 4198 772 4257 up.
787 4183 959 4257 Raynuldum
972 4200 1036 4244 vero
1048 4183 1173 4243 hlmdft
1190 4183 1275 4258 fulti,
1289 4199 1403 4242 numero
1421 4183 1626 4258 praetermisso,
1638 4182 1712 4257 quod
1731 4183 1818 4257 primo
1826 4181 1885 4256 jolii

472 4282 526 4342 diei
539 4281 692 4356 respondet.
709 4280 858 4352 Utramque
875 4286 965 4338 umen
978 4282 1142 4340 notationem
1153 4281 1312 4339 mendosam
1328 4297 1390 4340 mee
1402 4281 1554 4356 opinamur,
1568 4280 1635 4337 dum
1645 4281 1669 4337 ei
1681 4280 1801 4354 priorem
1811 4281 1885 4358 acej-

471 4380 590 4454 piamue,
604 4377 715 4437 breuius
726 4377 855 4451 tempods
866 4375 1033 4436 intervallum
1045 4392 1189 4454 superesse
1200 4377 1324 4436 videatur
1337 4393 1422 4452 quam
1435 4383 1465 4434 ut
1478 4377 1609 4452 imperiali
1622 4375 1748 4452 epistolae
1756 4376 1801 4436 die
1814 4379 1882 4438 vioe·

472 4479 540 4536 simo
549 4476 643 4552 aprilis
655 4475 836 4550 praecedente
847 4476 966 4551 scriptae
977 4476 1005 4533 in
1015 4477 1089 4534 curia
1100 4491 1212 4534 romam
1224 4481 1330 4534 matura
1342 4481 1372 4534 et
1384 4476 1538 4549 singulatim
1551 4477 1586 4533 ad
1597 4475 1715 4550 capitula
1726 4489 1884 4551 responsum

470 4575 560 4633 luant.
580 4575 610 4634 si
623 4573 686 4649 quis
699 4579 790 4632 autem
803 4573 874 4640 julil
887 4591 936 4648 pro
950 4573 1043 4646 juutt,
1057 4573 1136 4633 unius
1156 4574 1261 4632 litterae
1277 4573 1420 4634 emendato
1437 4573 1529 4648 lapsu,
1547 4573 1653 4648 legerit,
1668 4573 1793 4648 papalem
1810 4571 1881 4647 epis·

472 4674 555 4734 telam
567 4672 666 4734 maban
679 4677 737 4732 turn
750 4689 858 4747 rerum,
873 4678 932 4730 tum
944 4671 1073 4746 temporis
1085 4671 1174 4731 ordini
1187 4676 1310 4746 aptatam
1321 4669 1378 4730 fore
1389 4685 1444 4730 non
1455 4671 1575 4746 negabit.
1686 4693 1690 4700 ¹
