4242 5904
420 561 480 624 lte
917 557 1135 618 tutuuttct
1162 557 1336 618 secutum
1645 556 1723 640 [aar
1741 558 1826 622 1238„

416 693 591 768 Friderioo
616 712 684 764 avo
702 699 820 764 nostro
838 700 953 762 nostre
971 690 1167 763 celsitudini
1186 690 1416 784 presentavit,
1432 689 1607 764 humiliter
1628 687 1829 787 supplicans

416 827 457 890 nt
476 817 590 910 ipsum
606 815 773 887 innovare
787 823 822 885 et
836 813 953 886 omnia
976 833 1047 906 que
1068 814 1287 886 continentur
1307 815 1345 885 in
1367 834 1410 887 eo
1427 812 1630 888 confirmare
1644 813 1691 887 de
1714 826 1828 888 nostra

416 941 528 1034 gratia
545 937 786 1031 dignaremur5
803 937 905 1028 cnjus
920 947 1017 1008 tenor
1031 937 1110 1008 talis
1126 945 1179 1008 est
1195 961 1204 1006 :

465 1064 504 1135 ln
518 1062 786 1134 nominesaucta
798 1069 834 1131 et
848 1057 1031 1132 individue
1046 1059 1232 1130 Trinitatis.
1250 1057 1458 1147 Fridericns,
1472 1057 1593 1132 divina
1608 1059 1748 1132 favente
1760 1061 1828 1132 cle·

418 1185 545 1256 mentia
563 1185 794 1255 Romanomm
818 1183 1001 1276 imperator
1021 1191 1205 1274 angustus.
1227 1181 1385 1252 Officium
1404 1181 1623 1274 imperatorie
1644 1183 1829 1274 majestatis

416 1310 526 1380 allec
539 1306 641 1378 nobis
663 1303 832 1377 creditum
849 1304 999 1398 postulat
1021 1315 1056 1376 et
1077 1305 1232 1376 bortatur
1258 1313 1296 1375 nt
1316 1303 1504 1396 unicuique
1525 1303 1721 1398 principum
1742 1305 1828 1376 alio·

416 1449 564 1522 rumque
581 1425 735 1498 fidelium
754 1425 889 1519 imperii
912 1428 992 1518 jura
1017 1446 1081 1497 sua
1104 1445 1350 1498 conservemus
1372 1433 1408 1496 et
1432 1424 1602 1518 imperiali
1622 1426 1830 1520 protectione

415 1554 585 1626 iaciamus
600 1570 642 1622 ea
665 1549 755 1621 lelici
777 1558 868 1620 statu
885 1547 1050 1640 gaudere.
1070 1549 1199 1620 Verum
1224 1569 1304 1619 cum
1323 1567 1427 1618 omne
1450 1547 1580 1618 bonum
1602 1547 1648 1620 de
1666 1549 1829 1620 securiori

416 1673 624 1746 conscientia
636 1671 803 1766 procedit,
820 1691 899 1740 cum
916 1679 1054 1763 propter
1065 1671 1177 1742 Deum
1190 1669 1230 1740 fit
1243 1669 1304 1762 qui
1323 1690 1402 1740 cum
1419 1668 1502 1740 tacti
1517 1678 1569 1740 est
1582 1690 1686 1742 causa
1700 1671 1831 1742 confert

416 1806 452 1869 et
466 1797 616 1890 palmam
642 1794 771 1881 meriti,
794 1793 1025 1865 necessarium
1049 1791 1217 1863 duximus
1237 1791 1402 1885 precipue
1425 1792 1577 1863 ecclesiis
1594 1804 1630 1864 et
1651 1794 1830 1865 eeclesias-

416 1917 493 1990 ticis
508 1917 662 2012 personis
677 1936 779 2010 opem
800 1927 835 1986 ct
853 1937 994 2008 operam
1011 1914 1246 1988 misericordie
1264 1913 1447 1985 clementer
1460 1914 1679 2009 impendere,
1697 1925 1732 1988 et
1744 1915 1828 1988 dum

416 2041 453 2111 in
477 2039 629 2112 ecclesiis
653 2037 727 2110 suis
744 2048 777 2110 et
795 2037 948 2109 cenobiis
966 2058 1029 2132 pro
1045 2037 1145 2109 nobis
1161 2047 1197 2109 et
1217 2057 1280 2130 pm
1301 2045 1418 2108 nostra
1436 2037 1546 2109 salute
1567 2039 1678 2109 Deum
1701 2039 1830 2132 jugiter

415 2163 653 2257 interpellant,
670 2160 715 2232 ab
734 2159 929 2232 incursibus
942 2169 976 2232 et
995 2159 1240 2253 inquietudine
1253 2160 1464 2231 exteriorum
1479 2159 1697 2255 imperatoria
1709 2162 1830 2254 majes-

416 2294 486 2358 tate
512 2292 735 2378 protegautur
756 2293 789 2356 et
813 2282 1015 2377 quotidiana
1038 2283 1277 2358 insultantium
1307 2283 1460 2354 molestie
1485 2281 1690 2356 defensione
1716 2293 1829 2356 nostra

415 2407 658 2502 reprimantur.
683 2407 870 2501 Eupropter
894 2414 1014 2477 notum
1036 2427 1112 2478 esse
1132 2407 1296 2477 volumus
1324 2413 1394 2478 tam
1416 2407 1567 2500 presenti
1594 2405 1676 2477 etati
1695 2406 1830 2500 imperii
1907 2431 1909 2434 ·

417 2529 573 2602 fidelium
587 2550 695 2623 quam
708 2549 907 2601 successere
919 2528 1107 2622 posteritati
1123 2531 1220 2624 quod
1236 2551 1301 2601 nos
1315 2529 1442 2600 iutuitu
1460 2528 1580 2602 divine
1595 2530 1830 2602 retributionis

418 2653 581 2726 dilectum
596 2673 638 2725 ac
653 2650 791 2724 fidelem
811 2661 966 2724 nostrum
982 2652 1206 2724 Vuillermum
1225 2653 1385 2725 abbatem
1405 2654 1517 2723 Sancti
1531 2653 1689 2746 Eugendi
1707 2665 1741 2724 et
1756 2657 1831 2746 ejus

417 2797 633 2848 successores
647 2783 682 2848 et
699 2795 818 2846 omnes
831 2797 999 2868 personas
1017 2775 1148 2847 ibidem
1164 2779 1237 2848 Deo
1257 2776 1460 2848 famulantes
1475 2785 1510 2847 et
1525 2775 1636 2870 ipsam
1652 2777 1829 2848 ecclesiam

418 2908 453 2970 et
470 2899 644 2972 abbatiam
661 2898 697 2968 iu
715 2907 865 2969 nostram
884 2899 1129 2992 protectionem
1142 2900 1373 2994 suscepimus,
1391 2909 1426 2970 et
1439 2899 1555 2972 omnia
1572 2900 1726 2994 ipsorum
1741 2900 1831 2973 bona

418 3022 560 3094 mobilia
592 3030 627 3093 et
655 3020 844 3092 immobilia
870 3041 1058 3114 omnesque
1085 3021 1238 3116 ipsorum
1270 3022 1433 3094 ecclesias
1460 3032 1564 3116 atque
1599 3022 1832 3116 possessiones

418 3167 566 3239 quarum
580 3144 721 3216 nomina
738 3144 856 3215 subter
870 3143 1020 3216 notanda
1040 3143 1227 3236 duximus,
1245 3145 1297 3218 eis
1313 3145 1482 3241 imperiali
1497 3145 1696 3216 auctoritate
1707 3143 1831 3215 confir-

419 3289 555 3340 mamus
572 3292 581 3337 ε
602 3266 763 3339 videlicet
779 3267 893 3338 locum
909 3267 1023 3362 ipsum
1041 3267 1076 3337 in
1093 3289 1164 3360 quc
1181 3268 1248 3340 sita
1270 3277 1322 3340 est
1343 3289 1423 3340 cum
1438 3268 1601 3341 omuibus
1623 3266 1831 3362 appenditiis

419 3389 510 3480 snis;
526 3389 562 3460 iu
576 3409 664 3484 pago
677 3388 900 3480 lugdunensi
914 3390 1092 3462 ecclesiam
1106 3391 1222 3462 Sancti
1234 3391 1384 3462 Wilbalii
1397 3413 1476 3462 cnm
1491 3390 1730 3486 appendentiis
1742 3391 1829 3481 suis,

420 3512 598 3585 ecelesiam
615 3513 740 3583 Sancte
756 3511 940 3603 Columbe,
960 3513 1139 3585 ecclesiam
1162 3516 1277 3584 Sancti
1296 3514 1433 3585 Martini
1457 3514 1502 3587 de
1525 3513 1625 3585 Nova
1645 3513 1734 3584 vitta
1751 3534 1831 3582 cum

420 3635 552 3730 capella
567 3635 682 3705 Sancti
699 3633 855 3722 Andros,
882 3636 1059 3708 ecclesiam
1079 3635 1123 3708 de
1142 3637 1305 3708 Pontiaco
1322 3659 1403 3708 cum
1422 3637 1575 3731 prioratu
1598 3645 1633 3708 et
1648 3635 1778 3730 capella
1796 3644 1832 3708 et

419 3757 496 3830 aliis
525 3757 734 3852 appenditiis
761 3779 881 3830 eorum
911 3757 1073 3831 videlicet
1105 3759 1219 3830 Sancti
1252 3759 1339 3833 Petri
1369 3770 1403 3832 ct
1430 3761 1545 3831 Sancti
1573 3757 1827 3852 Christopbori,

421 3881 600 3952 ecclesiam
617 3879 662 3954 de
676 3881 817 3975 Bodago
835 3891 869 3954 et
885 3879 930 3954 de
943 3881 1116 3975 Syliniaco
1131 3902 1209 3953 cum
1222 3881 1352 3975 capella
1367 3883 1489 3954 Sancte
1506 3881 1613 3953 lllarie
1627 3879 1672 3953 de
1684 3879 1827 3968 lieusis,

419 4003 600 4076 ecclesiam
623 4003 667 4076 de
684 4005 854 4076 Cavatmis
870 4027 950 4076 cum
967 4004 1119 4099 prioratu
1136 4015 1170 4076 et
1184 4004 1315 4100 capella
1328 4005 1372 4078 de
1383 4007 1501 4098 Longo
1518 4006 1654 4095 Monte,
1671 4003 1829 4074 ecclesias

419 4127 537 4197 Sancti
547 4127 696 4198 Mauritii
716 4127 761 4198 de
773 4128 883 4200 bocca
903 4137 938 4198 et
951 4128 1119 4222 prioratus
1135 4127 1267 4200 Cosiaci
1289 4136 1324 4200 et
1338 4128 1495 4200 Sanciaci
1515 4149 1596 4199 cum
1611 4127 1703 4197 villis
1716 4137 1751 4197 et
1768 4147 1829 4219 ap·

419 4247 584 4344 penditiis
601 4249 674 4321 suis
689 4261 724 4322 et
738 4252 853 4322 Sancti
869 4251 1006 4322 Martini
1030 4249 1074 4322 de
1089 4249 1223 4323 lluudis
1238 4260 1273 4324 et
1292 4252 1401 4324 sancti
1426 4249 1601 4324 Michaelis
1619 4249 1664 4321 de
1682 4247 1827 4320 Benolco

419 4382 454 4444 et
477 4373 591 4446 Sancti
621 4373 745 4446 Thirici
771 4373 816 4447 de
838 4377 952 4466 Dron,
985 4374 1146 4447 ecclesias
1171 4375 1287 4447 Sancti
1313 4375 1459 4468 Remigii
1484 4386 1518 4448 et
1540 4374 1657 4448 Sancti
1679 4372 1829 4446 blanritii

420 4493 590 4568 deNova
618 4497 707 4569 Villa
735 4519 814 4568 cum
843 4497 997 4594 prioratu
1026 4505 1061 4567 et
1090 4497 1223 4592 capella
1254 4497 1300 4570 de
1329 4499 1470 4588 Castro,
1503 4497 1683 4570 ecclesiam
1713 4494 1829 4566 Sancti

419 4619 580 4711 Romani,
607 4623 787 4695 ecelesiam
811 4623 856 4696 de
879 4621 1129 4710 clemenciam,
1155 4623 1317 4696 ecclesias
1341 4623 1456 4695 Sancti
1480 4621 1644 4696 lobannis
1668 4606 1837 4713 Regionis
