4228 5892
496 595 557 657 ³62
997 599 1212 665 vntnnntct
1236 597 1407 660 SliCleil
1718 599 1800 680 [lin
1818 601 1899 665 lite.

495 727 613 802 illicita
629 737 664 800 et
680 729 806 821 injuria
822 731 1002 804 manifesta
1015 729 1099 829 (n).]
1114 735 1270 806 Ceterum
1281 732 1449 804 mittimus
1463 731 1511 806 ad
1523 755 1587 806 vos
1599 735 1643 807 Η.
1659 743 1695 808 et
1708 735 1750 808 T.
1767 737 1901 810 nuntios

494 860 530 922 et
545 848 667 924 fideles
690 859 824 926 nostros
840 854 902 948 qni
926 865 1042 928 nostre
1065 855 1112 928 ad
1136 877 1201 929 vos
1217 855 1448 930 benivolentie
1470 857 1684 951 propositum
1707 857 1853 930 referent
1868 867 1900 932 et

494 974 669 1067 savorem,
689 995 838 1070 qnorum
854 976 971 1050 verbis
988 977 1155 1052 adhibere
1171 977 1325 1073 poteritis
1342 978 1480 1074 plenam
1499 976 1619 1051 tidem.

700 1275 976 1290 *flm—--m

279 1547 462 1607 ιιιιιιιιιι
542 1523 775 1630 Fridericus‚
794 1525 1054 1610 Romanorum
1072 1525 1295 1635 imperator,
1315 1525 1468 1608 cuidam
1490 1527 1755 1608 communitati
1775 1537 1895 1637 grates

487 1658 568 1768 agit
585 1659 691 1768 quod
707 1657 866 1742 feliciter
882 1684 1065 1742 conversa
1088 1657 1129 1738 in
1150 1657 1447 1742 Mediolanenses
1468 1657 1666 1768 insurgere
1683 1671 1817 1768 paratu
1833 1663 1892 1769 sit,

485 1791 726 1900 ostenditque
749 1801 901 1899 tempus
926 1799 1185 1900 opportunum
1209 1816 1314 1898 esse,
1339 1816 1429 1872 oum
1456 1789 1616 1872 firmiter
1633 1803 1823 1900 proponat
1846 1793 1893 1876 ad

483 1931 610 2032 partes
636 1923 738 2032 ipsas
763 1923 926 2032 dirigere
953 1949 1108 2034 gressus
1133 1949 1248 2030 suos,
1270 1921 1490 2005 fidelitatem
1510 1947 1643 2006 eorum
1665 1948 1891 2008 remunero-

482 2065 606 2138 turus.

563 2253 686 2334 (lnedtt.
701 2271 738 2316 ex
753 2256 820 2317 ced.
830 2254 908 2318 Blhl.
923 2254 1024 2317 Cesar.
1034 2249 1243 2333 Parta-,sondr
1256 2253 1291 2316 S.
1309 2251 1404 2316 &m
1420 2249 1545 2332 neue,
1557 2262 1591 2315 n·
1604 2262 1675 2335 45⁵,
1687 2272 1720 2333 p.
1730 2255 1773 2331 Π,
1784 2265 1818 2317 n·
1826 2255 1887 2336 tlt.)

529 2424 760 2526 [Fredericus,
770 2425 853 2528 eto]
864 2429 1070 2524 Recepimus
1080 2427 1219 2524 pluriter
1229 2436 1265 2499 et
1278 2427 1431 2520 benigne
1444 2427 1576 2500 litteras
1590 2449 1679 2522 quas
1694 2429 1832 2502 misistis
1839 2429 1886 2526 (t)

480 2573 543 2646 per
558 2573 648 2646 quas
664 2551 900 2624 intelleximus
919 2553 1089 2624 sinceram
1108 2549 1213 2624 tidem
1234 2559 1268 2623 et
1289 2551 1466 2645 antiquam
1486 2550 1705 2625 devotionern
1725 2575 1830 2648 qnam
1853 2555 1889 2625 in

480 2675 642 2748 cordibus
657 2677 781 2749 vestris
798 2675 834 2746 in
851 2676 947 2748 omni
964 2675 1112 2771 puritate
1126 2683 1296 2747 servatam
1314 2675 1446 2769 optimo
1460 2683 1613 2770 tempore
1629 2677 1888 2770 magnanimiter

478 2799 660 2872 ostendere
686 2799 918 2895 procurastis,
950 2809 989 2871 nt
1015 2800 1061 2872 de
1089 2799 1252 2894 superbia
1278 2809 1313 2869 et
1343 2795 1547 2870 infidelitate
1577 2797 1886 2872 Mediolanensinm

477 2925 539 3018 qni
548 2923 812 3018 vosopprimere
822 2944 886 3018 pro
897 2943 1017 2996 eorum
1027 2922 1167 2995 arbitrio
1176 2921 1403 3012 conabantur,
1414 2941 1477 2994 vos
1490 2921 1679 3016 prudenter
1688 2931 1724 2994 et
1734 2933 1887 3018 potenter

477 3056 641 3120 excutere
657 3057 692 3120 et
707 3047 922 3120 munimenta
940 3047 1056 3121 debite
1071 3044 1173 3136 fidoi,
1198 3046 1288 3150 sicut
1306 3065 1444 3139 semper
1464 3043 1627 3138 optastis,
1645 3044 1799 3140 recipere
1814 3054 1885 3118 stu·

476 3170 624 3254 demtis,
654 3192 781 3243 nomen
809 3179 965 3242 nostrum
991 3179 1027 3242 et
1055 3168 1191 3264 imperii
1218 3168 1264 3241 ad
1292 3177 1406 3240 vestre
1434 3165 1610 3240 fidelitatis
1638 3167 1884 3262 experientiam

475 3295 698 3385 invocantes;
725 3265 795 3388 qne
820 3303 949 3367 tantam
977 3293 1227 3389 plenitudinem
1252 3291 1363 3386 gratie
1386 3299 1501 3364 nostre
1526 3291 1626 3363 vobis
1654 3291 1826 3364 universis
1852 3301 1885 3366 et

474 3416 619 3512 singulis
644 3417 829 3512 acquisivit
856 3429 896 3489 ut
921 3416 968 3490 ad
995 3415 1273 3489 clarificationem
1308 3413 1506 3487 fidelissime
1532 3415 1721 3488 voluntatis
1750 3416 1882 3488 nullum

474 3550 611 3636 tempus
627 3536 697 3638 [sit]
714 3541 828 3636 aptius
849 3561 922 3635 quo
941 3539 986 3612 de
1003 3538 1166 3636 predictis
1184 3539 1332 3612 inimicis
1351 3538 1592 3612 communibus
1612 3539 1750 3634 possitis
1768 3539 1882 3613 effica-

473 3665 547 3738 cius
561 3665 688 3760 exequi
701 3663 797 3758 qnod
810 3665 943 3738 velletis
956 3673 991 3737 et
1002 3673 1180 3760 protensas
1193 3673 1311 3736 contra
1324 3683 1387 3736 vos
1396 3683 1516 3736 eorum
1531 3662 1675 3736 insidias
1689 3663 1726 3734 in
1741 3683 1880 3736 snorum

473 3789 626 3883 capitum
649 3797 855 3862 nocumenta
879 3810 1000 3884 parare
1018 3797 1053 3862 et
1073 3789 1236 3880 maiorem
1253 3795 1367 3860 vestre
1385 3786 1618 3859 conversionis
1640 3785 1777 3858 titnlnm
1800 3807 1877 3880 pro·

471 3914 609 3986 mereri.
627 3913 712 3984 Cum
729 3933 772 3986 ea
788 3913 977 3985 intentione
995 3911 1164 3985 ducamur
1179 3921 1213 3984 et
1230 3911 1443 4007 propositum
1459 3920 1613 3984 nostrum
1631 3907 1749 3982 debita
1760 3909 1804 3982 sit
1818 3909 1877 3982 de-

470 4037 674 4111 liberatione
698 4037 873 4110 firmatnm
891 4035 940 4110 ad
952 4034 1203 4110 effundendum
1217 4034 1254 4106 in
1270 4035 1371 4108 vohis
1394 4043 1510 4148 nostre
1534 4031 1768 4106 munificentie
1788 4033 1875 4106 dona

469 4183 540 4256 qne
558 4162 749 4256 gratissima
769 4171 923 4235 vestrum
941 4161 1096 4236 omnium
1115 4159 1334 4254 singulariter
1354 4167 1389 4233 et
1410 4159 1612 4254 generaliter
1633 4157 1774 4230 servitia
1796 4178 1874 4252 pro-

510 4327 552 4408 (α)
573 4327 667 4424 Totus
680 4330 734 4389 lste
746 4328 829 4390 loeus
843 4329 928 4390 nnete
944 4329 1074 4390 tnclnsus
1082 4328 1165 4390 deest
1175 4345 1224 4406 ap.
1238 4327 1372 4390 Martem
1384 4332 1415 4388 et
1426 4342 1506 4388 nunc
1516 4325 1645 4404 primum
1652 4323 1761 4387 editur.

502 4604 539 4678 (t)
558 4605 631 4662 ilaec
641 4603 744 4678 absque
757 4599 840 4660 dubie
852 4603 935 4661 missa
946 4601 997 4658 luit
1006 4601 1118 4676 epistola
1132 4601 1167 4659 ad
1178 4601 1312 4658 Cumanos
1321 4598 1368 4674 qui
1382 4603 1447 4656 tnnc
1459 4595 1617 4673 temporisa
1631 4593 1870 4656 Mediolanensem

466 4701 631 4761 defecerant.
646 4701 687 4760 ct.
702 4701 829 4762 chronic.
843 4699 875 4758 de
888 4699 944 4758 reb.
960 4701 992 4758 iu
1004 4698 1070 4757 ltnl.
1084 4700 1176 4774 pestis,
1189 4715 1217 4773 p.
1235 4701 1297 4758 tao.
