<?xml version="1.0" encoding="UTF-8"?>
<!DOCTYPE html PUBLIC "-//W3C//DTD XHTML 1.0 Transitional//EN"
    "http://www.w3.org/TR/xhtml1/DTD/xhtml1-transitional.dtd">
<html xmlns="http://www.w3.org/1999/xhtml" xml:lang="en" lang="en">
 <head>
  <title>
</title>
<meta http-equiv="Content-Type" content="text/html;charset=utf-8" />
  <meta name='ocr-system' content='tesseract 3.04.00' />
  <meta name='ocr-capabilities' content='ocr_page ocr_carea ocr_par ocr_line ocrx_word'/>
</head>
<body>
  <div class='ocr_page' id='page_1' title='image "./historiadiploma02fredgoog_0480.png"; bbox 0 0 4226 5900; ppageno 0'>
   <div class='ocr_carea' id='block_1_1' title="bbox 688 517 1201 584">
    <p class='ocr_par' dir='ltr' id='par_1_1' title="bbox 688 517 1201 584">
     <span class='ocr_line' id='line_1_1' title="bbox 688 517 1201 584; baseline -0.004 -3"><span class='ocrx_word' id='word_1_1' title='bbox 688 521 885 584; x_wconf 79' lang='lat' dir='ltr'>HISTORIA</span> <span class='ocrx_word' id='word_1_2' title='bbox 911 517 1201 582; x_wconf 77' lang='lat' dir='ltr'><strong>DIPLOMATICA.</strong></span> 
     </span>
    </p>
   </div>
   <div class='ocr_carea' id='block_1_2' title="bbox 291 1185 1768 1298">
    <p class='ocr_par' dir='ltr' id='par_1_2' title="bbox 291 1185 1768 1298">
     <span class='ocr_line' id='line_1_2' title="bbox 291 1185 1768 1298; baseline 0.001 -29"><span class='ocrx_word' id='word_1_3' title='bbox 291 1187 527 1294; x_wconf 87' lang='lat' dir='ltr'><strong>Friderieus,</strong></span> <span class='ocrx_word' id='word_1_4' title='bbox 556 1186 815 1270; x_wconf 87' lang='lat' dir='ltr'><strong>Romanorum</strong></span> <span class='ocrx_word' id='word_1_5' title='bbox 846 1187 1068 1294; x_wconf 88' lang='lat' dir='ltr'><strong>imperator,</strong></span> <span class='ocrx_word' id='word_1_6' title='bbox 1100 1187 1285 1269; x_wconf 89' lang='lat' dir='ltr'><strong>universis</strong></span> <span class='ocrx_word' id='word_1_7' title='bbox 1319 1185 1510 1270; x_wconf 91' lang='lat' dir='ltr'><strong>nobilibus</strong></span> <span class='ocrx_word' id='word_1_8' title='bbox 1537 1189 1644 1297; x_wconf 81' lang='lat' dir='ltr'><strong>regni</strong></span> <span class='ocrx_word' id='word_1_9' title='bbox 1739 1268 1768 1298; x_wconf 52' lang='grc' dir='ltr'><strong>Μ</strong></span> 
     </span>
    </p>
   </div>
   <div class='ocr_carea' id='block_1_3' title="bbox 239 1317 1645 1824">
    <p class='ocr_par' dir='ltr' id='par_1_3' title="bbox 239 1317 1645 1824">
     <span class='ocr_line' id='line_1_3' title="bbox 239 1317 1645 1429; baseline -0.001 -27"><span class='ocrx_word' id='word_1_10' title='bbox 239 1319 400 1428; x_wconf 84' lang='lat' dir='ltr'><strong>Angliac</strong></span> <span class='ocrx_word' id='word_1_11' title='bbox 425 1318 619 1429; x_wconf 87' lang='lat' dir='ltr'><strong>querelem</strong></span> <span class='ocrx_word' id='word_1_12' title='bbox 644 1319 759 1400; x_wconf 89' lang='lat' dir='ltr'><strong>mittit</strong></span> <span class='ocrx_word' id='word_1_13' title='bbox 776 1318 880 1428; x_wconf 89' lang='lat' dir='ltr'><strong>quod</strong></span> <span class='ocrx_word' id='word_1_14' title='bbox 908 1318 1129 1400; x_wconf 80' lang='lat' dir='ltr'>sententiam</span> <span class='ocrx_word' id='word_1_15' title='bbox 1154 1319 1195 1398; x_wconf 92' lang='lat' dir='ltr'><strong>in</strong></span> <span class='ocrx_word' id='word_1_16' title='bbox 1223 1343 1263 1399; x_wconf 91' lang='lat' dir='ltr'><strong>se</strong></span> <span class='ocrx_word' id='word_1_17' title='bbox 1283 1317 1413 1426; x_wconf 89' lang='lat' dir='ltr'><strong>inique</strong></span> <span class='ocrx_word' id='word_1_18' title='bbox 1433 1319 1552 1400; x_wconf 86' lang='lat' dir='ltr'><strong>letam</strong></span> <span class='ocrx_word' id='word_1_19' title='bbox 1578 1346 1645 1426; x_wconf 90' lang='lat' dir='ltr'><strong>per</strong></span> 
     </span>
     <span class='ocr_line' id='line_1_4' title="bbox 239 1449 1643 1560; baseline -0.001 -25"><span class='ocrx_word' id='word_1_20' title='bbox 239 1461 363 1535; x_wconf 86' lang='lat' dir='ltr'><strong>lotum</strong></span> <span class='ocrx_word' id='word_1_21' title='bbox 382 1451 543 1560; x_wconf 82' lang='lat' dir='ltr'><strong>Angliae</strong></span> <span class='ocrx_word' id='word_1_22' title='bbox 560 1477 722 1560; x_wconf 80' lang='lat' dir='ltr'><strong>regnum</strong></span> <span class='ocrx_word' id='word_1_23' title='bbox 740 1449 926 1560; x_wconf 87' lang='lat' dir='ltr'><strong>publicari</strong></span> <span class='ocrx_word' id='word_1_24' title='bbox 944 1461 982 1532; x_wconf 90' lang='lat' dir='ltr'><strong>et</strong></span> <span class='ocrx_word' id='word_1_25' title='bbox 994 1450 1192 1558; x_wconf 86' lang='lat' dir='ltr'><strong>pecuniam</strong></span> <span class='ocrx_word' id='word_1_26' title='bbox 1208 1451 1257 1532; x_wconf 89' lang='lat' dir='ltr'><strong>ad</strong></span> <span class='ocrx_word' id='word_1_27' title='bbox 1275 1450 1420 1532; x_wconf 87' lang='lat' dir='ltr'><strong>curiam</strong></span> <span class='ocrx_word' id='word_1_28' title='bbox 1433 1451 1643 1534; x_wconf 82' lang='lat' dir='ltr'>Romanam</span> 
     </span>
     <span class='ocr_line' id='line_1_5' title="bbox 239 1581 1645 1693; baseline 0.001 -27"><span class='ocrx_word' id='word_1_29' title='bbox 239 1585 430 1692; x_wconf 90' lang='lat' dir='ltr'><strong>deportari</strong></span> <span class='ocrx_word' id='word_1_30' title='bbox 448 1583 550 1693; x_wconf 87' lang='lat' dir='ltr'><strong>pessi</strong></span> <span class='ocrx_word' id='word_1_31' title='bbox 568 1583 728 1690; x_wconf 86' lang='lat' dir='ltr'><strong>fuerint,</strong></span> <span class='ocrx_word' id='word_1_32' title='bbox 749 1609 908 1666; x_wconf 89' lang='lat' dir='ltr'><strong>monens</strong></span> <span class='ocrx_word' id='word_1_33' title='bbox 927 1609 967 1664; x_wconf 89' lang='lat' dir='ltr'><strong>se</strong></span> <span class='ocrx_word' id='word_1_34' title='bbox 986 1582 1034 1665; x_wconf 88' lang='lat' dir='ltr'><strong>ab</strong></span> <span class='ocrx_word' id='word_1_35' title='bbox 1061 1583 1153 1690; x_wconf 91' lang='lat' dir='ltr'><strong>ipsis</strong></span> <span class='ocrx_word' id='word_1_36' title='bbox 1171 1581 1261 1664; x_wconf 84' lang='lat' dir='ltr'><strong>talia</strong></span> <span class='ocrx_word' id='word_1_37' title='bbox 1279 1583 1439 1665; x_wconf 85' lang='lat' dir='ltr'><strong>ulterius</strong></span> <span class='ocrx_word' id='word_1_38' title='bbox 1461 1585 1645 1668; x_wconf 89' lang='lat' dir='ltr'><strong>sustinere</strong></span> 
     </span>
     <span class='ocr_line' id='line_1_6' title="bbox 239 1742 458 1824; baseline 0.009 -28"><span class='ocrx_word' id='word_1_39' title='bbox 239 1742 317 1800; x_wconf 90' lang='lat' dir='ltr'><strong>non</strong></span> <span class='ocrx_word' id='word_1_40' title='bbox 334 1742 458 1824; x_wconf 90' lang='lat' dir='ltr'><strong>posse.</strong></span> 
     </span>
    </p>
   </div>
   <div class='ocr_carea' id='block_1_4' title="bbox 323 1945 1643 2134">
    <p class='ocr_par' dir='ltr' id='par_1_4' title="bbox 323 1945 1643 2134">
     <span class='ocr_line' id='line_1_7' title="bbox 323 1945 1643 2029; baseline 0.002 -21"><span class='ocrx_word' id='word_1_41' title='bbox 323 1948 419 2028; x_wconf 81' lang='lat' dir='ltr'><strong>(Edit.</strong></span> <span class='ocrx_word' id='word_1_42' title='bbox 435 1965 484 2026; x_wconf 87' lang='lat' dir='ltr'><strong>ap.</strong></span> <span class='ocrx_word' id='word_1_43' title='bbox 500 1948 621 2027; x_wconf 74' lang='lat' dir='ltr'><strong>lima,</strong></span> <span class='ocrx_word' id='word_1_44' title='bbox 637 1945 765 2009; x_wconf 73' lang='lat' dir='ltr'><strong>Foedera</strong></span> <span class='ocrx_word' id='word_1_45' title='bbox 785 1950 1146 2029; x_wconf 70' lang='lat' dir='ltr'><strong>croccant.,tom.1,p.</strong></span> <span class='ocrx_word' id='word_1_46' title='bbox 1165 1959 1233 2028; x_wconf 76' lang='lat' dir='ltr'><strong>let,</strong></span> <span class='ocrx_word' id='word_1_47' title='bbox 1254 1950 1292 2010; x_wconf 86' lang='lat' dir='ltr'><strong>ad</strong></span> <span class='ocrx_word' id='word_1_48' title='bbox 1305 1967 1376 2011; x_wconf 85' lang='lat' dir='ltr'><strong>ann.</strong></span> <span class='ocrx_word' id='word_1_49' title='bbox 1403 1958 1489 2026; x_wconf 78' lang='lat'><strong>12³8,</strong></span> <span class='ocrx_word' id='word_1_50' title='bbox 1510 1951 1565 2012; x_wconf 82' lang='lat' dir='ltr'><strong>sed</strong></span> <span class='ocrx_word' id='word_1_51' title='bbox 1577 1968 1643 2028; x_wconf 90' lang='lat' dir='ltr'><strong>per·</strong></span> 
     </span>
     <span class='ocr_line' id='line_1_8' title="bbox 358 2052 1028 2134; baseline -0.001 -19"><span class='ocrx_word' id='word_1_52' title='bbox 358 2071 472 2132; x_wconf 89' lang='lat' dir='ltr'><strong>peram,</strong></span> <span class='ocrx_word' id='word_1_53' title='bbox 485 2055 558 2115; x_wconf 91' lang='lat' dir='ltr'><strong>dnm</strong></span> <span class='ocrx_word' id='word_1_54' title='bbox 571 2057 670 2132; x_wconf 85' lang='lat' dir='ltr'><strong>inepte</strong></span> <span class='ocrx_word' id='word_1_55' title='bbox 682 2055 785 2133; x_wconf 85' lang='lat' dir='ltr'><strong>legerit</strong></span> <span class='ocrx_word' id='word_1_56' title='bbox 797 2052 951 2116; x_wconf 74' lang='lat' dir='ltr'><strong><em>indictione</em></strong></span> <span class='ocrx_word' id='word_1_57' title='bbox 962 2055 992 2116; x_wconf 82' lang='lat' dir='ltr'><em>X</em></span> <span class='ocrx_word' id='word_1_58' title='bbox 990 2055 1028 2134; x_wconf 88' lang='grc'><strong>1.)</strong></span> 
     </span>
    </p>
   </div>
   <div class='ocr_carea' id='block_1_5' title="bbox 241 2262 1653 4706">
    <p class='ocr_par' dir='ltr' id='par_1_5' title="bbox 241 2262 1653 4706">
     <span class='ocr_line' id='line_1_9' title="bbox 288 2262 1647 2357; baseline 0.001 -23"><span class='ocrx_word' id='word_1_59' title='bbox 288 2262 507 2354; x_wconf 88' lang='lat' dir='ltr'><strong>Fredericns,</strong></span> <span class='ocrx_word' id='word_1_60' title='bbox 527 2263 589 2334; x_wconf 88' lang='lat' dir='ltr'><strong>Dei</strong></span> <span class='ocrx_word' id='word_1_61' title='bbox 606 2262 718 2357; x_wconf 81' lang='lat' dir='ltr'><strong>gratia</strong></span> <span class='ocrx_word' id='word_1_62' title='bbox 735 2263 969 2336; x_wconf 88' lang='lat' dir='ltr'><strong>Romanorum</strong></span> <span class='ocrx_word' id='word_1_63' title='bbox 989 2265 1172 2357; x_wconf 88' lang='lat' dir='ltr'><strong>imperator</strong></span> <span class='ocrx_word' id='word_1_64' title='bbox 1190 2283 1327 2356; x_wconf 85' lang='lat' dir='ltr'><strong>semper</strong></span> <span class='ocrx_word' id='word_1_65' title='bbox 1340 2273 1525 2356; x_wconf 80' lang='lat' dir='ltr'><strong>augustus,</strong></span> <span class='ocrx_word' id='word_1_66' title='bbox 1544 2264 1647 2336; x_wconf 86' lang='lat' dir='ltr'><strong>Jeru-</strong></span> 
     </span>
     <span class='ocr_line' id='line_1_10' title="bbox 241 2385 1648 2480; baseline -0.001 -19"><span class='ocrx_word' id='word_1_67' title='bbox 241 2388 347 2461; x_wconf 82' lang='lat' dir='ltr'><strong>salem</strong></span> <span class='ocrx_word' id='word_1_68' title='bbox 365 2396 400 2458; x_wconf 93' lang='lat' dir='ltr'><strong>et</strong></span> <span class='ocrx_word' id='word_1_69' title='bbox 420 2385 533 2457; x_wconf 84' lang='lat' dir='ltr'><strong>Sicilie</strong></span> <span class='ocrx_word' id='word_1_70' title='bbox 554 2407 636 2476; x_wconf 88' lang='lat' dir='ltr'><strong>rex,</strong></span> <span class='ocrx_word' id='word_1_71' title='bbox 664 2385 867 2474; x_wconf 75' lang='lat' dir='ltr'><strong>comitibus,</strong></span> <span class='ocrx_word' id='word_1_72' title='bbox 886 2387 1076 2460; x_wconf 82' lang='lat' dir='ltr'><strong>baronibus</strong></span> <span class='ocrx_word' id='word_1_73' title='bbox 1100 2396 1134 2458; x_wconf 90' lang='lat' dir='ltr'><strong>et</strong></span> <span class='ocrx_word' id='word_1_74' title='bbox 1153 2387 1326 2459; x_wconf 89' lang='lat' dir='ltr'><strong>universis</strong></span> <span class='ocrx_word' id='word_1_75' title='bbox 1351 2387 1524 2460; x_wconf 90' lang='lat' dir='ltr'><strong>nobilibus</strong></span> <span class='ocrx_word' id='word_1_76' title='bbox 1549 2389 1648 2480; x_wconf 82' lang='lat' dir='ltr'><strong>regni</strong></span> 
     </span>
     <span class='ocr_line' id='line_1_11' title="bbox 241 2507 1648 2602; baseline 0.001 -22"><span class='ocrx_word' id='word_1_77' title='bbox 241 2509 365 2602; x_wconf 80' lang='lat' dir='ltr'><strong>Anglie</strong></span> <span class='ocrx_word' id='word_1_78' title='bbox 383 2507 517 2580; x_wconf 89' lang='lat' dir='ltr'><strong>dilectis</strong></span> <span class='ocrx_word' id='word_1_79' title='bbox 537 2508 604 2580; x_wconf 83' lang='lat' dir='ltr'><strong>sibi</strong></span> <span class='ocrx_word' id='word_1_80' title='bbox 632 2509 779 2582; x_wconf 87' lang='lat' dir='ltr'><strong>salutem</strong></span> <span class='ocrx_word' id='word_1_81' title='bbox 801 2518 836 2582; x_wconf 88' lang='lat' dir='ltr'><strong>ct</strong></span> <span class='ocrx_word' id='word_1_82' title='bbox 853 2529 955 2582; x_wconf 92' lang='lat' dir='ltr'><strong>omne</strong></span> <span class='ocrx_word' id='word_1_83' title='bbox 972 2511 1116 2580; x_wconf 91' lang='lat' dir='ltr'><strong>bonum.</strong></span> <span class='ocrx_word' id='word_1_84' title='bbox 1136 2509 1171 2578; x_wconf 92' lang='lat' dir='ltr'><strong>Si</strong></span> <span class='ocrx_word' id='word_1_85' title='bbox 1189 2508 1371 2601; x_wconf 81' lang='lat' dir='ltr'><strong>diligenter</strong></span> <span class='ocrx_word' id='word_1_86' title='bbox 1389 2508 1560 2582; x_wconf 82' lang='lat' dir='ltr'><strong>karissimi</strong></span> <span class='ocrx_word' id='word_1_87' title='bbox 1579 2511 1648 2584; x_wconf 86' lang='lat' dir='ltr'><strong>ira·</strong></span> 
     </span>
     <span class='ocr_line' id='line_1_12' title="bbox 241 2631 1649 2726; baseline 0.004 -23"><span class='ocrx_word' id='word_1_88' title='bbox 241 2634 302 2704; x_wconf 88' lang='lat' dir='ltr'><strong>tris</strong></span> <span class='ocrx_word' id='word_1_89' title='bbox 330 2641 364 2704; x_wconf 89' lang='lat' dir='ltr'><strong>et</strong></span> <span class='ocrx_word' id='word_1_90' title='bbox 385 2632 504 2704; x_wconf 91' lang='lat' dir='ltr'><strong>sororii</strong></span> <span class='ocrx_word' id='word_1_91' title='bbox 530 2633 636 2704; x_wconf 86' lang='lat' dir='ltr'><strong>nostri</strong></span> <span class='ocrx_word' id='word_1_92' title='bbox 666 2633 759 2726; x_wconf 78' lang='lat' dir='ltr'><strong>regis</strong></span> <span class='ocrx_word' id='word_1_93' title='bbox 784 2632 924 2704; x_wconf 89' lang='lat' dir='ltr'><strong>illustris</strong></span> <span class='ocrx_word' id='word_1_94' title='bbox 947 2632 1078 2704; x_wconf 91' lang='lat' dir='ltr'><strong>domini</strong></span> <span class='ocrx_word' id='word_1_95' title='bbox 1104 2631 1210 2702; x_wconf 90' lang='lat' dir='ltr'><strong>vestri</strong></span> <span class='ocrx_word' id='word_1_96' title='bbox 1235 2632 1400 2704; x_wconf 82' lang='lat' dir='ltr'><strong>serenitas</strong></span> <span class='ocrx_word' id='word_1_97' title='bbox 1421 2641 1455 2705; x_wconf 90' lang='lat' dir='ltr'><strong>et</strong></span> <span class='ocrx_word' id='word_1_98' title='bbox 1479 2631 1649 2708; x_wconf 89' lang='lat' dir='ltr'><strong>industria</strong></span> 
     </span>
     <span class='ocr_line' id='line_1_13' title="bbox 241 2753 1649 2850; baseline 0.001 -23"><span class='ocrx_word' id='word_1_99' title='bbox 241 2757 336 2850; x_wconf 76' lang='lat' dir='ltr'><strong>regia</strong></span> <span class='ocrx_word' id='word_1_100' title='bbox 353 2763 456 2850; x_wconf 93' lang='lat' dir='ltr'><strong>prout</strong></span> <span class='ocrx_word' id='word_1_101' title='bbox 473 2755 608 2828; x_wconf 90' lang='lat' dir='ltr'><strong>deceret</strong></span> <span class='ocrx_word' id='word_1_102' title='bbox 621 2765 656 2828; x_wconf 92' lang='lat' dir='ltr'><strong>et</strong></span> <span class='ocrx_word' id='word_1_103' title='bbox 669 2755 809 2828; x_wconf 84' lang='lat' dir='ltr'><strong>deberet</strong></span> <span class='ocrx_word' id='word_1_104' title='bbox 826 2755 1033 2848; x_wconf 86' lang='lat' dir='ltr'><strong>attenderet,</strong></span> <span class='ocrx_word' id='word_1_105' title='bbox 1054 2764 1089 2828; x_wconf 93' lang='lat' dir='ltr'><strong>et</strong></span> <span class='ocrx_word' id='word_1_106' title='bbox 1106 2776 1169 2827; x_wconf 93' lang='lat' dir='ltr'><strong>vos</strong></span> <span class='ocrx_word' id='word_1_107' title='bbox 1182 2754 1278 2849; x_wconf 90' lang='lat' dir='ltr'><strong>apud</strong></span> <span class='ocrx_word' id='word_1_108' title='bbox 1293 2776 1384 2848; x_wconf 91' lang='lat' dir='ltr'><strong>quos</strong></span> <span class='ocrx_word' id='word_1_109' title='bbox 1402 2753 1574 2849; x_wconf 92' lang='lat' dir='ltr'><strong>nobilitas,</strong></span> <span class='ocrx_word' id='word_1_110' title='bbox 1590 2757 1649 2828; x_wconf 93' lang='lat' dir='ltr'><strong>in-</strong></span> 
     </span>
     <span class='ocr_line' id='line_1_14' title="bbox 242 2877 1650 2975; baseline 0.001 -22"><span class='ocrx_word' id='word_1_111' title='bbox 242 2879 394 2963; x_wconf 84' lang='lat' dir='ltr'><strong>dustria,</strong></span> <span class='ocrx_word' id='word_1_112' title='bbox 413 2878 618 2951; x_wconf 79' lang='lat' dir='ltr'><strong>exercitium</strong></span> <span class='ocrx_word' id='word_1_113' title='bbox 633 2879 779 2952; x_wconf 88' lang='lat' dir='ltr'><strong>militare</strong></span> <span class='ocrx_word' id='word_1_114' title='bbox 795 2889 830 2952; x_wconf 93' lang='lat' dir='ltr'><strong>et</strong></span> <span class='ocrx_word' id='word_1_115' title='bbox 846 2880 952 2952; x_wconf 90' lang='lat' dir='ltr'><strong>animi</strong></span> <span class='ocrx_word' id='word_1_116' title='bbox 969 2879 1076 2952; x_wconf 87' lang='lat' dir='ltr'><strong>robur</strong></span> <span class='ocrx_word' id='word_1_117' title='bbox 1093 2878 1275 2973; x_wconf 91' lang='lat' dir='ltr'><strong>hucusque</strong></span> <span class='ocrx_word' id='word_1_118' title='bbox 1297 2877 1441 2968; x_wconf 89' lang='lat' dir='ltr'><strong>resedit,</strong></span> <span class='ocrx_word' id='word_1_119' title='bbox 1458 2879 1546 2952; x_wconf 87' lang='lat' dir='ltr'><strong>inter</strong></span> <span class='ocrx_word' id='word_1_120' title='bbox 1562 2903 1650 2975; x_wconf 90' lang='lat' dir='ltr'><strong>quos</strong></span> 
     </span>
     <span class='ocr_line' id='line_1_15' title="bbox 242 3001 1650 3098; baseline 0.001 -23"><span class='ocrx_word' id='word_1_121' title='bbox 242 3003 345 3075; x_wconf 88' lang='lat' dir='ltr'><strong>etiam</strong></span> <span class='ocrx_word' id='word_1_122' title='bbox 368 3023 501 3098; x_wconf 89' lang='lat' dir='ltr'><strong>semper</strong></span> <span class='ocrx_word' id='word_1_123' title='bbox 523 3003 639 3074; x_wconf 89' lang='lat' dir='ltr'><strong>extitit</strong></span> <span class='ocrx_word' id='word_1_124' title='bbox 660 3001 731 3075; x_wconf 90' lang='lat' dir='ltr'><strong>fida</strong></span> <span class='ocrx_word' id='word_1_125' title='bbox 753 3002 859 3094; x_wconf 77' lang='lat' dir='ltr'><strong>fides,</strong></span> <span class='ocrx_word' id='word_1_126' title='bbox 885 3002 946 3096; x_wconf 91' lang='lat' dir='ltr'><strong>qui</strong></span> <span class='ocrx_word' id='word_1_127' title='bbox 974 3003 1069 3074; x_wconf 92' lang='lat' dir='ltr'><strong>omni</strong></span> <span class='ocrx_word' id='word_1_128' title='bbox 1090 3004 1169 3096; x_wconf 89' lang='lat' dir='ltr'><strong>jure</strong></span> <span class='ocrx_word' id='word_1_129' title='bbox 1189 3001 1351 3074; x_wconf 89' lang='lat' dir='ltr'><strong>videlicet</strong></span> <span class='ocrx_word' id='word_1_130' title='bbox 1375 3011 1409 3074; x_wconf 89' lang='lat' dir='ltr'><strong>et</strong></span> <span class='ocrx_word' id='word_1_131' title='bbox 1430 3011 1552 3076; x_wconf 87' lang='lat' dir='ltr'><strong>natura</strong></span> <span class='ocrx_word' id='word_1_132' title='bbox 1575 3007 1650 3098; x_wconf 79' lang='lat' dir='ltr'><strong>regi</strong></span> 
     </span>
     <span class='ocr_line' id='line_1_16' title="bbox 242 3124 1650 3221; baseline 0.004 -25"><span class='ocrx_word' id='word_1_133' title='bbox 242 3136 358 3198; x_wconf 90' lang='lat' dir='ltr'><strong>vestro</strong></span> <span class='ocrx_word' id='word_1_134' title='bbox 392 3136 427 3198; x_wconf 91' lang='lat' dir='ltr'><strong>et</strong></span> <span class='ocrx_word' id='word_1_135' title='bbox 455 3124 596 3199; x_wconf 94' lang='lat' dir='ltr'><strong>domino</strong></span> <span class='ocrx_word' id='word_1_136' title='bbox 625 3124 710 3198; x_wconf 90' lang='lat' dir='ltr'><strong>dare</strong></span> <span class='ocrx_word' id='word_1_137' title='bbox 738 3127 852 3199; x_wconf 90' lang='lat' dir='ltr'><strong>velitis</strong></span> <span class='ocrx_word' id='word_1_138' title='bbox 876 3127 1059 3199; x_wconf 89' lang='lat' dir='ltr'><strong>consilium</strong></span> <span class='ocrx_word' id='word_1_139' title='bbox 1086 3128 1253 3217; x_wconf 88' lang='lat' dir='ltr'><strong>salutare,</strong></span> <span class='ocrx_word' id='word_1_140' title='bbox 1275 3126 1342 3221; x_wconf 93' lang='lat' dir='ltr'><strong>ipsi</strong></span> <span class='ocrx_word' id='word_1_141' title='bbox 1371 3125 1511 3199; x_wconf 91' lang='lat' dir='ltr'><strong>domino</strong></span> <span class='ocrx_word' id='word_1_142' title='bbox 1535 3136 1650 3202; x_wconf 88' lang='lat' dir='ltr'><strong>vestre</strong></span> 
     </span>
     <span class='ocr_line' id='line_1_17' title="bbox 242 3248 1651 3345; baseline 0.001 -21"><span class='ocrx_word' id='word_1_143' title='bbox 242 3249 420 3324; x_wconf 85' lang='lat' dir='ltr'><strong>dixissetis</strong></span> <span class='ocrx_word' id='word_1_144' title='bbox 434 3258 468 3322; x_wconf 91' lang='lat' dir='ltr'><strong>et</strong></span> <span class='ocrx_word' id='word_1_145' title='bbox 484 3248 600 3322; x_wconf 87' lang='lat' dir='ltr'><strong>adhuc</strong></span> <span class='ocrx_word' id='word_1_146' title='bbox 624 3249 670 3322; x_wconf 93' lang='lat' dir='ltr'><strong>ad</strong></span> <span class='ocrx_word' id='word_1_147' title='bbox 689 3250 836 3323; x_wconf 86' lang='lat' dir='ltr'><strong>litteram</strong></span> <span class='ocrx_word' id='word_1_148' title='bbox 859 3250 1016 3324; x_wconf 86' lang='lat' dir='ltr'><strong>dixeritis</strong></span> <span class='ocrx_word' id='word_1_149' title='bbox 1034 3251 1135 3344; x_wconf 90' lang='lat' dir='ltr'><strong>quale</strong></span> <span class='ocrx_word' id='word_1_150' title='bbox 1153 3259 1321 3344; x_wconf 80' lang='lat' dir='ltr'><strong>quantum</strong></span> <span class='ocrx_word' id='word_1_151' title='bbox 1340 3259 1374 3322; x_wconf 90' lang='lat' dir='ltr'><strong>et</strong></span> <span class='ocrx_word' id='word_1_152' title='bbox 1391 3272 1496 3345; x_wconf 84' lang='lat' dir='ltr'><strong>quam</strong></span> <span class='ocrx_word' id='word_1_153' title='bbox 1519 3252 1651 3344; x_wconf 81' lang='lat' dir='ltr'><strong>grande</strong></span> 
     </span>
     <span class='ocr_line' id='line_1_18' title="bbox 241 3373 1651 3468; baseline 0.003 -24"><span class='ocrx_word' id='word_1_154' title='bbox 241 3373 286 3445; x_wconf 92' lang='lat' dir='ltr'><strong>sit</strong></span> <span class='ocrx_word' id='word_1_155' title='bbox 300 3373 508 3444; x_wconf 87' lang='lat' dir='ltr'><strong>matrimonii</strong></span> <span class='ocrx_word' id='word_1_156' title='bbox 519 3383 554 3445; x_wconf 92' lang='lat' dir='ltr'><strong>et</strong></span> <span class='ocrx_word' id='word_1_157' title='bbox 566 3373 741 3446; x_wconf 90' lang='lat' dir='ltr'><strong>affinitatis</strong></span> <span class='ocrx_word' id='word_1_158' title='bbox 755 3374 934 3447; x_wconf 89' lang='lat' dir='ltr'><strong>vinculum</strong></span> <span class='ocrx_word' id='word_1_159' title='bbox 949 3373 1045 3468; x_wconf 91' lang='lat' dir='ltr'><strong>quod</strong></span> <span class='ocrx_word' id='word_1_160' title='bbox 1057 3375 1274 3467; x_wconf 82' lang='lat' dir='ltr'><strong>interregem</strong></span> <span class='ocrx_word' id='word_1_161' title='bbox 1289 3373 1412 3466; x_wconf 82' lang='lat' dir='ltr'><strong>Anglie</strong></span> <span class='ocrx_word' id='word_1_162' title='bbox 1424 3383 1458 3446; x_wconf 92' lang='lat' dir='ltr'><strong>et</strong></span> <span class='ocrx_word' id='word_1_163' title='bbox 1471 3395 1651 3448; x_wconf 81' lang='lat' dir='ltr'><strong>remanum</strong></span> 
     </span>
     <span class='ocr_line' id='line_1_19' title="bbox 241 3495 1653 3592; baseline 0.002 -25"><span class='ocrx_word' id='word_1_164' title='bbox 241 3496 433 3592; x_wconf 88' lang='lat' dir='ltr'><strong>principem</strong></span> <span class='ocrx_word' id='word_1_165' title='bbox 449 3505 502 3568; x_wconf 89' lang='lat' dir='ltr'><strong>est</strong></span> <span class='ocrx_word' id='word_1_166' title='bbox 520 3504 752 3589; x_wconf 90' lang='lat' dir='ltr'><strong>contractum,</strong></span> <span class='ocrx_word' id='word_1_167' title='bbox 773 3507 808 3568; x_wconf 90' lang='lat' dir='ltr'><strong>et</strong></span> <span class='ocrx_word' id='word_1_168' title='bbox 824 3499 973 3592; x_wconf 87' lang='lat' dir='ltr'><strong>qualiter</strong></span> <span class='ocrx_word' id='word_1_169' title='bbox 994 3495 1082 3569; x_wconf 93' lang='lat' dir='ltr'><strong>illud</strong></span> <span class='ocrx_word' id='word_1_170' title='bbox 1098 3497 1258 3570; x_wconf 87' lang='lat' dir='ltr'><strong>voluntas</strong></span> <span class='ocrx_word' id='word_1_171' title='bbox 1274 3497 1337 3568; x_wconf 91' lang='lat' dir='ltr'><strong>Dei</strong></span> <span class='ocrx_word' id='word_1_172' title='bbox 1355 3497 1483 3569; x_wconf 87' lang='lat' dir='ltr'><strong>excelsi</strong></span> <span class='ocrx_word' id='word_1_173' title='bbox 1502 3496 1653 3572; x_wconf 88' lang='lat' dir='ltr'><strong>firmavit</strong></span> 
     </span>
     <span class='ocr_line' id='line_1_20' title="bbox 242 3618 1652 3714; baseline 0.003 -24"><span class='ocrx_word' id='word_1_174' title='bbox 242 3619 501 3712; x_wconf 89' lang='lat' dir='ltr'><strong>persequentia</strong></span> <span class='ocrx_word' id='word_1_175' title='bbox 519 3620 665 3714; x_wconf 76' lang='lat' dir='ltr'><strong>pignore</strong></span> <span class='ocrx_word' id='word_1_176' title='bbox 680 3618 829 3692; x_wconf 86' lang='lat' dir='ltr'><strong>filiorum</strong></span> <span class='ocrx_word' id='word_1_177' title='bbox 847 3629 882 3692; x_wconf 89' lang='lat' dir='ltr'><strong>et</strong></span> <span class='ocrx_word' id='word_1_178' title='bbox 897 3642 986 3714; x_wconf 89' lang='lat' dir='ltr'><strong>quos</strong></span> <span class='ocrx_word' id='word_1_179' title='bbox 1002 3620 1134 3692; x_wconf 80' lang='lat' dir='ltr'><strong>tructus</strong></span> <span class='ocrx_word' id='word_1_180' title='bbox 1151 3641 1197 3692; x_wconf 90' lang='lat' dir='ltr'><strong>ex</strong></span> <span class='ocrx_word' id='word_1_181' title='bbox 1216 3640 1258 3692; x_wconf 92' lang='lat' dir='ltr'><strong>eo</strong></span> <span class='ocrx_word' id='word_1_182' title='bbox 1273 3642 1335 3714; x_wconf 93' lang='lat' dir='ltr'><strong>per</strong></span> <span class='ocrx_word' id='word_1_183' title='bbox 1348 3640 1563 3713; x_wconf 89' lang='lat' dir='ltr'><strong>consequeus</strong></span> <span class='ocrx_word' id='word_1_184' title='bbox 1579 3642 1652 3694; x_wconf 89' lang='lat' dir='ltr'><strong>cre·</strong></span> 
     </span>
     <span class='ocr_line' id='line_1_21' title="bbox 243 3739 1653 3840; baseline 0.004 -28"><span class='ocrx_word' id='word_1_185' title='bbox 243 3739 345 3812; x_wconf 91' lang='lat' dir='ltr'><strong>datur</strong></span> <span class='ocrx_word' id='word_1_186' title='bbox 362 3742 611 3836; x_wconf 79' lang='lat' dir='ltr'><strong>interregnum</strong></span> <span class='ocrx_word' id='word_1_187' title='bbox 628 3753 662 3816; x_wconf 92' lang='lat' dir='ltr'><strong>et</strong></span> <span class='ocrx_word' id='word_1_188' title='bbox 679 3745 862 3839; x_wconf 90' lang='lat' dir='ltr'><strong>imperium</strong></span> <span class='ocrx_word' id='word_1_189' title='bbox 877 3753 1124 3840; x_wconf 89' lang='lat' dir='ltr'><strong>proventuros;</strong></span> <span class='ocrx_word' id='word_1_190' title='bbox 1145 3751 1215 3816; x_wconf 87' lang='lat' dir='ltr'><strong>tam</strong></span> <span class='ocrx_word' id='word_1_191' title='bbox 1232 3744 1308 3839; x_wconf 90' lang='lat' dir='ltr'><strong>ipse</strong></span> <span class='ocrx_word' id='word_1_192' title='bbox 1324 3765 1429 3836; x_wconf 90' lang='lat' dir='ltr'><strong>quam</strong></span> <span class='ocrx_word' id='word_1_193' title='bbox 1444 3765 1508 3815; x_wconf 90' lang='lat' dir='ltr'><strong>vos</strong></span> <span class='ocrx_word' id='word_1_194' title='bbox 1525 3744 1653 3818; x_wconf 89' lang='lat' dir='ltr'><strong>daretis</strong></span> 
     </span>
     <span class='ocr_line' id='line_1_22' title="bbox 242 3865 1651 3963; baseline 0.004 -27"><span class='ocrx_word' id='word_1_195' title='bbox 242 3885 381 3958; x_wconf 85' lang='lat' dir='ltr'><strong>operam</strong></span> <span class='ocrx_word' id='word_1_196' title='bbox 396 3876 466 3939; x_wconf 93' lang='lat' dir='ltr'><strong>toto</strong></span> <span class='ocrx_word' id='word_1_197' title='bbox 479 3889 580 3962; x_wconf 88' lang='lat' dir='ltr'><strong>posse</strong></span> <span class='ocrx_word' id='word_1_198' title='bbox 591 3868 738 3962; x_wconf 88' lang='lat' dir='ltr'><strong>qualiter</strong></span> <span class='ocrx_word' id='word_1_199' title='bbox 752 3876 898 3962; x_wconf 88' lang='lat' dir='ltr'><strong>uterque</strong></span> <span class='ocrx_word' id='word_1_200' title='bbox 907 3877 1061 3944; x_wconf 87' lang='lat' dir='ltr'><strong>nostrum</strong></span> <span class='ocrx_word' id='word_1_201' title='bbox 1074 3867 1258 3961; x_wconf 79' lang='lat' dir='ltr'><strong>diligenter</strong></span> <span class='ocrx_word' id='word_1_202' title='bbox 1272 3867 1417 3939; x_wconf 87' lang='lat' dir='ltr'><strong>alterum</strong></span> <span class='ocrx_word' id='word_1_203' title='bbox 1429 3865 1651 3963; x_wconf 89' lang='lat' dir='ltr'><strong>indempnem</strong></span> 
     </span>
     <span class='ocr_line' id='line_1_23' title="bbox 243 3990 1653 4065; baseline 0.004 -5"><span class='ocrx_word' id='word_1_204' title='bbox 243 3999 460 4063; x_wconf 89' lang='lat' dir='ltr'><strong>conservaret</strong></span> <span class='ocrx_word' id='word_1_205' title='bbox 484 3998 518 4061; x_wconf 92' lang='lat' dir='ltr'><strong>et</strong></span> <span class='ocrx_word' id='word_1_206' title='bbox 544 3990 704 4063; x_wconf 92' lang='lat' dir='ltr'><strong>inimicus</strong></span> <span class='ocrx_word' id='word_1_207' title='bbox 731 3992 833 4065; x_wconf 92' lang='lat' dir='ltr'><strong>bomo</strong></span> <span class='ocrx_word' id='word_1_208' title='bbox 862 3993 907 4064; x_wconf 89' lang='lat' dir='ltr'><strong>ab</strong></span> <span class='ocrx_word' id='word_1_209' title='bbox 934 3992 1058 4065; x_wconf 82' lang='lat' dir='ltr'><strong>affectu</strong></span> <span class='ocrx_word' id='word_1_210' title='bbox 1083 3991 1223 4064; x_wconf 87' lang='lat' dir='ltr'><strong>alterins</strong></span> <span class='ocrx_word' id='word_1_211' title='bbox 1248 3990 1394 4064; x_wconf 88' lang='lat' dir='ltr'><strong>alterum</strong></span> <span class='ocrx_word' id='word_1_212' title='bbox 1423 3990 1590 4064; x_wconf 78' lang='lat' dir='ltr'><strong>reducere</strong></span> <span class='ocrx_word' id='word_1_213' title='bbox 1617 4001 1653 4065; x_wconf 88' lang='lat' dir='ltr'><strong>et</strong></span> 
     </span>
     <span class='ocr_line' id='line_1_24' title="bbox 242 4116 1651 4212; baseline 0.001 -26"><span class='ocrx_word' id='word_1_214' title='bbox 242 4123 398 4188; x_wconf 90' lang='lat' dir='ltr'><strong>avertere</strong></span> <span class='ocrx_word' id='word_1_215' title='bbox 416 4136 485 4187; x_wconf 92' lang='lat' dir='ltr'><strong>non</strong></span> <span class='ocrx_word' id='word_1_216' title='bbox 501 4117 642 4189; x_wconf 88' lang='lat' dir='ltr'><strong>valeret.</strong></span> <span class='ocrx_word' id='word_1_217' title='bbox 665 4116 735 4189; x_wconf 89' lang='lat' dir='ltr'><strong>Sed</strong></span> <span class='ocrx_word' id='word_1_218' title='bbox 752 4117 925 4190; x_wconf 80' lang='lat' dir='ltr'><strong>nescimus</strong></span> <span class='ocrx_word' id='word_1_219' title='bbox 941 4117 1128 4212; x_wconf 91' lang='lat' dir='ltr'><strong>quomodo,</strong></span> <span class='ocrx_word' id='word_1_220' title='bbox 1150 4118 1248 4210; x_wconf 88' lang='lat' dir='ltr'><strong>eujus</strong></span> <span class='ocrx_word' id='word_1_221' title='bbox 1264 4116 1442 4205; x_wconf 91' lang='lat' dir='ltr'><strong>instinctu,</strong></span> <span class='ocrx_word' id='word_1_222' title='bbox 1460 4118 1560 4210; x_wconf 90' lang='lat' dir='ltr'><strong>eujus</strong></span> <span class='ocrx_word' id='word_1_223' title='bbox 1575 4118 1651 4189; x_wconf 88' lang='lat' dir='ltr'><strong>uti-</strong></span> 
     </span>
     <span class='ocr_line' id='line_1_25' title="bbox 242 4235 1652 4336; baseline 0.006 -32"><span class='ocrx_word' id='word_1_224' title='bbox 242 4235 360 4326; x_wconf 90' lang='lat' dir='ltr'><strong>litatis,</strong></span> <span class='ocrx_word' id='word_1_225' title='bbox 382 4239 467 4332; x_wconf 92' lang='lat' dir='ltr'><strong>quin</strong></span> <span class='ocrx_word' id='word_1_226' title='bbox 485 4239 601 4334; x_wconf 90' lang='lat' dir='ltr'><strong>potius</strong></span> <span class='ocrx_word' id='word_1_227' title='bbox 613 4239 768 4336; x_wconf 89' lang='lat' dir='ltr'><strong>dampni,</strong></span> <span class='ocrx_word' id='word_1_228' title='bbox 790 4243 892 4314; x_wconf 84' lang='lat' dir='ltr'><strong>irater</strong></span> <span class='ocrx_word' id='word_1_229' title='bbox 910 4251 945 4315; x_wconf 88' lang='lat' dir='ltr'><strong>et</strong></span> <span class='ocrx_word' id='word_1_230' title='bbox 958 4241 1109 4314; x_wconf 89' lang='lat' dir='ltr'><strong>sororius</strong></span> <span class='ocrx_word' id='word_1_231' title='bbox 1124 4250 1240 4314; x_wconf 86' lang='lat' dir='ltr'><strong>noster</strong></span> <span class='ocrx_word' id='word_1_232' title='bbox 1257 4249 1292 4313; x_wconf 90' lang='lat' dir='ltr'><strong>et</strong></span> <span class='ocrx_word' id='word_1_233' title='bbox 1309 4263 1373 4314; x_wconf 85' lang='lat' dir='ltr'><strong>vos</strong></span> <span class='ocrx_word' id='word_1_234' title='bbox 1390 4262 1510 4314; x_wconf 88' lang='lat' dir='ltr'><strong>omnes</strong></span> <span class='ocrx_word' id='word_1_235' title='bbox 1527 4249 1563 4314; x_wconf 89' lang='lat' dir='ltr'><strong>et</strong></span> <span class='ocrx_word' id='word_1_236' title='bbox 1575 4240 1652 4314; x_wconf 89' lang='lat' dir='ltr'><strong>sin-</strong></span> 
     </span>
     <span class='ocr_line' id='line_1_26' title="bbox 242 4359 1651 4458; baseline 0.004 -29"><span class='ocrx_word' id='word_1_237' title='bbox 242 4359 333 4452; x_wconf 78' lang='lat' dir='ltr'><strong>guli,</strong></span> <span class='ocrx_word' id='word_1_238' title='bbox 364 4361 460 4455; x_wconf 92' lang='lat' dir='ltr'><strong>quod</strong></span> <span class='ocrx_word' id='word_1_239' title='bbox 488 4363 644 4436; x_wconf 86' lang='lat' dir='ltr'><strong>dolentes</strong></span> <span class='ocrx_word' id='word_1_240' title='bbox 671 4373 705 4436; x_wconf 91' lang='lat' dir='ltr'><strong>et</strong></span> <span class='ocrx_word' id='word_1_241' title='bbox 731 4365 833 4436; x_wconf 88' lang='lat' dir='ltr'><strong>inviti</strong></span> <span class='ocrx_word' id='word_1_242' title='bbox 861 4364 1063 4454; x_wconf 81' lang='lat' dir='ltr'><strong>referimus,</strong></span> <span class='ocrx_word' id='word_1_243' title='bbox 1093 4375 1163 4436; x_wconf 89' lang='lat' dir='ltr'><strong>tam</strong></span> <span class='ocrx_word' id='word_1_244' title='bbox 1189 4371 1341 4458; x_wconf 87' lang='lat' dir='ltr'><strong>apertam</strong></span> <span class='ocrx_word' id='word_1_245' title='bbox 1367 4363 1549 4456; x_wconf 91' lang='lat' dir='ltr'><strong>malitiam,</strong></span> <span class='ocrx_word' id='word_1_246' title='bbox 1580 4373 1651 4435; x_wconf 87' lang='lat' dir='ltr'><strong>tem</strong></span> 
     </span>
     <span class='ocr_line' id='line_1_27' title="bbox 243 4485 1651 4581; baseline 0.003 -26"><span class='ocrx_word' id='word_1_247' title='bbox 243 4503 382 4557; x_wconf 91' lang='lat' dir='ltr'><strong>enorme</strong></span> <span class='ocrx_word' id='word_1_248' title='bbox 400 4486 589 4577; x_wconf 79' lang='lat' dir='ltr'><strong>flagitium,</strong></span> <span class='ocrx_word' id='word_1_249' title='bbox 610 4496 681 4559; x_wconf 91' lang='lat' dir='ltr'><strong>tam</strong></span> <span class='ocrx_word' id='word_1_250' title='bbox 698 4487 849 4560; x_wconf 91' lang='lat' dir='ltr'><strong>immane</strong></span> <span class='ocrx_word' id='word_1_251' title='bbox 869 4489 1001 4581; x_wconf 91' lang='lat' dir='ltr'><strong>scelus,</strong></span> <span class='ocrx_word' id='word_1_252' title='bbox 1032 4499 1101 4560; x_wconf 89' lang='lat' dir='ltr'><strong>tam</strong></span> <span class='ocrx_word' id='word_1_253' title='bbox 1125 4485 1322 4561; x_wconf 89' lang='lat' dir='ltr'><strong>evidentem</strong></span> <span class='ocrx_word' id='word_1_254' title='bbox 1339 4485 1501 4578; x_wconf 90' lang='lat' dir='ltr'><strong>injuriam</strong></span> <span class='ocrx_word' id='word_1_255' title='bbox 1523 4486 1651 4559; x_wconf 86' lang='lat' dir='ltr'><strong>illatam</strong></span> 
     </span>
     <span class='ocr_line' id='line_1_28' title="bbox 241 4608 1651 4706; baseline 0.006 -31"><span class='ocrx_word' id='word_1_256' title='bbox 241 4623 383 4678; x_wconf 91' lang='lat' dir='ltr'><strong>romano</strong></span> <span class='ocrx_word' id='word_1_257' title='bbox 402 4608 546 4705; x_wconf 90' lang='lat' dir='ltr'><strong>principi</strong></span> <span class='ocrx_word' id='word_1_258' title='bbox 560 4631 622 4705; x_wconf 91' lang='lat' dir='ltr'><strong>per</strong></span> <span class='ocrx_word' id='word_1_259' title='bbox 638 4631 817 4684; x_wconf 88' lang='lat' dir='ltr'><strong>romanum</strong></span> <span class='ocrx_word' id='word_1_260' title='bbox 833 4611 1037 4704; x_wconf 89' lang='lat' dir='ltr'><strong>antistitem,</strong></span> <span class='ocrx_word' id='word_1_261' title='bbox 1055 4632 1124 4706; x_wconf 89' lang='lat' dir='ltr'><strong>que</strong></span> <span class='ocrx_word' id='word_1_262' title='bbox 1139 4632 1209 4685; x_wconf 93' lang='lat' dir='ltr'><strong>non</strong></span> <span class='ocrx_word' id='word_1_263' title='bbox 1231 4611 1343 4683; x_wconf 89' lang='lat' dir='ltr'><strong>solum</strong></span> <span class='ocrx_word' id='word_1_264' title='bbox 1360 4609 1598 4706; x_wconf 87' lang='lat' dir='ltr'><strong>imperatorem</strong></span> <span class='ocrx_word' id='word_1_265' title='bbox 1616 4621 1651 4684; x_wconf 91' lang='lat' dir='ltr'><strong>et</strong></span> 
     </span>
    </p>
   </div>
   <div class='ocr_carea' id='block_1_6' title="bbox 0 0 2127 5892">
    <p class='ocr_par' dir='ltr' id='par_1_6' title="bbox 0 0 2127 5892">
     <span class='ocr_line' id='line_1_29' title="bbox 0 0 2127 5892; baseline 0 0"><span class='ocrx_word' id='word_1_266' title='bbox 0 0 2127 5892; x_wconf 95' lang='lat' dir='ltr'><strong> </strong></span> 
     </span>
    </p>
   </div>
  </div>
 </body>
</html>
