4226 5900
505 537 567 598 teo
1007 533 1220 595 rslusmcl
1239 531 1414 594 seculum
1722 531 1803 614 [Anu.
1821 533 1905 596 1239.

506 691 554 743 ex
566 691 637 764 quo
649 667 796 742 decessit
811 669 973 765 supplere
985 678 1019 742 te
1030 669 1210 758 volumus,
1225 677 1265 740 ut
1278 668 1373 740 curie
1388 675 1503 739 nostre
1515 685 1607 738 mors
1620 667 1696 759 ejus
1708 666 1814 738 nichil
1828 667 1909 739 sub-

505 791 653 865 traxisse
668 793 704 864 in
720 793 786 890 hys
807 801 843 864 te
858 792 1039 887 superstite
1056 791 1229 864 videatur.

554 917 679 988 Datum
696 915 733 988 in
750 915 870 989 cestris
885 935 993 1010 prope
1006 913 1257 1004 Mediolanum,
1275 913 1352 986 XIV
1372 911 1534 1002 octobris,
1553 911 1632 983 XIII
1650 910 1859 985 indictionis.

720 1219 1700 1236 Mamm-..mmm-

331 1513 444 1619 intpp.
556 1496 778 1581 Mandatum
796 1499 846 1580 ed
870 1508 1057 1583 secretum
1073 1498 1268 1586 Messanae
1285 1524 1356 1608 pro
1382 1523 1496 1608 parco
1513 1497 1657 1584 Melacii
1679 1505 1717 1582 et
1737 1498 1910 1581 venatio-

305 1579 468 1728 PMMMM'
502 1627 616 1713 uibus
634 1639 677 1714 ut
694 1640 812 1740 ponat
828 1631 1022 1740 pulverem
1040 1641 1173 1715 conda
1189 1631 1316 1742 lupos.

583 1829 711 1911 (Κορσοί.
729 1831 834 1912 isuper.
847 1829 968 1894 Frcdar.
982 1831 1022 1906 11,
1034 1831 1087 1894 Iol.
1105 1841 1142 1894 18
1154 1847 1251 1910 verso,
1265 1836 1296 1893 et
1308 1831 1341 1892 ln
1357 1830 1428 1892 edit.
1443 1829 1579 1910 Carum,
1592 1847 1625 1908 p.
1641 1838 1696 1891 2⁵1
1714 1837 1745 1892 et
1757 1831 1844 1908 ²⁵2.)

549 2005 765 2096 Fredericus,
786 2013 870 2097 eto,
889 2005 1011 2098 Maiori
1034 2004 1080 2078 ds
1097 2006 1304 2078 Plaucatoue
1326 2015 1462 2077 secreto
1476 2005 1645 2096 Messene,
1665 2013 1732 2076 etc.
1749 2003 1911 2078 Pervenit

500 2125 547 2202 ad
570 2125 783 2202 audientiam
800 2135 952 2200 nostram
970 2126 1066 2222 quod
1081 2127 1117 2200 in
1136 2148 1242 2224 parco
1260 2135 1377 2200 nostro
1398 2127 1527 2200 Melatii
1547 2127 1670 2220 vulpes
1685 2139 1722 2200 et
1736 2128 1810 2221 lupi
1829 2139 1910 2200 sunt

499 2251 536 2322 in
561 2250 716 2326 maxima
733 2251 923 2346 quantitate
946 2259 982 2322 et
1005 2251 1170 2324 animala
1192 2251 1340 2346 parvula
1360 2249 1553 2324 venationis
1577 2249 1687 2344 ipsius
1707 2251 1906 2340 destruunt,

498 2375 547 2448 ita
563 2373 662 2470 quod
679 2395 791 2469 panca
811 2395 858 2445 ex
875 2373 927 2445 eis
942 2371 1075 2446 ibidem
1091 2381 1254 2468 poterunt
1277 2373 1314 2446 iu
1331 2373 1433 2446 brevi
1453 2381 1610 2469 tempore
1627 2395 1823 2463 remanere,
1841 2374 1907 2446 uisi

498 2519 561 2593 per
581 2497 724 2592 aliquod
743 2495 938 2570 remedium
964 2495 1187 2592 provideatur
1213 2495 1357 2571 eisdem.
1391 2496 1507 2582 Quare
1534 2494 1691 2570 fidelitati
1715 2505 1775 2570 tue
1797 2497 1908 2593 preci·

498 2619 626 2715 piendo
646 2619 853 2696 mandamus
869 2628 1041 2715 quatenus
1058 2620 1174 2694 statim
1188 2620 1352 2716 visishps
1369 2619 1497 2694 licteris
1514 2619 1569 2693 de-
1580 2621 1726 2716 pulvsre
1743 2621 1907 2716 luporum

498 2742 641 2818 studeas
657 2743 815 2818 iuvenire
832 2751 867 2816 et
886 2743 935 2816 ita
950 2741 1109 2834 ordines,
1129 2743 1220 2816 sicut
1240 2741 1314 2816 lleri
1326 2743 1509 2816 consuerit
1524 2752 1560 2816 et
1579 2741 1700 2834 debet,
1716 2743 1815 2838 quod
1834 2744 1907 2839 lupi

499 2873 534 2940 et
552 2867 676 2962 vulpes
702 2867 923 2944 destruantur
941 2867 1083 2940 omniuo
1100 2875 1135 2940 et
1147 2865 1310 2942 animalia
1322 2865 1468 2964 parvula
1481 2865 1753 2962 multiplicentur
1767 2867 1907 2940 uberius

498 3009 540 3062 ac
555 2987 728 3062 devastari
745 3011 817 3062 nou
840 2988 990 3085 possiut;
1013 2987 1154 3064 studeas
1173 2986 1419 3064 nichilominus
1436 2998 1473 3062 et
1488 3011 1653 3086 procures
1673 2989 1770 3084 quod
1788 3011 1907 3064 omnes

498 3113 702 3188 venatIones
717 3115 752 3186 in
760 3114 1000 3206 jurisdictione
1013 3124 1074 3188 tua
1091 3115 1155 3188 site
1168 3115 1405 3190 custodiantur
1415 3115 1546 3212 optIme
1559 3125 1594 3190 et
1610 3114 1657 3189 de
1672 3115 1817 3212 pulvere
1831 3118 1906 3214 ipso

498 3247 617 3312 contra
629 3237 730 3334 lupos
747 3258 858 3334 ponae
870 3248 906 3313 et
921 3239 1003 3335 poni
1021 3237 1128 3312 iacias
1149 3237 1210 3310 ubi
1226 3237 1355 3312 videris
1372 3238 1552 3336 expedire.

547 3363 671 3436 Datum
686 3360 723 3432 in
737 3361 855 3436 castris
869 3383 980 3460 prope
991 3360 1238 3454 Mediolanum,
1251 3362 1329 3434 XIV
1342 3362 1506 3453 octobris,
1525 3362 1603 3436 Xlll
1617 3359 1829 3437 Indictiouis.

714 3667 1072 3680 *offla-

327 3997 440 4041 neura.
552 3963 729 4050 Mandata
747 3962 853 4046 varia
875 3986 988 4071 super
1009 3958 1189 4044 aedificiis
1208 3955 1439 4044 Certolariae
1466 3956 1568 4066 epud
1589 3955 1726 4042 Urbem
1753 3959 1803 4041 ad
1830 3985 1904 4042 err-

304 4061 465 4201 ffifffpffi·
497 4122 636 4206 penses
660 4095 788 4180 curiae
804 4094 1030 4178 reficiendis.

579 4297 708 4380 (depost.
722 4299 827 4378 Impar.
838 4293 959 4360 stede.
972 4297 1015 4377 11,
1026 4296 1079 4358 Iol.
1094 4301 1131 4358 lt
1148 4307 1250 4372 verso3
1265 4293 1298 4353 lu
1308 4289 1381 4353 edit.
1397 4288 1589 4367 amnium,
1604 4307 1635 4368 p.
1651 4291 1735 4370 262.)

548 4476 594 4548 lle
606 4475 766 4548 mndata
776 4472 942 4570 itopenbli
955 4473 1043 4566 facto
1053 4492 1116 4568 per
1128 4469 1324 4562 mopsstmm
1338 4463 1477 4537 Petram
1494 4463 1535 4538 de
1550 4465 1903 4560 redemptricem

496 4603 614 4695 Copae
630 4621 641 4668 :
