4278 5920
232 555 327 616 lucion
348 553 405 638 ll.]
672 551 869 614 HISTORIA
896 551 1187 614 blrlotttlvlcll.
1580 547 1638 610 193

232 691 262 762 J.
278 687 488 761 venerabilis
504 685 687 782 episcopus
703 685 901 778 Paduanus,
918 685 1031 760 fidelis
1043 695 1171 780 noster,
1190 707 1252 782 per
1270 685 1435 758 Iacobum
1444 684 1558 758 Alexii
1574 684 1639 756 Al-

232 811 319 884 berti
322 861 939 884 ................
964 811 1156 902 Burzigane
1168 809 1320 904 judicem
1346 807 1392 880 de
1413 806 1532 880 Padua
1555 829 1640 903 pm·

234 945 406 1009 curatores
419 955 514 1022 suos,
529 932 648 1006 fideles
662 943 807 1022 nostros,
824 933 869 1006 ab
881 935 1084 1007 excellentia
1096 945 1211 1006 nostra
1226 931 1424 1028 suppliciter
1439 931 1641 1027 postulasset

234 1069 273 1130 ut
293 1059 406 1152 ipsum
422 1057 467 1130 de
483 1057 629 1142 honore,
652 1056 764 1129 iendis
781 1056 909 1130 debitis
926 1071 962 1130 et
977 1056 1188 1150 pertinentiis
1206 1054 1406 1130 corumdem
1421 1075 1490 1150 que
1512 1053 1639 1150 prede·

235 1203 384 1254 oessores
398 1181 454 1254 sui
471 1188 656 1252 tenuemnt
670 1179 715 1252 ab
733 1179 892 1275 imperio,
913 1180 1076 1252 investire
1094 1180 1138 1253 de
1150 1188 1264 1252 nostre
1276 1177 1488 1251 liberalitatis
1500 1176 1639 1248 munili-

236 1305 345 1378 ceutia
361 1303 598 1398 dignaremur,
616 1325 680 1376 nos
697 1303 1004 1399 supplicationibus
1018 1303 1091 1376 suis
1103 1303 1334 1376 favorabiliter
1348 1299 1511 1388 inclinati,
1532 1300 1641 1372 dictos

236 1427 400 1500 Iacobum
416 1437 451 1500 et
465 1425 644 1500 Albertnm
660 1436 897 1522 procuratores
912 1427 1068 1518 ejusdcm
1085 1426 1237 1522 episcopi
1256 1445 1318 1522 pro
1330 1431 1426 1520 parte
1444 1431 1478 1496 et
1488 1423 1565 1496 vice
1578 1445 1642 1496 sua

237 1550 279 1623 de
291 1550 438 1640 honore,
450 1551 553 1642 justis
574 1547 687 1622 leudis
705 1549 830 1622 debitis
856 1559 891 1623 ct
908 1550 1122 1646 pertiuentiis
1143 1551 1216 1622 suis
1236 1571 1306 1644 que
1324 1547 1499 1643 quondum
1516 1547 1641 1643 prede·

238 1693 386 1746 cessores
407 1672 461 1744 sui
476 1671 704 1744 dinoscuntur
723 1672 768 1744 ab
785 1671 931 1768 imperio
949 1673 1120 1766 tenuisse,
1146 1671 1386 1746 investivimus
1403 1670 1453 1768 (a)
1471 1671 1516 1742 de
1529 1681 1643 1744 nostre

237 1795 345 1888 gratia
360 1795 564 1888 majestatis,
580 1804 715 1890 recepto
734 1795 779 1868 ab
796 1795 930 1869 eisdem
954 1795 1232 1892 procuratoribus
1249 1817 1311 1893 pro
1325 1805 1422 1892 parte
1439 1794 1548 1890 ipsius
1565 1796 1642 1889 epi-

237 1919 353 2014 scopi,
368 1927 471 2013 prout
480 1918 569 2011 juris
591 1927 626 1990 et
642 1919 748 1991 moris
766 1918 901 2014 imperii
926 1928 996 2010 est,
1020 1920 1056 1991 in
1072 1919 1242 2014 presentia
1269 1927 1386 1992 nostra
1412 1917 1586 1991 fidelitatis
1610 1929 1645 1991 et

238 2042 389 2135 homagii
403 2043 620 2134 juramento,
643 2051 678 2116 et
693 2042 788 2137 quod
800 2042 956 2138 prodictu
970 2039 1180 2141 bonorelm],
1196 2042 1301 2117 lenda
1317 2051 1352 2115 et
1367 2042 1519 2137 ipsorum
1533 2043 1645 2138 perti-

238 2166 372 2240 nentias
391 2187 412 2238 a
429 2165 529 2238 nobis
545 2175 580 2240 ot
597 2165 741 2262 imperio
757 2175 980 2260 recognoscat
996 2176 1030 2240 et
1049 2167 1105 2238 illa
1129 2165 1174 2240 de
1194 2165 1348 2239 dominio
1367 2173 1485 2240 nostro
1507 2165 1646 2239 subtra-

239 2287 352 2362 henda
356 2339 892 2361 ..............
923 2341 935 2380 ,
962 2288 1024 2362 sed
1045 2289 1163 2362 debita
1186 2277 1316 2363 exinde
1333 2298 1368 2362 st
1387 2300 1550 2362 consucta
1575 2309 1648 2360 ser-

240 2413 323 2485 vitia
344 2412 445 2486 nobis
464 2421 500 2486 et
521 2413 666 2510 imperio
691 2420 726 2486 ct
743 2413 1000 2487 successoribus
1018 2413 1143 2486 nostris
1160 2413 1285 2486 devote
1307 2422 1342 2488 et
1361 2411 1508 2486 fideliter
1524 2413 1648 2486 debeat

244 2537 418 2610 exhibere.

288 2662 399 2753 liujus
415 2660 465 2734 mi
482 2668 588 2734 testas
600 2669 681 2733 sunt
692 2660 872 2734 llznelinus
886 2660 932 2735 de
947 2661 1122 2752 Romano,
1137 2659 1330 2734 Willelmus
1342 2659 1390 2757 (b)
1403 2659 1650 2736 vicedominus

246 2784 442 2880 capitaneus
454 2784 628 2876 vicentie,
646 2785 693 2856 bl.
715 2783 867 2857 marchio
881 2786 1030 2872 lancea,
1051 2783 1245 2858 leobaldus
1262 2784 1484 2875 Franciscns‚
1503 2785 1651 2858 lacobus

248 2907 288 2981 dc
308 2911 435 2981 Sancto
448 2907 612 2999 Andron,
631 2908 877 2982 Gumbertinus
898 2907 943 2981 de
963 2908 1144 3003 Buligante
1161 2904 1219 3004 (c),
1237 2909 1483 2982 Gumbortinus
1501 2908 1546 2981 dc
1571 2908 1652 2980 Cas-

247 3041 343 3121 tono,
360 3040 395 3104 et
408 3031 466 3105 alii
479 3033 702 3128 quamplures
715 3031 837 3106 fideles
852 3032 973 3104 nostri.

290 3154 348 3227 Ad
365 3153 468 3249 hujus
481 3163 597 3228 autem
609 3154 659 3226 rei
671 3155 872 3228 memoriam
889 3163 924 3227 et
937 3155 1105 3228 cautelam
1120 3175 1261 3251 presens
1283 3155 1447 3251 scriptum
1464 3152 1537 3226 fieri
1554 3176 1652 3227 com-

247 3277 402 3352 misimus
416 3277 490 3374 (aic)
508 3278 695 3370 majestatis
709 3286 827 3351 nostre
844 3277 957 3372 sigillo
971 3279 1157 3351 munitum.

290 3402 417 3474 Datum
444 3402 480 3472 in
508 3399 626 3473 castris
648 3407 728 3472 ante
753 3401 1057 3492 Montcmclamm,
1083 3422 1177 3475 anno
1207 3399 1381 3474 dominice
1409 3399 1654 3474 incarnationis

245 3527 291 3598 ll.
308 3523 371 3597 CC.
390 3525 562 3612 xxxvfl,
580 3545 698 3597 mense
712 3524 878 3614 octobris,
895 3523 1079 3598 undecimo
1092 3524 1301 3598 indictionis.

299 4127 426 4213 Mense
450 4130 633 4241 octobris,
663 4134 868 4243 imperator
894 4136 993 4245 cepit
1023 4136 1246 4220 Mercariam
1275 4138 1315 4220 in
1343 4139 1590 4248 lombardia,
1620 4153 1658 4226 et

248 4283 335 4342 cum
352 4263 472 4393 nollet
485 4263 616 4347 babila
633 4266 788 4350 Mantua
815 4267 959 4379 alloqui
977 4270 1208 4379 cardinales,
1228 4272 1301 4381 ipsi
1327 4271 1489 4358 llomam
1517 4274 1657 4358 reversi

289 4442 330 4522 (a)
353 4443 389 4505 ln
401 4422 541 4553 lrr'iorcsro
553 4449 771 4526 macconem,
788 4422 876 4516 mule.

290 4547 330 4628 (l)
352 4551 387 4612 lu
401 4553 540 4643 impresso
553 4552 687 4629 Emilirrr,
702 4558 787 4618 mdc

291 4653 328 4734 (c)
350 4655 387 4717 ln
398 4658 580 4735 pracccdcntl
594 4677 664 4724 vern
678 4659 713 4722 de
726 4658 899 4744 munnam
