4226 5900
213 570 392 655 lrrnrcr.13.]
661 565 860 628 HISTORIA
883 564 1175 628 DIPLOMATICA.
1569 572 1630 636 429

213 710 317 782 terris
331 727 452 782 eorum
475 705 538 799 qni
560 703 700 776 inerunt
716 699 869 775 revocati
893 721 1000 774 conco
1003 753 1625 780 ................

212 841 252 905 nt
274 833 304 905 si
326 829 421 926 quod
442 831 502 922 J'ns
519 826 651 900 habent
670 846 787 898 coram
805 823 906 897 nobis
921 823 1062 898 veniant
1077 846 1197 899 eornm
1214 825 1383 921 justitiam
1400 827 1553 924 petituri.
1577 831 1628 903 De

211 955 490 1053 possessionibus
511 961 629 1028 autem
653 959 690 1022 et
713 949 812 1022 terris
814 1001 1390 1024 ...............
1417 962 1453 1026 et
1471 950 1628 1048 Auguste

211 1101 282 1174 que
300 1081 392 1153 maie
409 1078 524 1152 divise
542 1075 724 1164 dicuntur,
743 1073 820 1144 illas
845 1092 916 1144 una
935 1093 1015 1144 cum
1040 1084 1170 1148 secreto
1188 1084 1305 1150 nostro
1329 1075 1488 1150 Messene
1513 1076 1626 1151 dividi

211 1203 348 1277 facilins
364 1212 399 1276 et
401 1250 777 1274 ..........
805 1196 873 1268 lius
897 1195 944 1268 ad
962 1196 1142 1271 utilitatem
1163 1200 1260 1273 curie
1278 1209 1393 1274 nostre
1415 1210 1450 1273 et
1466 1199 1625 1274 habitan·

209 1327 300 1402 tium
311 1326 450 1400 ibidem
465 1325 571 1399 etiam
589 1319 867 1396 commoditatem
884 1319 1014 1394 videris
1036 1322 1202 1418 expedire
1205 1376 1622 1398 ...........

211 1505 221 1522 .
253 1503 263 1524 .
294 1505 303 1523 .
335 1506 344 1524 .
371 1449 567 1524 moderatas
585 1455 620 1521 et
636 1445 849 1519 necessarias
862 1465 926 1540 pro
943 1445 1080 1518 nunciis
1098 1445 1144 1520 ad
1157 1456 1308 1521 nostram
1324 1448 1455 1536 curiam
1472 1469 1536 1544 pro
1553 1469 1624 1522 ser·

207 1575 304 1648 vitiis
330 1575 457 1648 nostris
479 1573 624 1646 utilibus
646 1581 681 1644 ot
697 1568 901 1643 necessariis
923 1569 1138 1643 destinandis
1159 1571 1204 1644 de
1226 1572 1375 1666 pecunia
1394 1573 1490 1645 curie
1510 1582 1625 1646 nostre

207 1698 322 1771 faeere
339 1697 514 1784 volumus,
533 1715 604 1768 non
622 1693 708 1766 tales
723 1705 839 1765 tumen
856 1691 977 1786 quales
995 1693 1186 1766 Iohannem
1203 1693 1301 1766 eioffi
1318 1694 1428 1766 iacere
1441 1692 1620 1790 oohegisti.

209 1871 586 1894 ..........
614 1816 660 1890 ad
680 1815 882 1889 mandatum
901 1825 1001 1888 tuum
1022 1818 1144 1890 nuntio
1163 1825 1225 1890 tuo
1245 1816 1292 1890 ad
1311 1826 1462 1890 nostram
1481 1839 1621 1914 presen-

205 1945 288 2019 tiam
307 1944 491 2035 destinato,
513 1942 640 2036 viginti
656 1939 777 2012 uncias
792 1939 868 2012 auri
881 1959 945 2034 pro
963 1939 1127 2033 expensis
1144 1949 1179 2013 et
1193 1961 1241 2036 po
1246 1993 1619 2016 ..........

204 2068 280 2142 fisci
297 2067 404 2141 nostri
420 2077 453 2139 te
464 2067 610 2160 jubente
628 2063 794 2160 persolvit
812 2062 957 2136 invitus.
977 2062 1135 2136 Preterea
1157 2064 1294 2138 civibus
1311 2072 1347 2137 et
1371 2063 1623 2138 habitatoribus

204 2193 362 2288 Auguste
379 2190 475 2287 quod
491 2191 614 2265 vinnm
632 2197 667 2262 et
684 2188 753 2262 alie
769 2186 962 2262 necessaria
967 2239 1618 2262 .................

224 2315 232 2412 Ι
260 2363 1617 2390 ··································
1647 2351 1825 2398 rounam.

201 2561 399 2657 recepimus
416 2581 480 2634 con
484 2607 1012 2632 ..............
1042 2551 1272 2654 [viJctnalium
1293 2579 1358 2632 oon
1363 2611 1615 2635 .......

204 2735 458 2756 .......
487 2680 1620 2757 deturricnstri.................cestront

200 2807 305 2879 turris
327 2807 403 2902 ipsa
406 2855 988 2879 ...............
1014 2810 1050 2874 et
1069 2803 1217 2897 pecunie
1221 2855 1515 2878 ........
1544 2809 1619 2880 cnt-

200 2931 286 3003 mini
311 2940 426 3004 nostro
429 2981 722 3002 ........
750 2935 833 3001 sunt
852 2925 1004 3021 dampno
1017 2925 1129 3022 ipsius
1131 2979 1386 3002 .......
1412 2929 1533 3004 iacias.
1564 2985 1573 3004 .
1604 2985 1613 3003 .

203 3053 407 3127 ....de
432 3073 533 3126 muro
535 3102 998 3126 ............
1018 3049 1037 3121 ’.
1069 3102 1079 3122 .
1110 3102 1120 3121 .
1148 3059 1188 3122 ut
1191 3103 1446 3125 .......
1474 3075 1616 3136 accas-

199 3187 330 3252 trornm
352 3186 546 3250 nostrorum
567 3175 632 3248 tibi
649 3176 696 3249 tal
700 3226 1280 3248 ...............
1309 3185 1363 3248 est
1378 3177 1491 3250 nobis.
1522 3229 1531 3248 .
1562 3231 1571 3250 .
1602 3234 1612 3254 .

202 3355 211 3373 .
240 3353 252 3374 .
284 3353 294 3372 .
325 3353 335 3374 .
362 3299 554 3374 admodum
571 3320 656 3394 opor
659 3349 987 3372 .........
1006 3317 1185 3371 murorum
1207 3297 1358 3372 ambitus
1378 3299 1461 3372 sinit
1481 3309 1614 3375 tantum

198 3432 233 3498 et
247 3423 404 3519 undique
425 3443 525 3497 muro
542 3423 620 3498 clau
624 3471 1204 3494 ...............
1233 3443 1369 3497 camere
1392 3425 1465 3497 sale
1491 3433 1527 3499 et
1547 3425 1614 3499 elie

199 3569 334 3622 camere
345 3567 414 3642 qne
427 3546 543 3620 dcstrn
549 3596 1129 3618 ...............
1149 3545 1312 3620 obtentur
1314 3599 1610 3621 ........

197 3669 464 3769 supersedeatur
480 3670 528 3746 ad
543 3689 684 3765 presens
707 3667 804 3763 qnod
808 3720 1104 3740 ........
1132 3689 1324 3765 superque
1341 3678 1411 3742 tam
1427 3670 1612 3762 justitiario

199 3846 533 3866 .........
560 3815 666 3888 qnam
687 3802 821 3866 secreto
844 3792 1013 3866 Messana.
1043 3845 1053 3864 .
1085 3847 1094 3865 .
1125 3847 1134 3864 .
1165 3847 1174 3865 .
1205 3847 1215 3865 .
1243 3793 1329 3890 ipsis
1357 3793 1526 3869 iaciendis
1548 3795 1611 3870 ha·

194 3915 344 3992 beantur
346 3968 642 3990 ........
669 3937 754 3990 ense
776 3916 866 3990 sicut
891 3915 963 3988 hab
966 3967 1378 3990 ...........
1405 3928 1540 3994 nostros
1565 3920 1611 3996 de

194 4041 290 4115 curia
317 4047 434 4114 nostra
457 4038 583 4114 veleb
606 4013 981 4114 hominibusoontrate
983 4091 1358 4114 ..........
1385 4041 1485 4137 ipsis.
1515 4096 1525 4116 .
1555 4097 1565 4116 .
1596 4098 1606 4118 .

197 4219 206 4236 .
237 4217 247 4236 .
278 4217 287 4235 .
319 4217 329 4235 .
355 4164 492 4238 lieteras
507 4164 602 4260 ipsas
613 4163 773 4258 requiras
785 4171 821 4237 ct
836 4161 1041 4238 mandatnm
1058 4171 1226 4236 nostrum.
1260 4218 1270 4236 .
1306 4216 1316 4236 .
1351 4217 1361 4236 .
1398 4218 1407 4236 .
1438 4219 1448 4237 .
1479 4219 1488 4238 .
1517 4187 1608 4240 com-

192 4285 372 4484 megdiddlm
395 4407 453 4482 die
476 4408 523 4482 do
542 4407 665 4483 eodem
690 4407 854 4483 mandato
884 4405 935 4505 (a)
957 4407 1094 4506 scripsit
1119 4408 1213 4482 idem
1241 4408 1287 4484 ad
1316 4408 1536 4484 Gnillelmum
1562 4412 1607 4488 de

190 4531 351 4627 Anglone
365 4531 588 4626 justitiarium
593 4584 1216 4605 ................
1244 4533 1426 4630 pecuniam
1431 4587 1601 4610 .....

232 4676 276 4758 (a)
297 4677 448 4756 ommam
459 4676 551 4741 rubo
563 4677 701 4740 addimus
719 4675 819 4739 ecod.
831 4675 1232 4758 Philltppscnddeprompta.
