4246 5906
203 635 303 696 Ineter.
321 631 383 712 la]
655 627 853 689 HISTORIA
877 625 1171 690 urrnousrlcd
1558 621 1617 684 527

203 769 417 863 negligentes
440 773 501 840 aut
515 763 662 836 rebelles
677 763 903 838 ostenderint.
918 763 1023 854 llid„
1042 783 1079 858 p.
1102 765 1138 853 8,
1157 769 1192 835 et
1209 783 1267 856 ap.
1283 760 1474 852 usnimi,
1492 758 1614 831 dcccl.

204 892 317 968 eccles.
338 890 387 964 ad
399 911 480 962 ann.
505 886 614 979 ⁴239,
635 885 830 983 §xxxvp
884 983 887 990 Ι

257 1326 437 1410 Mandata
459 1325 698 1436 imperatoris
724 1352 837 1435 super
859 1325 1092 1410 continentie
1115 1325 1311 1410 falconum
1337 1353 1496 1412 suorum
1513 1339 1552 1412 et
1573 1331 1622 1413 de
1664 1335 1808 1441 „mm

205 1459 373 1542 austeris
397 1461 448 1542 ad
470 1459 675 1542 Henricum
692 1485 822 1570 regem
845 1459 1023 1542 Turrium
1047 1468 1086 1542 et
1110 1459 1306 1569 Gallurae,
1331 1459 1455 1544 filium
1483 1487 1618 1570 suum,
1654 1447 1682 1488 ²⁴
1767 1444 1822 1486 ''³¹'’

205 1591 465 1699 deportandis,

287 1789 416 1872 (Μαι.
431 1791 535 1872 imper.
551 1788 670 1851 Freder.
681 1791 722 1869 11,
735 1790 786 1853 iol.
802 1801 840 1854 28
855 1793 1003 1866 verso31n
1017 1792 1089 1853 edlt.
1105 1789 1243 1871 Curcum,
1254 1809 1286 1870 p.
1303 1791 1389 1873 ²76.)

254 1967 301 2037 De
316 1966 476 2038 mandato
487 1966 614 2038 domim
627 1966 834 2060 imperatoris
854 1968 943 2058 [octo
955 1988 1019 2061 per
1034 1966 1233 2060 magistrum
1255 1965 1299 2038 ll.
1320 1967 1360 2037 de
1375 1965 1477 2060 Suqio
1494 1969 1625 2063 empsit

205 2091 342 2164 Iacobus
358 2091 399 2162 de
416 2093 545 2162 Bactra
559 2092 597 2162 in
615 2092 701 2161 lunc
712 2091 868 2162 owdum:

254 2213 473 2304 Frederious,
499 2222 584 2302 etc,
604 2213 706 2286 Entio
727 2214 929 2304 falconario,
951 2221 1018 2286 etc.
1042 2213 1132 2297 Quia
1148 2212 1312 2286 volumus
1338 2212 1426 2286 scire
1443 2215 1622 2288 eontinen-

206 2337 287 2411 tiam
312 2338 485 2411 falconum
512 2345 725 2426 nostrornm,
750 2337 907 2410 fidelitati
934 2346 995 2411 tue
1024 2336 1232 2411 mandamus
1259 2346 1431 2432 quatenus
1458 2341 1624 2413 veraciter

206 2460 308 2534 nobis
323 2460 497 2554 significes
515 2461 545 2533 si
565 2461 655 2534 bene
675 2455 720 2532 si't
738 2460 790 2533 eis
807 2470 842 2533 et
857 2470 943 2555 quot
961 2462 1049 2550 sint,
1067 2469 1102 2534 et
1117 2461 1274 2533 maxime
1293 2461 1381 2554 quid
1399 2463 1444 2534 eit
1459 2463 1505 2536 de
1519 2463 1624 2538 ialoo-

206 2586 311 2660 nibus
327 2586 389 2680 qui
403 2586 507 2658 Malle
520 2585 611 2680 capti
630 2586 786 2674 luerunt,
806 2593 840 2658 et
858 2585 887 2656 si
903 2585 970 2657 hoc
983 2607 1077 2658 anno
1091 2585 1241 2657 falcones
1258 2584 1432 2659 silvestres
1448 2586 1623 2677 habuisti,

206 2719 336 2806 etquot
350 2711 497 2802 luerint,
511 2718 623 2782 totum
640 2709 706 2782 hoc
723 2709 824 2782 nobis
842 2718 958 2805 aperte
977 2707 1152 2801 significes
1167 2716 1203 2779 et
1219 2707 1397 2800 distincte,
1417 2718 1484 2784 etc.

255 2837 379 2908 Datum
399 2833 493 2928 apud
507 2833 727 2926 Cremonam,
746 2834 857 2906 XXIV
872 2832 1091 2923 novembris,
1108 2832 1187 2904 XIII
1204 2831 1413 2904 indictionis.

255 2963 338 3032 Item
357 2985 368 3029 .·

255 3083 477 3173 Fredericus,
498 3089 581 3170 ete,
596 3079 764 3154 llainaldo
783 3079 945 3176 Troysio‚
963 3088 1028 3152 etc.
1048 3078 1219 3153 Fidelitati
1232 3087 1291 3153 tue
1308 3079 1516 3156 mandamus
1531 3105 1626 3177 qua·

206 3218 307 3280 tenus
326 3206 357 3278 si
370 3205 458 3278 lator
476 3205 706 3300 presentium,
727 3202 840 3277 fidelis
853 3212 989 3295 noster,
1008 3211 1043 3276 te
1056 3225 1136 3275 cum
1148 3204 1299 3276 austeris
1315 3207 1441 3278 nostris
1454 3207 1626 3280 invenerit

207 3330 301 3427 apud
316 3331 431 3420 Pisas,
446 3329 591 3402 ulterius
609 3350 679 3401 non
696 3330 833 3420 venies,
853 3328 917 3401 sed
929 3329 965 3400 in
985 3327 1070 3423 ipsis
1089 3329 1245 3423 partibus
1263 3350 1327 3401 nos
1343 3339 1524 3425 expectes3
1544 3341 1579 3404 et
1593 3332 1624 3406 si

209 3459 294 3528 forte
309 3454 406 3550 apud
419 3455 594 3549 Neapolim
609 3463 644 3526 te
656 3453 749 3527 idem
765 3453 934 3542 inveniat,
951 3453 1116 3524 volumus
1132 3463 1171 3524 ut
1185 3475 1248 3548 per
1261 3461 1385 3526 terram
1401 3454 1447 3529 ad
1461 3455 1623 3529 dilectum

208 3578 318 3650 filium
334 3586 491 3652 nostrum
508 3579 555 3651 H.
570 3577 737 3650 illustrem
750 3598 869 3672 regem
887 3575 1032 3650 Turium
1054 3585 1088 3650 et
1107 3575 1245 3650 Gallure
1259 3599 1339 3651 cum
1355 3578 1485 3654 eisdem
1499 3581 1625 3655 asturis

210 3703 339 3777 debeas
352 3711 388 3776 te
398 3702 569 3776 eonfene.

257 3829 382 3900 Datum
402 3820 451 3922 [ut
467 3821 599 3922 supro}

258 3949 394 4025 Similes
409 3949 546 4044 scripsit
563 3947 657 4021 idem
669 3946 819 4020 Iohanni
834 3945 879 4020 de
896 3946 1017 4020 Ferula
1035 3947 1189 4021 venienti
1201 3969 1282 4020 cum
1293 3947 1450 4023 canibus.

263 4426 443 4513 Mandata
464 4425 637 4512 camede
659 4425 820 4536 pecunie
845 4423 1103 4536 recolligenda
1128 4423 1178 4506 ab
1199 4423 1422 4508 hominibus
1451 4425 1629 4510 Cataniae
1674 4439 1817 4544 eamn,

211 4567 249 4640 et
271 4584 294 4640 a
316 4559 491 4670 Trogisio
518 4560 567 4641 de
593 4558 867 4670 Calatagcrone
894 4558 945 4642 ad
972 4583 1071 4668 opus
1093 4557 1208 4642 castri
1237 4558 1416 4642 Coloniae
1438 4583 1463 4641 a
1484 4559 1629 4643 lunda·
1662 4547 1833 4591 mmm·

211 4689 351 4774 mentis
368 4690 627 4804 construendi.
