4226 5900
495 584 556 646 tac
993 585 1206 650 Fllllldlllcl
1228 589 1402 652 securta!
1720 593 1800 671 [Am.
1818 594 1903 658 12³9.

490 717 656 808 justitiam
678 714 858 810 impediri,
877 737 942 790 nec
960 718 1113 813 ipsorum
1138 721 1269 794 turbari
1293 723 1469 816 quietem,
1490 723 1667 816 presertim
1685 745 1790 820 snper
1803 745 1905 799 exac-

495 839 587 912 tione
605 839 830 933 pedagiorum
848 861 967 914 aorum
992 863 1062 937 que
1082 843 1130 917 ad
1150 845 1281 918 victum
1302 857 1338 918 et
1355 847 1594 920 necessitatem
1616 848 1801 921 scolarium
1825 869 1906 944 spc-

495 963 625 1034 cialiter
636 973 789 1058 speclare
807 973 1009 1036 noscuntur.

543 1087 668 1159 Datum
683 1083 732 1183 [ot
747 1085 881 1186 capra}

542 1212 677 1282 ltemde
692 1211 970 1284 wdemmandato
987 1216 1215 1309 scripsitidem
1230 1241 1243 1286 :

542 1333 762 1423 Fredericus,
779 1343 861 1424 etc,
879 1336 982 1428 clero,
1003 1337 1205 1431 baronibus,
1220 1339 1400 1428 militibus,
1419 1340 1558 1431 bajulis,
1577 1337 1757 1431 judicibus
1771 1349 1807 1412 et
1819 1341 1903 1412 uni-
2045 1371 2050 1384 ·

494 1479 595 1530 verso
613 1459 740 1552 populo
757 1459 934 1552 Neapolis,
954 1471 1020 1533 etc.
1038 1462 1123 1534 Cum
1144 1463 1181 1533 iu
1202 1463 1289 1536 urbe
1311 1473 1428 1536 nostm
1446 1463 1608 1557 Neapolis
1623 1463 1659 1534 in
1677 1463 1766 1534 libra
1776 1463 1904 1555 justitie

496 1583 642 1674 singulis
647 1583 742 1674 juste
752 1583 915 1675 pensatis,
926 1583 1118 1656 liberalium
1130 1586 1257 1658 artium
1271 1585 1390 1659 mem
1403 1561 1901 1674 indiximusctcfflturam,non

494 1705 610 1776 minus
626 1706 820 1798 generalem
838 1707 1016 1780 utilitatem
1031 1717 1181 1780 vestram
1194 1731 1302 1803 quam
1325 1709 1489 1782 honorem
1508 1717 1663 1781 nostrum
1685 1709 1903 1782 actendentes

494 1849 539 1900 ex
564 1851 623 1912 eo,
648 1851 711 1900 nec
738 1829 886 1901 velimus
911 1831 1007 1924 quod
1034 1832 1274 1926 importunitas
1294 1833 1462 1928 presentis
1486 1833 1648 1928 temporis
1675 1829 1903 1904 universalem

493 1953 604 2047 ipsius
619 1953 772 2046 quietem
793 1952 960 2046 impediat
983 1956 1039 2027 vel
1059 1956 1255 2050 perturbet,
1278 1957 1380 2028 certis
1404 1955 1600 2028 nationibus
1618 1976 1723 2027 causa
1743 1954 1902 2028 studendi

492 2077 670 2171 Neapolim
686 2077 906 2150 venientibus
920 2077 1099 2152 clementie
1115 2089 1230 2154 nostre
1242 2079 1388 2174 gratiam
1401 2078 1602 2170 effudimus,
1622 2078 1712 2150 sicut
1725 2079 1763 2150 in
1780 2079 1903 2151 licteris

493 2200 606 2272 missis
619 2200 792 2293 magistris
807 2211 842 2273 et
860 2201 1050 2274 scolaribus
1070 2203 1229 2298 Neapolis
1241 2204 1377 2298 plenius
1395 2204 1601 2276 continetur.
1619 2201 1781 2274 volentes
1801 2203 1903 2292 igitur

492 2345 557 2396 vos
572 2325 719 2396 scolares
737 2325 914 2396 benivolos
933 2323 1098 2414 reddere,
1119 2336 1154 2398 ct
1169 2327 1244 2399 illos
1260 2327 1361 2400 vobis
1382 2327 1419 2398 in
1435 2325 1599 2398 omnibus
1614 2324 1800 2418 gratiosos,
1816 2323 1903 2398 lide·

491 2449 576 2520 litati
607 2457 721 2520 vestre
754 2447 978 2542 precipiendo
1005 2449 1211 2522 mandamns
1246 2459 1418 2543 quatenus
1447 2458 1584 2542 gratum
1613 2447 1782 2520 babentes
1811 2446 1905 2542 quod

493 2569 747 2663 magnificentia
764 2579 881 2642 nostra
894 2592 964 2643 non
983 2571 1060 2644 siue
1073 2571 1256 2645 commodo
1278 2583 1313 2645 et
1336 2573 1466 2645 bonore
1483 2571 1694 2644 auctoritatis
1714 2580 1829 2643 vestre
1845 2569 1904 2642 da-

493 2696 614 2782 crevit‚
631 2695 727 2788 quod
740 2713 804 2766 vos
821 2693 888 2766 sibi
901 2694 948 2767 ad
961 2694 1126 2768 bonorem
1138 2705 1174 2768 et
1186 2693 1388 2768 fidelitatem
1401 2704 1552 2766 nostram
1562 2694 1674 2766 taliter
1688 2694 1905 2776 conformetis

493 2829 532 2890 ut
550 2841 619 2890 uon
633 2818 749 2890 minus
762 2817 917 2890 moribus
931 2818 1055 2891 vestris
1071 2827 1106 2891 et
1116 2817 1327 2891 habitatione
1342 2815 1595 2909 congaudeant,
1612 2838 1717 2910 quam
1729 2817 1904 2890 scolastica

494 2943 673 3036 disciplina
692 2953 726 3013 et
742 2941 843 3013 vobis
861 2941 927 3036 ipsi
945 2941 1014 3012 sint
1032 2941 1133 3014 utiles
1149 2950 1184 3015 et
1198 2961 1261 3014 vos
1275 2939 1342 3012 illis
1358 2939 1534 3034 potissime
1545 2939 1697 3032 gratiosi.

542 3069 664 3138 Datum
680 3063 729 3163 [ut
747 3062 878 3162 supra}

541 3195 624 3262 item
638 3191 678 3261 de
692 3190 804 3260 codem
821 3189 978 3260 mundato
994 3191 1126 3283 sempsit
1148 3191 1190 3262 R.
1208 3190 1248 3262 de
1261 3190 1399 3261 marna
1420 3215 1431 3258 .·

538 3314 751 3402 Fredericus,
764 3311 1095 3401 etc.,Bartbolomso
1103 3314 1292 3408 Piguatello
1304 3311 1349 3386 de
1360 3310 1571 3402 Brundusio,
1584 3319 1649 3384 etc.
1662 3309 1802 3384 Gratum
1810 3311 1905 3382 ducit

491 3437 695 3512 excellentia
705 3444 820 3508 nostra
833 3435 863 3507 si
875 3436 1017 3529 quando
1029 3459 1077 3509 ex
1087 3436 1261 3530 indigenis
1274 3437 1374 3527 regui
1384 3437 1491 3508 nostri
1507 3435 1656 3530 aliquem
1670 3436 1707 3506 in
1720 3443 1904 3530 conspectu

492 3569 607 3634 nostro
631 3560 666 3632 in
688 3559 910 3654 Neapolitano
928 3558 1045 3632 studio
1062 3558 1157 3654 quod
1175 3559 1219 3634 de
1241 3561 1437 3655 provisione
1461 3569 1576 3633 nostra
1602 3559 1846 3648 laudavimus,
1869 3559 1904 3630 iu

491 3683 693 3778 proleuione
706 3683 850 3774 alicujus
862 3683 1005 3756 scientie
1017 3684 1290 3778 tamspecialiter
1302 3683 1500 3756 audivimus
1512 3681 1711 3776 proiecisse,
1724 3693 1765 3753 ut
1777 3681 1904 3774 dignus

492 3808 538 3881 ad
549 3807 701 3899 regimen
713 3815 905 3880 censeatur.
917 3805 1150 3880 Admicteutes
1160 3807 1265 3900 igitur
1276 3806 1451 3879 landabile
1463 3805 1697 3878 testimouium
1707 3804 1905 3878 descientia

490 3941 549 4004 tua
567 3929 774 4025 perhibitum
794 3951 909 4002 coram
930 3930 1048 4021 nobis,
1068 3929 1163 4024 quod
1181 3931 1218 4002 in
1233 3929 1464 4004 decretalibus
1486 3929 1534 4000 ita
1554 3928 1740 4022 proieceris
1758 3937 1797 3998 nt
1820 3928 1904 4000 alios

490 4056 601 4151 possis
620 4053 801 4126 efficaciter
820 4053 987 4144 edocere,
1007 4051 1161 4126 fidelitati
1175 4063 1235 4126 tue
1251 4051 1473 4149 precipiendo
1491 4049 1713 4139 mandamus,
1734 4061 1905 4145 maenus

490 4179 527 4250 iu
545 4176 746 4273 protexione
761 4177 836 4272 ipsa
853 4177 995 4250 scientie
1011 4175 1234 4249 decretalium
1249 4175 1295 4249 de
1313 4183 1426 4248 cetero
1447 4193 1567 4268 regere
1586 4173 1742 4264 studeas,
1764 4183 1799 4246 et
1820 4173 1904 4246 dili-

488 4313 609 4397 genter
624 4321 665 4372 ac
685 4299 832 4373 fideliter
854 4300 980 4373 doceas
997 4299 1173 4372 auditores
1198 4297 1246 4372 ad
1270 4299 1436 4372 bonorem
1452 4309 1487 4372 et
1511 4295 1709 4370 fidelitatem
1731 4304 1902 4385 nostram;

489 4427 581 4497 illam
602 4435 661 4495 tue
679 4423 833 4496 doctrine
848 4445 890 4496 ac
906 4423 1012 4496 studii
1028 4423 1215 4497 efficaciam
1234 4432 1451 4512 ostensurus,
1471 4431 1511 4494 ut
1528 4420 1644 4494 laudis
1657 4417 1816 4492 meritum
1832 4413 1904 4513 [ad]

491 4557 525 4618 te
543 4545 720 4640 proveniat
732 4546 778 4617 ab
789 4545 926 4618 ellectu.

541 4673 663 4742 Datum
678 4665 730 4766 [ut
744 4665 877 4765 aupaci
