4228 5892
207 577 307 636 lunser.
326 569 386 654 12}
599 657 603 664 .
659 567 855 630 HISTORIA
882 563 1174 628 ulrtouarlca
1561 565 1622 628 343

205 731 373 817 regnum
400 705 483 788 sine
505 702 639 787 effectu
663 703 838 786 redeunt.
866 701 967 786 Ilrcc.
998 728 1044 782 nn
1071 700 1112 786 S.
1138 699 1326 805 Genuam,
1352 699 1522 782 Clrouic.
1555 727 1617 811 ap.

204 840 414 946 Memnon,
431 835 639 947 Scipion,
660 843 690 918 t.
711 835 792 940 VII,
811 861 853 945 p.
877 836 994 916 1041.

1242 1183 1404 1198 *fin—-

215 1567 217 1572 ,
258 1486 315 1570 uo
332 1496 503 1598 tempore
526 1487 740 1598 subscripta
768 1485 933 1595 capitula
960 1485 1062 1570 edita
1089 1495 1180 1568 sunt
1207 1485 1247 1567 in
1275 1511 1395 1594 regno
1427 1512 1526 1596 quae
1549 1513 1620 1596 pro

203 1630 313 1730 parte
333 1621 520 1730 imperiali
538 1620 732 1705 observari
747 1619 944 1728 jubentur.
966 1619 1009 1702 ln
1027 1618 1161 1726 prImis
1188 1627 1232 1701 ut
1258 1619 1393 1701 fratres
1418 1621 1621 1728 praedica-

204 1753 308 1829 tores
325 1759 363 1830 et
379 1748 546 1831 minores
563 1747 631 1858 qui
650 1755 740 1830 sunt
757 1746 910 1829 oriondi
928 1746 976 1828 de
994 1746 1104 1826 terris
1117 1744 1330 1829 infidelium
1347 1747 1616 1856 lombardiae,

207 1879 447 1988 expellantur
471 1882 519 1964 de
541 1906 681 1990 regnu,
709 1889 747 1962 et
769 1879 819 1961 ab
842 1879 926 1960 aliis
948 1877 1134 1960 habeatur
1155 1877 1302 1960 cautela
1329 1879 1434 1989 quod
1456 1905 1534 1962 non
1556 1881 1622 1964 of-

207 2011 369 2096 fendant
385 2013 666 2123 imperatorem.
688 2013 794 2095 Idem
811 2010 879 2093 liat
903 2011 952 2094 de
981 2011 1066 2093 aliis
1095 2011 1267 2119 personis
1295 2011 1496 2122 religiosis.
1526 2013 1621 2096 Item

208 2156 252 2228 ut
268 2145 432 2230 barones
450 2156 488 2231 et
505 2145 646 2228 milites
662 2146 729 2254 qui
752 2144 929 2228 foverunt
946 2143 1153 2253 aliquando
1176 2155 1323 2253 partem
1344 2170 1466 2254 papae
1490 2156 1623 2230 contra

210 2278 412 2364 Caesarem
424 2289 462 2362 et
479 2280 680 2389 praecipue
692 2277 759 2386 qui
777 2277 926 2360 suntin
943 2276 1108 2360 confinio
1122 2277 1256 2386 regni,
1275 2277 1519 2386 inducantur,
1540 2305 1620 2386 po-

206 2421 352 2514 antec
364 2413 470 2521 quod
487 2411 630 2495 radant
647 2411 696 2494 ad
715 2409 910 2494 servitium
927 2409 1055 2492 curiae
1072 2408 1112 2490 in
1126 2407 1396 2492 lombardiam
1410 2435 1499 2492 cum
1512 2411 1621 2520 equis

206 2553 244 2626 et
266 2544 405 2651 armiS,
425 2542 650 2652 impotentes
680 2541 867 2648 similiter,
889 2566 913 2622 a
933 2540 1040 2624 curia
1057 2539 1244 2649 imperiali
1271 2540 1457 2649 stipendia
1481 2567 1620 2652 recep-

206 2675 298 2757 turi.
319 2674 414 2780 Item
426 2669 456 2758 'a
473 2673 755 2759 cathedralibus
771 2669 944 2756 ¹ecclesiis
970 2699 1038 2782 per
1064 2697 1106 2756 se
1135 2672 1310 2782 exigatur
1336 2681 1372 2755 et
1404 2673 1621 2782 Imponatur

205 2831 276 2915 pro
305 2803 622 2916 imperialicuria
650 2803 903 2913 adjutorium,
933 2804 1145 2888 secundum
1172 2805 1331 2888 modum
1354 2811 1393 2888 et
1412 2807 1622 2914 potentiam

205 2938 426 3024 divitiarum
445 2964 617 3036 suarum.
638 2937 895 3024 Nihilominus
913 2961 936 3018 a
953 2936 1145 3048 canonicis
1162 2961 1294 3020 earum
1311 2937 1528 3021 dioecesum
1549 2939 1622 3024 sihi

207 3069 407 3181 subjectis,
427 3070 655 3181 presbyteris
677 3079 715 3152 et
731 3069 877 3152 clericis
895 3069 1106 3152 secundum
1129 3056 1327 3152 facultates
1351 3095 1504 3178 corum3
1524 3071 1621 3156 illud

206 3203 309 3288 idem
327 3205 501 3314 exigatur
528 3204 578 3288 ab
605 3201 831 3311 abbatibus,
856 3201 1055 3285 monachis
1075 3200 1196 3312 nigris
1214 3211 1251 3288 et
1269 3201 1381 3286 albis.
1402 3202 1497 3286 Item
1515 3207 1621 3315 quod

206 3336 262 3419 hii
287 3338 356 3446 qui
384 3337 537 3421 suntin
565 3361 726 3420 romana
751 3334 877 3440 curia,
900 3344 1048 3442 praeter
1074 3335 1247 3418 exclusos
1266 3333 1326 3444 (1)
1348 3345 1386 3418 et
1408 3347 1617 3446 suspectos,

205 3479 443 3556 revertantur
463 3471 504 3552 in
531 3494 714 3582 regnum5
744 3466 805 3550 sin
836 3475 984 3576 autem,
1014 3467 1117 3550 bona
1139 3492 1273 3551 eorum
1297 3467 1519 3554 infiscentur
1549 3498 1620 3556 nec

205 3601 474 3711 permittantur
507 3611 594 3710 post
618 3600 836 3684 citationem
864 3600 1014 3684 reverti.
1044 3599 1295 3709 Excipiuntur
1320 3602 1387 3711 qui
1415 3612 1506 3686 sunt
1530 3631 1620 3688 cum

206 3733 391 3817 cardinali
418 3734 566 3817 Thema
587 3742 625 3817 et
648 3759 738 3816 cum
766 3731 936 3816 Iohanne
959 3733 1008 3815 de
1031 3732 1160 3840 Capua
1186 3737 1335 3817 notario
1359 3761 1493 3843 papae.
1524 3736 1620 3820 Item

206 3866 363 3950 illorum
380 3865 604 3950 clericorum
622 3866 690 3976 qui
708 3867 756 3948 de
776 3891 896 3976 regno
918 3891 995 3948 non
1018 3875 1126 3973 sunt,
1148 3865 1249 3948 bona
1267 3876 1304 3950 et
1322 3865 1504 3952 beneficia
1521 3896 1621 3980 quae

206 3997 352 4082 habent
371 3998 412 4080 in
430 4023 550 4108 regno
567 3998 780 4082 infiscanda
809 4007 912 4080 sunt.
940 3997 1034 4081 Item
1056 3998 1161 4105 quod
1187 3997 1285 4080 nulli
1313 4001 1553 4108 permittatur
1570 4004 1622 4086 ad

205 4130 420 4214 Romanam
438 4129 647 4214 Ecclesiam
666 4131 841 4214 accedere
858 4131 940 4214 sine
964 4130 1116 4240 speciali
1137 4131 1320 4215 mandato
1338 4134 1511 4244 magIstri
1530 4134 1621 4245 jus-

205 4262 356 4371 titiarii,
380 4263 507 4374 etqui
534 4263 760 4347 accesserint
785 4288 864 4346 non
893 4263 1159 4373 permittantur
1185 4265 1309 4348 redire
1331 4265 1412 4348 sine
1438 4269 1620 4354 mandato

246 4583 283 4656 (l)
302 4583 394 4641 Mense
411 4581 659 4654 madiileanansis,
673 4581 830 4653 Cannensis,
843 4581 1025 4656 venafranus,
1040 4583 1202 4657 aquinensis
1222 4584 1341 4659 episcopi
1359 4585 1394 4643 de
1415 4602 1497 4660 regno
1509 4595 1618 4662 exeunt,

209 4676 372 4751 Imperatore
385 4679 539 4736 mandante.
550 4677 626 4738 Rrec.
639 4695 677 4737 on
690 4679 719 4738 S.
732 4678 882 4750 omnmo,
893 4677 1004 4738 ibidem.
