4242 5904
497 597 555 660 178
996 607 1212 670 sarnetum
1236 605 1410 667 securint
1716 605 1796 685 [tiam
1815 605 1903 670 1238.
2118 603 2119 670 r

435 781 441 792 ·
493 741 652 822 tuernnt3
670 735 850 831 capitaneo
862 747 978 812 autem
991 743 1049 814 vei
1064 740 1193 815 nuncio
1207 751 1322 816 nostro
1340 740 1401 836 qni
1419 739 1551 814 ibidem
1569 748 1717 813 statutus
1730 742 1833 814 inerit
1847 761 1905 814 vo-

492 857 609 932 lumus
633 881 696 953 per
715 862 847 936 curiam
868 875 1020 938 nostram
1039 867 1074 937 in
1095 867 1219 939 salario
1232 864 1420 961 provideri.
1436 863 1625 942 Statuimns
1640 862 1757 956 itaque
1774 873 1809 936 et
1827 872 1904 959 pre·

491 983 597 1054 sentis
627 984 744 1079 scripti
771 988 972 1061 auctoritate
998 991 1203 1063 mandamus
1229 989 1369 1062 firmiter
1395 987 1588 1060 inhibentes
1610 996 1782 1081 quatenus
1809 988 1903 1062 nulla

490 1128 638 1202 persona
654 1107 782 1203 sitque
801 1111 972 1204 predictos
991 1113 1150 1187 homines
1167 1115 1263 1186 Kerii
1281 1112 1401 1184 fideles
1418 1120 1552 1184 nostros
1566 1120 1685 1183 contra
1703 1110 1807 1204 hujus
1825 1133 1902 1206 pro·

487 1229 664 1320 rectionis,
689 1235 920 1308 concessionis
941 1245 976 1308 et
996 1235 1261 1310 confirmationis
1285 1244 1401 1308 nostre
1423 1243 1576 1307 tenorem
1599 1235 1634 1305 in
1658 1233 1821 1330 predictis
1840 1243 1901 1306 aut

490 1354 607 1447 aliquo
631 1355 865 1449 predictorum
889 1357 1079 1452 inquietare
1107 1381 1169 1432 seu
1192 1359 1371 1432 molestare
1397 1366 1584 1454 presumat.
1612 1349 1715 1443 Quod
1742 1358 1804 1452 qui
1826 1379 1901 1452 pre-

489 1479 676 1573 sumpserit
697 1480 971 1574 indignationem
1001 1483 1162 1555 culminis
1190 1483 1295 1556 nostri
1314 1492 1349 1554 et
1371 1503 1495 1578 penam
1519 1482 1545 1553 L
1572 1481 1736 1554 librarum
1759 1480 1835 1552 auri
1861 1502 1900 1554 se

489 1603 625 1678 noverit
644 1603 882 1696 incursurum,
906 1606 1091 1678 medietate
1113 1628 1249 1679 camere
1275 1616 1389 1680 nostre
1409 1606 1595 1698 etreliqua
1616 1603 1799 1678 medietate
1815 1603 1899 1699 ipsis

488 1727 612 1798 nostris
628 1725 789 1800 fidelibus
805 1729 1039 1802 exsolvendis.
1055 1730 1110 1803 Ad
1123 1729 1229 1822 hujus
1239 1737 1353 1803 autem
1367 1729 1600 1824 protectionis,
1616 1728 1846 1802 concessionis
1863 1737 1899 1801 et

488 1849 755 1924 confirmationis
778 1861 894 1925 nostre
919 1853 1117 1926 memoriam
1142 1863 1177 1927 et
1203 1854 1311 1926 robur
1336 1862 1500 1949 perpetuo
1521 1853 1729 1943 valiturum,
1752 1873 1895 1948 presens

487 1975 651 2068 scriptum
669 1973 743 2048 fieri
761 1986 796 2048 ct
811 1977 924 2068 sigilio
941 1978 1128 2070 majestatie
1145 1987 1261 2051 nostre
1276 1977 1444 2070 jussimus
1461 1977 1676 2049 communiri.

535 2101 659 2172 Datum
689 2100 785 2195 apud
813 2101 991 2193 Cuneum,
1023 2125 1116 2176 anno
1147 2103 1320 2177 dominice
1348 2101 1592 2176 incarnationis
1619 2100 1891 2188 mdcxxxviii,

486 2244 605 2296 mense
621 2225 757 2316 marcii,
776 2225 823 2296 XI
838 2225 1039 2299 indictione.

1352 2527 1677 2542 ...w-

536 2803 772 2912 Friderious,
799 2803 1059 2888 Romanorum
1090 2804 1315 2914 imperator,
1343 2804 1539 2890 universos
1566 2803 1742 2888 homines
1771 2801 1886 2888 Savi-

400 2921 407 2936 ’
481 2935 600 3047 gliani
618 2936 685 3048 qui
703 2937 775 3021 sibi
793 2937 920 3023 locum
938 2939 1081 3046 ipsum,
1101 2939 1265 3020 nrixtum
1282 2947 1320 3022 et
1336 2963 1486 3022 merum
1499 2937 1702 3048 imperium
1720 2946 1758 3020 et
1768 2935 1885 3046 juris·

445 3075 448 3082 ‘
480 3069 704 3180 dictionem,
724 3071 886 3182 pedagia
907 3081 946 3154 et
963 3071 1151 3180 quidquid
1167 3071 1385 3154 habuerunt
1409 3072 1594 3154 hactenus
1621 3069 1883 3180 resignarunt,

480 3202 520 3284 in
540 3229 650 3285 suam
667 3213 706 3285 et
731 3203 881 3312 imperii
908 3203 1179 3312 protectionem
1206 3203 1357 3312 recipit,
1377 3203 1533 3286 illorum
1561 3201 1778 3312 privilegia,
1797 3199 1887 3310 jura

479 3343 518 3417 et
535 3333 657 3418 bonos
674 3361 768 3418 usus
785 3334 1030 3418 confirmans.

560 3547 663 3626 (Edid.
678 3548 846 3637 Novacum,
860 3545 961 3608 Storiu
973 3544 1005 3607 dt
1017 3544 1198 3629 dactylium,
1219 3565 1249 3624 p.
1268 3555 1338 3609 ast.
1352 3547 1544 3626 Privileginm
1557 3545 1618 3607 iere
1636 3546 1716 3606 idem
1738 3546 1776 3606 de
1794 3542 1886 3606 verbo

598 3655 638 3716 ad
650 3655 776 3716 verbum
789 3661 876 3716 sonat
887 3671 923 3715 ac
935 3655 1121 3734 praecedens,
1135 3657 1255 3716 nomine
1266 3656 1396 3716 civitatis
1408 3653 1546 3732 mutato.)

528 3843 652 3913 Datum
683 3838 777 3937 apud
807 3841 981 3932 Cuneum,
1010 3863 1102 3914 anno
1130 3839 1302 3914 dominice
1332 3838 1576 3912 incarnationis
1602 3837 1883 3927 MCCXXXVHI,

479 3986 595 4039 mense
615 3964 757 4057 marcii,
778 3964 825 4036 xl
841 3963 1041 4037 indictione.

267 4573 446 4676 unppppn.
527 4549 758 4659 inidoneus,
797 4551 1057 4634 Romanorum
1094 4547 1317 4656 imperator,
1353 4546 1513 4630 Beatrici
1548 4499 1649 4630 filiae
1683 4546 1880 4656 quondam

473 4683 663 4769 Guillelmi
694 4683 924 4766 marchionis
956 4679 1225 4766 Montisierrati
1259 4691 1298 4764 et
1329 4680 1494 4791 Guigoni
1529 4679 1720 4789 Delphino
1751 4675 1880 4762 comiti
