4350 5922
285 609 381 670 horor.
401 601 481 686 10.]'
727 601 925 664 lllSTOlllll
951 599 1244 664 praeemantur.
1673 603 1695 664 9
1786 641 1792 654 .

286 751 387 840 prout
400 763 453 824 ex,
465 737 687 820 oouoeasioue
697 736 873 830 quondam
890 737 1020 810 ducum
1033 736 1170 808 Austris
1186 737 1247 829 qui
1264 736 1433 829 prolatum
1451 737 1695 809 monasterinm

287 865 537 947 fundaverunt,
560 861 748 932 libertatem
760 861 859 930 istam
880 860 969 932 soliti
985 867 1066 930 sunt
1083 858 1222 930 habere.
1242 859 1430 930 Statuimus
1444 859 1548 952 igitur
1567 869 1601 934 et
1624 862 1696 932 im-

287 988 406 1084 periali
422 984 595 1059 sancimus
607 983 721 1056 edicto
737 992 775 1053 ut
786 983 882 1054 nulla
892 1003 1041 1078 persona
1057 981 1288 1054 ecclesiastica
1299 981 1354 1052 vel
1371 982 1546 1074 secularis,
1559 985 1626 1056 alta
1639 985 1696 1058 vel

286 1111 439 1200 humilis,
458 1108 653 1204 predictum
670 1107 843 1191 abbatem,
863 1115 1071 1181 conventum
1090 1114 1125 1178 et
1141 1126 1355 1178 successores
1371 1125 1508 1196 eorum,
1526 1118 1698 1180 monaste·

286 1236 378 1307 rium
394 1241 430 1306 et
443 1233 536 1305 bona
553 1252 619 1303 sua
633 1240 751 1302 contra
768 1229 936 1323 presentis
952 1228 1123 1324 privilegii
1142 1227 1248 1300 nostri
1266 1228 1388 1299 seriem
1406 1249 1511 1323 super
1523 1230 1698 1323 aliquibus

287 1381 376 1431 ausu
398 1355 578 1428 temerario
597 1354 776 1425 molestare
790 1361 977 1446 prasumat.
1002 1350 1105 1437 Quod
1123 1352 1183 1444 qui
1207 1351 1451 1445 presumpserit
1468 1361 1582 1447 preter
1605 1354 1698 1428 indi-

289 1480 484 1574 gnationem
501 1477 607 1550 nostri
624 1476 784 1548 culminis
801 1497 908 1569 quam
925 1475 1094 1564 incurret,
1114 1483 1254 1546 contum
1278 1475 1382 1546 libras
1407 1475 1482 1546 auri
1506 1476 1585 1570 puri
1600 1497 1700 1549 com-

288 1613 410 1698 ponat,
429 1600 616 1674 medietate
631 1599 714 1672 llsco
731 1607 864 1688 nostro,
885 1600 1017 1692 reliqua
1044 1598 1136 1670 dicto
1160 1599 1365 1671 monasterio
1383 1599 1622 1694 persolvenda.
1643 1599 1700 1675 Ad

288 1727 393 1820 hujus
415 1726 533 1819 itaque
555 1732 669 1796 nostre
692 1723 912 1818 protectionis
935 1731 970 1794 et
997 1721 1227 1794 concessionis
1249 1723 1448 1795 memorium
1478 1731 1514 1794 et
1536 1723 1643 1796 robur
1663 1725 1699 1794 in

289 1859 462 1944 posterum
488 1858 654 1944 perpetuo
680 1844 887 1937 valiturum,
918 1867 1060 1941 presens
1080 1845 1299 1940 privilegium
1327 1845 1399 1918 lieri
1417 1855 1451 1920 st
1477 1847 1572 1918 bulla
1596 1869 1701 1920 aurea

289 1973 424 2068 typario
441 1983 557 2044 nostre
574 1970 761 2063 majestatis
775 1970 943 2064 impressa
954 1969 1123 2060 jussimus
1140 1968 1310 2062 insigniri.

339 2097 449 2188 liujus
462 2096 512 2166 rei
531 2103 635 2167 testes
652 2103 754 2165 sunt:
774 2091 967 2187 patriarcha
979 2091 1223 2187 Aquilegensis
1238 2101 1273 2164 et
1287 2093 1526 2185 Mogontinus,
1543 2093 1703 2166 Salzburss

289 2218 406 2312 gensis
437 2227 472 2290 et
503 2217 715 2289 Trevirensis
744 2216 1012 2311 archiepiscopi,
1047 2216 1083 2286 S.
1120 2215 1377 2310 llatisponensis
1406 2215 1594 2310 imperialis
1625 2218 1704 2289 aule

290 2339 513 2414 cancellarius
536 2350 570 2413 et
598 2341 638 2412 G.
659 2339 985 2437 (olliumbergensis
1009 2339 1181 2434 episcopi,
1200 2338 1242 2410 0.
1269 2339 1345 2411 dux
1369 2341 1544 2428 Bawarie,
1562 2342 1601 2412 B.
1628 2339 1704 2413 dux

290 2464 481 2554 Kerinthie‚
497 2465 541 2535 Η.
558 2464 757 2557 langravius
773 2463 955 2558 Turiugie,
979 2463 1083 2534 irater
1098 2464 1313 2534 llermanuus
1325 2463 1532 2535 venerabilis
1543 2463 1706 2555 magister

291 2586 415 2661 domus
429 2589 553 2659 Sancte
569 2587 675 2660 lllarie
688 2587 977 2658 Theutonicornm
991 2587 1026 2656 in
1042 2587 1244 2672 Jerusalem,
1260 2585 1297 2656 G.
1315 2606 1430 2658 comes
1447 2585 1493 2658 de
1507 2585 1702 2680 Heruleglre,

291 2713 332 2782 L.
352 2733 466 2783 eomes
483 2710 529 2783 de
547 2709 675 2806 Playn‚
692 2709 867 2784 Gotlridus
881 2710 926 2782 do
941 2709 1161 2798 Hoheoloch,
1180 2709 1390 2802 burgravius
1415 2709 1461 2781 de
1476 2711 1702 2806 Nurember‘g.

342 2836 486 2928 Signum
509 2833 639 2906 domini
655 2835 827 2907 Frederici
845 2837 873 2905 ll
889 2835 950 2906 Dei
969 2834 1080 2924 gratia
1106 2832 1323 2904 invictissimi
1341 2833 1572 2906 Romanorum
1596 2835 1707 2931 impe·

291 2958 413 3029 ratoris
425 2979 560 3052 semper
571 2957 730 3048 augusti,
750 2958 935 3029 Jerusalem
950 2966 986 3029 et
1000 2956 1113 3029 Sicilie
1129 2957 1220 3048 regis
1239 2954 1524 3052 (Monoprommo).

341 3079 425 3152 Acta
444 3089 524 3151 sont
541 3079 708 3153 hecanno
724 3079 898 3152 dominice
919 3079 1164 3152 incarnationis
1190 3079 1370 3152 millesimo
1388 3063 1626 3153 ducentesimo
1642 3082 1707 3154 tri-

193 3201 196 3209 '
292 3204 420 3275 cesimo
452 3211 570 3292 sexto,
601 3222 721 3272 manse
749 3199 919 3291 januarii,
951 3199 1086 3272 decima
1112 3201 1317 3289 indictione,
1348 3203 1539 3298 imperante
1566 3205 1707 3278 domino

292 3334 408 3398 nostro
424 3325 596 3397 Friderico
615 3322 791 3412 secundo,
807 3323 868 3394 Dei
887 3323 997 3415 gratia
1014 3323 1241 3397 invictissimo
1258 3325 1486 3398 Romanorum
1502 3327 1708 3422 imperatore

293 3469 427 3542 semper
450 3457 620 3542 augusto,
649 3447 836 3519 Jerusalem
865 3455 899 3517 et
917 3446 1033 3518 Sicilie
1055 3468 1155 3540 rege,
1187 3447 1324 3542 imperii
1349 3449 1426 3540 ejus
1444 3471 1535 3522 anno
1561 3453 1707 3546 septimo

294 3571 445 3662 decimo,
466 3571 565 3664 regui
583 3571 771 3644 Jerusalem
791 3568 995 3656 undecimo,
1014 3569 1112 3663 regni
1136 3592 1218 3644 vcro
1239 3571 1354 3644 Sicilie
1373 3573 1546 3646 tricesimo
1561 3585 1703 3668 octavo,

293 3695 447 3766 feliciter.
468 3693 592 3767 Amen.

342 3821 466 3890 Datum
480 3819 648 3912 Wienne,
666 3839 776 3908 onno,
791 3838 911 3890 mense
928 3826 963 3890 et
981 3816 1169 3890 indictione
1187 3817 1394 3914 prescriptis.

525 4115 544 4125 u
550 4113 834 4128 ——bn——nnn—-Qn—-n
838 4115 1439 4128 mam—*an*-
1447 4117 1467 4128 a

348 4353 377 4436 F
378 4355 581 4464 ridericus,
604 4357 866 4442 Romanorum
892 4359 1111 4470 imperator,
1140 4361 1325 4445 universis
1352 4363 1501 4474 imperii
1531 4365 1707 4450 fidelibus
1746 4408 1896 4463 rptrwm.

295 4489 454 4570 mandat
474 4516 524 4572 ne
545 4501 676 4574 eontra
698 4491 939 4602 privilegium
957 4495 1061 4603 quod
1079 4496 1309 4578 monasterio
1333 4495 1492 4580 Sanctae
1511 4499 1642 4582 Crucis
1659 4501 1707 4584 de
1769 4466 1874 4563 ῗῗίῖἶ

338 4691 380 4774 (a)
399 4695 462 4771 διες
477 4697 716 4777 legendumvero
727 4701 768 4765 Ε.
1264 4727 1265 4730 “

377 4801 414 4863 V·
1526 4824 1543 4876 a
