4242 5904
213 1192 215 1196 ·
260 1168 381 1224 Vercellis,

244 1222 270 1266 ll
282 1223 395 1267 lebruull.
479 1265 482 1270 .

936 575 1149 641 uulnultlcl
1175 579 1347 643 sncuunl
1659 583 1739 668 [An.
1758 587 1842 652 1238.

649 873 1633 889 mmmm-*a-

488 1145 517 1228 F
517 1146 720 1254 ridericus,
743 1147 1005 1230 Romanorum
1029 1147 1255 1256 imperator,
1275 1148 1463 1234 Richardo
1488 1149 1617 1234 comiti
1636 1150 1847 1235 Cornubiae

435 1280 579 1363 sororio
599 1305 670 1364 suo
688 1280 839 1362 nuntiat
857 1291 1008 1389 tempus
1026 1280 1343 1364 transfretationis
1361 1281 1411 1363 ad
1431 1283 1715 1390 persuasionem
1738 1310 1847 1366 suam

434 1438 556 1522 usque
574 1413 624 1495 ad
642 1412 782 1496 festum
801 1413 921 1496 sancti
938 1412 1119 1496 iohannis
1138 1413 1229 1494 anni
1243 1414 1436 1523 sequentis
1450 1414 1567 1498 fuisse
1582 1427 1844 1525 prorogatum,

432 1554 618 1655 rogatque
643 1558 687 1628 ut
704 1573 793 1629 cum
810 1546 881 1628 iter
898 1546 1198 1628 transmarinum
1222 1544 1338 1629 fuerit
1355 1572 1575 1657 aggressus,
1594 1575 1663 1658 per
1685 1575 1846 1660 regnum

433 1703 547 1762 suum
565 1687 780 1788 opportuno
798 1687 967 1786 tempore
985 1678 1147 1762 transire
1164 1705 1242 1762 non
1261 1679 1425 1762 omittat.

510 1889 615 1974 (Edld.
631 1891 981 1971 Maur.Pnn1s,Histor.
1000 1891 1071 1972 maj.
1087 1889 1224 1972 Aegion,
1239 1893 1278 1954 ad
1291 1911 1362 1955 ann.
1381 1901 1469 1968 1288,
1482 1911 1513 1972 p.
1531 1897 1614 1972 814.)

374 2067 376 2070 ’
477 2070 699 2168 Fre‘dericus,
722 2078 784 2152 llci
802 2078 913 2172 gratia
930 2079 1160 2152 Romanorum
1182 2079 1367 2174 imperator
1388 2101 1524 2176 semper
1551 2089 1739 2176 augustus,
1765 2073 1844 2158 Hic·

427 2203 578 2276 rusalem
604 2211 639 2275 et
663 2201 777 2275 Sicilie
802 2223 887 2291 rex,
920 2203 1036 2275 comiti
1067 2202 1239 2276 cornubie
1267 2203 1392 2276 dilecto
1423 2204 1555 2278 sororio
1582 2226 1668 2298 suo,
1698 2207 1843 2280 salutem

428 2335 463 2399 et
481 2323 649 2398 sinceram
668 2323 899 2399 dilectionem.
920 2325 1095 2398 Generalis
1118 2335 1206 2399 terre
1229 2327 1452 2400 commoditas
1525 2338 1604 2402 ncta
1625 2351 1695 2424 que
1718 2351 1741 2403 a
1762 2352 1844 2403 cru-

427 2449 681 2545 cesignatorum
708 2449 915 2524 executione
941 2449 1141 2546 dependet,
1161 2471 1225 2523 nos
1247 2452 1444 2545 frequentor
1469 2450 1601 2525 inducit
1626 2443 1666 2524 nt
1689 2453 1735 2526 de
1758 2475 1842 2549 pro—

426 2574 603 2668 rogatione
629 2575 779 2668 passagii
809 2574 1123 2668 crucesignatorum
1153 2575 1189 2646 in
1218 2595 1325 2668 regno
1352 2576 1495 2648 Francia
1520 2588 1556 2648 ct
1583 2577 1660 2650 aliis
1688 2577 1842 2674 partibus

426 2697 520 2770 orbis
543 2707 634 2770 terre
656 2718 767 2792 nsque
790 2696 836 2770 ad
857 2697 1054 2793 prefinitum
1083 2707 1284 2792 treugarum
1310 2711 1467 2794 tempus,
1498 2698 1705 2772 videliceta
1732 2699 1841 2795 primo

426 2833 575 2896 venturo
600 2841 719 2895 mense
743 2822 883 2914 augusti
910 2843 1020 2916 usquc
1047 2821 1091 2894 ad
1113 2831 1313 2918 sequentem
1331 2843 1464 2895 annum
1491 2824 1718 2918 completum,
1746 2823 1843 2920 apud

425 2947 518 3044 ipsos
534 2945 674 3018 monitis
687 2953 722 3018 et
738 2946 899 3040 precibus
917 2945 1138 3035 instaremus,
1160 2945 1328 3041 expedire
1345 2944 1505 3020 videntes
1528 2947 1621 3018 illius
1642 2956 1732 3020 terre
1753 2947 1842 3020 snb·

425 3069 515 3144 sidio
539 3093 675 3144 necnon
693 3071 861 3168 profectui
883 3072 1134 3145 transeuntium
1157 3080 1192 3145 et
1213 3070 1335 3144 honori
1363 3071 1391 3144 si
1421 3073 1618 3169 aproximo
1643 3073 1728 3176 festo
1750 3072 1841 3146 beati

424 3193 590 3269 lobannis
615 3197 766 3291 Baptista
788 3219 900 3290 usque
929 3196 975 3270 ad
1003 3196 1097 3268 diem
1122 3195 1298 3289 sequentis
1323 3195 1405 3267 anni
1431 3197 1556 3272 festum
1581 3197 1746 3270 transitus
1771 3206 1839 3269 tum

425 3327 565 3393 strenua
596 3318 828 3393 multitudinis
854 3318 1011 3393 ordinate
1040 3317 1101 3391 fiat
1135 3329 1289 3416 tempore
1316 3328 1524 3415 opportuno.
1558 3321 1630 3393 Nec
1657 3319 1841 3392 debuimus

424 3443 563 3516 silentio
578 3444 742 3538 preterire
762 3443 938 3539 negotium
962 3455 998 3517 et
1018 3465 1107 3516 onus
1132 3441 1228 3538 quod
1245 3464 1308 3538 pre
1324 3444 1448 3518 cetens
1473 3442 1597 3518 mundi
1625 3443 1840 3538 principibus

424 3567 472 3640 ad
488 3567 647 3660 ejusdem
660 3577 749 3641 terre
763 3567 999 3641 liberationem
1017 3567 1170 3639 humeris
1182 3566 1307 3638 nostris
1320 3565 1502 3657 incumbit,
1520 3588 1583 3662 pro
1595 3587 1667 3660 qua
1685 3575 1840 3638 tenemur

423 3711 526 3785 opem
555 3700 589 3764 et
613 3713 697 3787 opes
721 3691 917 3784 effundere,
939 3691 1023 3784 quin
1052 3689 1219 3786 premissa
1247 3688 1494 3762 deliberatione
1520 3689 1654 3762 consilii
1680 3689 1765 3783 ipsis
1791 3689 1839 3764 ud

423 3814 549 3888 Christi
568 3816 747 3889 servitium
769 3825 923 3911 potenter
946 3813 1109 3888 accinctis
1132 3813 1237 3887 totius
1263 3834 1367 3886 cause
1388 3813 1663 3886 circumstantias
1685 3813 1839 3908 plenario

424 3937 676 4034 ponderemus,
696 3939 976 4033 contingentibus
993 3959 1061 4010 non
1078 3938 1224 4011 omissis.
1247 3938 1298 4009 llli
1315 3945 1430 4010 autem
1448 3937 1510 4032 qui
1527 3937 1633 4010 corda
1647 3945 1681 4010 at
1695 3955 1836 4032 corpora

424 4083 488 4156 sua
503 4063 615 4138 crucis
629 4063 806 4158 obsequiis
825 4063 1038 4166 deputarunt
1050 4071 1085 4135 et
1103 4061 1186 4134 utile
1203 4061 1351 4156 cupiunt
1370 4059 1537 4136 exhibere
1557 4060 1738 4135 servitium
1752 4083 1835 4132 cru·
1921 4155 1925 4162 .

899 4245 1832 4261 mmm-mand

653 4349 742 4408 llostis
755 4348 783 4406 in
795 4347 971 4423 opprobrium
982 4347 1123 4426 pandebit,
1137 4349 1164 4404 in
1174 4347 1249 4406 urbis
1262 4347 1400 4408 honoram.

689 4447 816 4518 blictitur,
830 4447 903 4506 bunc
914 4447 989 4505 urbis
1001 4449 1114 4506 mictere
1124 4447 1207 4521 jussit
1220 4462 1305 4505 amor.

424 4594 510 4668 liujus
522 4592 635 4652 carrocii
650 4591 752 4666 effigies
766 4607 901 4650 marmore
918 4591 1049 4666 insculpta
1062 4592 1140 4665 juxta
1158 4605 1283 4650 carceres
1292 4590 1456 4666 Capitolinos
1472 4589 1541 4648 iuter
1556 4587 1710 4647 fodiendum
1727 4587 1835 4645 inventa

423 4700 466 4750 est
475 4692 502 4749 in
514 4707 584 4750 anno
597 4693 676 4749 liii.
690 4689 760 4764 (vid.
776 4690 1042 4764 llumrou.,1intiq.
1055 4689 1121 4748 ltcl.
1134 4689 1205 4748 aad.
1219 4692 1290 4762 ceci,
1306 4695 1327 4746 t.
1340 4689 1375 4762 ll,
1389 4689 1497 4747 dissert.
1510 4686 1609 4759 XXVI,
1622 4703 1652 4760 p.
1667 4688 1713 4744 tat
1722 4685 1740 4754 .)
