4228 5892
481 559 543 624 tto
981 562 1197 628 FlllllElllGl
1221 566 1395 628 stctltttt
1708 567 1789 646 [Ass.
1808 568 1894 632 1239.

529 693 661 768 Eodem
681 691 766 792 [die]
783 694 949 790 scriptum
973 708 1025 772 est
1041 699 1229 792 justitiario
1245 701 1461 796 Principatus
1486 711 1527 773 ut
1548 702 1579 774 si
1604 701 1725 775 babes
1746 702 1893 796 predicti

480 818 700 892 ostenderent
716 839 754 890 se
769 819 922 892 uolentes
938 821 985 895 ad
1001 824 1269 918 assignationem
1289 826 1410 917 castri,
1427 825 1502 920 ipse
1524 826 1626 898 iaciat
1643 835 1794 898 castrum
1811 826 1895 898 assi·

480 942 580 1035 gnari
602 943 757 1038 predicto
778 942 950 1018 Rodoerio
976 955 1011 1018 ει
1035 947 1194 1042 injungat
1219 947 1480 1044 archiepiscopo
1499 949 1711 1022 Salernitana
1730 957 1769 1022 ut
1792 948 1894 1021 facim

479 1067 516 1137 iu
544 1066 700 1162 predicto
729 1076 840 1141 castro
867 1070 1058 1143 necessaria
1082 1071 1266 1143 ministrari
1291 1091 1354 1166 pro
1378 1072 1562 1144 castellano
1587 1081 1622 1144 et
1648 1093 1710 1167 pro
1734 1072 1811 1144 aliis
1835 1073 1893 1144 xt

479 1189 649 1286 personis.

527 1314 657 1387 Eodem
666 1309 752 1412 [die]
761 1314 927 1411 scriptum
941 1327 994 1392 est
1005 1320 1195 1414 preceptori
1208 1318 1333 1392 domus
1349 1321 1473 1392 Sancte
1486 1318 1591 1392 llarie
1604 1317 1893 1391 Theutonioorum

479 1437 514 1510 iu
533 1437 660 1534 Apulia
673 1439 769 1533 quod
786 1449 936 1512 castrum
957 1441 1150 1535 pradictum
1165 1443 1267 1514 faciat
1282 1441 1453 1536 assignari
1470 1441 1639 1516 llodoerio
1656 1451 1854 1514 memorato.

528 1563 657 1636 Eodem
677 1563 735 1635 die
747 1564 912 1658 scriptum
926 1574 978 1636 est
995 1566 1179 1638 castellano
1195 1566 1332 1639 Nicosie
1350 1566 1397 1638 de
1409 1565 1620 1658 assignando
1633 1575 1746 1638 castro
1760 1565 1893 1637 Nioosic

480 1687 708 1760 custodiendo
722 1687 915 1759 secuudum
933 1688 1159 1784 prescriptam
1179 1691 1323 1762 formam
1337 1689 1451 1784 Ugoni
1464 1686 1510 1762 de
1527 1689 1705 1762 Conturso.

527 1809 661 1883 Eodem
686 1810 744 1882 die
769 1811 935 1905 scriptum
960 1821 1013 1883 est
1039 1813 1224 1886 castellano
1252 1811 1448 1907 Amigdulie
1476 1811 1521 1884 de
1547 1810 1757 1906 assignando
1781 1819 1890 1884 castm

479 1932 673 2026 Amigdalie
686 1932 915 2006 custodiendo
927 1933 1076 2006 tohanni
1090 1934 1136 2008 de
1154 1936 1343 2032 Logotbeta
1355 1938 1412 2010 vel
1429 1936 1558 2008 nuncio
1573 1957 1650 2008 suo.

529 2055 658 2130 Eodem
682 2055 741 2127 die
764 2056 928 2152 scriptum
949 2067 1001 2129 est
1026 2059 1211 2132 castellano
1235 2059 1334 2154 Regii
1360 2058 1405 2132 de
1432 2057 1642 2152 assignando
1665 2066 1775 2130 castro
1796 2057 1891 2152 Regii

480 2177 709 2252 custodiendo
723 2177 873 2252 Gollrido
884 2179 1017 2252 Fimeth
1027 2183 1263 2256 comestabulo
1273 2183 1408 2254 Lentini
1424 2181 1453 2276 (l
1463 2181 1488 2276 ).

529 2303 614 2374 ltem
633 2301 799 2396 scriptum
820 2312 872 2375 cst
890 2303 1004 2377 eidem
1020 2314 1060 2376 ut
1078 2315 1229 2378 castrum
1246 2305 1362 2401 ipsum
1376 2303 1521 2400 recipiat
1537 2313 1571 2376 et
1592 2303 1694 2374 iaciat
1707 2301 1796 2376 illud
1813 2301 1891 2374 dili·

480 2434 598 2520 genter
613 2423 791 2498 custodiri.

528 2551 614 2622 ltem
632 2549 798 2644 scriptum
818 2557 871 2622 est
893 2549 1025 2623 Marino
1043 2550 1227 2623 castellano
1249 2551 1401 2623 Calanue
1418 2559 1454 2622 ει
1469 2547 1604 2621 custodi
1625 2547 1806 2622 domorum
1828 2545 1892 2620 Cu·

481 2671 584 2746 thone
599 2673 644 2747 de
656 2672 876 2767 assignandis
890 2672 1049 2746 domibus
1060 2672 1223 2766 (lathone,
1234 2674 1349 2762 vinea,
1359 2671 1500 2766 jardiuo
1512 2682 1547 2746 et
1559 2671 1744 2746 venatione
1751 2670 1890 2744 Nicolao

480 2797 645 2893 Sytvestri
662 2796 708 2870 de
725 2796 818 2870 blesa
838 2797 1073 2872 custodiendis
1091 2807 1126 2870 ει
1143 2795 1384 2892 procurandis.

529 2921 614 2993 Item
629 2921 794 3016 scriptum
811 2931 863 2994 est
884 2919 999 2994 eidem
1022 2921 1162 2994 Nicolao
1180 2930 1219 2992 ut
1239 2941 1282 2994 ea
1304 2919 1448 3016 recipiat
1470 2927 1504 2992 et
1525 2939 1567 2992 ea
1585 2917 1689 2991 iaciat
1710 2915 1894 3012 diligenter

480 3041 647 3116 custodiri
664 3053 699 3115 ει
716 3043 890 3138 procurari
904 3051 939 3116 et
953 3053 992 3114 ut
1008 3041 1055 3115 de
1072 3043 1299 3137 proventibus
1314 3042 1417 3115 vinee
1432 3051 1468 3114 et
1480 3039 1608 3135 jardini
1628 3048 1760 3135 reparet
1773 3037 1894 3112 domos

480 3189 550 3262 que
566 3167 693 3240 luerint
705 3166 898 3239 necessario
916 3167 1126 3262 reparanda,
1143 3167 1282 3240 vineam
1300 3167 1438 3238 excolat
1451 3173 1487 3237 et
1498 3163 1697 3258 jardinum
1715 3163 1761 3235 ita
1779 3172 1893 3236 mmen

480 3290 577 3386 quod
598 3289 692 3363 omni
709 3311 800 3364 anno
818 3299 888 3363 mm
903 3289 949 3364 de
967 3291 1188 3386 perceptione
1205 3299 1438 3385 proventuum
1464 3290 1619 3385 ipsorum
1639 3309 1747 3382 quam
1766 3285 1812 3360 de
1831 3307 1892 3359 ex·

480 3413 598 3509 pensis
613 3434 701 3507 quas
713 3413 907 3486 necessario
922 3423 956 3486 et
971 3413 1097 3486 utiliter
1114 3414 1233 3486 lecerit
1250 3415 1286 3485 in
1306 3411 1490 3508 predictis,
1510 3413 1678 3486 rationem
1694 3420 1801 3506 ponat
1817 3411 1893 3483 lda-

477 3536 544 3628 jori
561 3535 606 3609 de
622 3536 830 3608 Plancatone
843 3545 974 3608 secreto
990 3537 1161 3608 Messene.

274 3679 454 3728 ranem.
551 3658 558 3756 Ι
578 3658 709 3733 Eodem
731 3658 789 3732 die
810 3659 975 3756 scriptum
1000 3669 1051 3732 est
1072 3659 1192 3752 Maiori
1219 3658 1265 3734 de
1289 3661 1497 3734 Plancatone
1519 3667 1650 3732 secreto
1673 3657 1831 3733 Messana
1856 3665 1894 3728 ut

481 3782 623 3879 recipiat
638 3783 826 3878 predictam
848 3783 1015 3856 rationem
1038 3805 1059 3856 a
1078 3784 1216 3858 Nicolao
1237 3785 1402 3881 Sylvestri
1423 3783 1467 3858 de
1486 3783 1581 3857 lllesa
1596 3789 1666 3856 tam
1685 3780 1732 3856 de
1751 3800 1893 3876 percep·

481 3907 574 3979 tione
597 3915 828 4001 proventuum
850 3907 953 3980 vinee
974 3914 1009 3978 ει
1033 3905 1162 3999 jardiui
1180 3905 1332 3980 Catbone
1354 3928 1461 4001 quam
1485 3905 1532 3980 de
1550 3903 1715 4000 expensis
1732 3900 1832 3975 iactis
1858 3901 1892 3974 iu

481 4028 611 4104 eisdem
632 4037 666 4102 et
686 4029 723 4102 in
741 4029 902 4102 domibus
927 4028 1130 4125 reparandis
1154 4030 1345 4104 necessario
1366 4045 1402 4103 et
1417 4039 1456 4102 ut
1472 4037 1603 4107 statuat
1625 4027 1739 4101 eidem
1754 4025 1893 4098 Nicolao

480 4150 518 4225 in
533 4153 673 4226 servitio
689 4153 843 4250 predicto
861 4173 1024 4248 personas
1037 4175 1125 4248 quas
1143 4174 1264 4227 secum
1287 4153 1324 4224 in
1341 4153 1423 4250 ipso
1434 4154 1577 4228 servitio
1594 4173 1670 4227 esse
1691 4149 1817 4224 viderit
1832 4169 1893 4245 op·

482 4287 663 4372 portunus,
681 4277 771 4348 siout
784 4275 908 4349 melius
925 4296 988 4372 pro
1008 4275 1104 4350 curia
1118 4275 1245 4350 viderit
1265 4275 1450 4374 expedire,
1466 4272 1526 4376 [et]
1545 4295 1609 4372 pro
1626 4295 1668 4350 eo
1688 4281 1724 4348 ει
1740 4271 1891 4370 personis

481 4399 567 4496 ipsis
583 4396 763 4495 provideat
777 4400 814 4470 in
828 4399 992 4494 expensis
1009 4397 1075 4494 (2).

518 4602 555 4676 (ι)
574 4601 615 4661 (ll.
631 4601 962 4674 mandetadetaviterbii,
976 4600 1070 4659 ultimo
1083 4601 1303 4674 fanmartinse,
1317 4601 1362 4660 lol.
1377 4603 1413 4661 vt
1425 4616 1514 4663 verso.

518 4703 556 4775 (l)
574 4699 615 4760 Cl.
630 4699 698 4759 intra
708 4699 864 4759 mandatum
875 4699 1007 4774 scriptum
1018 4699 1135 4774 corneti,
1150 4699 1268 4759 tmmtii
1282 4701 1366 4774 tato,
1381 4698 1469 4759 tolet
1486 4701 1570 4758 moto.
