4228 5892
183 575 286 634 rasta.
303 565 367 642 ra]
635 553 834 616 maroam
860 505 1152 618 nrrnonarrcn

438 847 671 858 οο-ψ--ψμμ-ο-

240 1092 474 1198 Fridericus,
498 1091 758 1175 Romanorum
784 1089 1009 1198 imperator,
1036 1087 1225 1198 signifieat
1249 1089 1460 1197 captionem
1486 1088 1599 1170 castri

189 1225 402 1334 Grepacorii
430 1234 468 1307 ct
504 1223 634 1306 scribit
661 1249 702 1305 se
732 1231 907 1330 paratum
942 1225 993 1304 ad
1019 1223 1207 1332 integram
1237 1222 1532 1305 Bononiensium
1563 1233 1601 1305 ct

187 1357 326 1440 deinde
342 1355 681 1442 Mediolanensium
699 1354 1007 1436 destructionem.

269 1569 395 1648 (Inadlt.
410 1587 449 1630 ax
459 1570 558 1631 oodloe
573 1568 710 1630 biblioth.
724 1568 823 1629 Cenon
837 1567 944 1640 Paris„
951 1563 1043 1646 fonde
1057 1567 1091 1628 S.
1104 1564 1243 1628 domato
1254 1563 1380 1646 Harlay,
1391 1576 1461 1646 455,
1473 1585 1542 1646 pars
1556 1569 1597 1646 II,

307 1685 341 1735 n⁰
356 1675 448 1750 va,
465 1679 529 1736 sinc
541 1674 653 1754 tltnlo.)

234 1861 445 1945 blidericus,
467 1871 535 1936 etc.
561 1860 747 1934 Desideriis
770 1859 839 1931 tuis
866 1859 1033 1932 duximus
1057 1859 1287 1932 intimandum
1308 1859 1404 1954 qnod
1426 1869 1502 1954 post
1530 1859 1599 1932 de-

187 1987 409 2058 structionem
423 1987 524 2058 castri
536 1985 694 2057 Plnmatii
708 1983 804 2078 qnod
821 1985 1053 2056 Bononienses
1066 1983 1212 2056 rebelles
1226 1981 1333 2056 nostri
1350 1993 1467 2056 contra
1481 1981 1599 2058 fideles

188 2119 321 2182 nostros
338 2110 488 2202 objicere
505 2109 746 2204 opponebant,
766 2109 827 2180 nbi
843 2107 887 2181 ad
906 2106 1122 2179 obsidionem
1140 2107 1241 2178 castri
1261 2107 1455 2212 ¹Crepacorii
1471 2129 1599 2202 perve-

187 2233 317 2324 nimus,
330 2254 372 2305 eo
388 2231 563 2327 aliquibus
579 2233 720 2305 obsesso
735 2243 769 2303 ct
785 2240 984 2326 expugnato
996 2230 1134 2319 diebus,
1155 2229 1265 2302 donec
1281 2229 1466 2302 multitudo
1482 2227 1599 2326 aq'ua-

186 2379 262 2428 rum
282 2356 411 2450 quibus
429 2366 526 2429 orant
542 2357 634 2429 valla
650 2355 782 2428 munita
798 2366 936 2450 possent
952 2352 1176 2426 artificialiter
1192 2353 1386 2442 exhauriri,
1403 2353 1461 2426 dic
1464 2408 1595 2426 .....

185 2493 266 2551 ants
291 2481 416 2552 testum
445 2477 700 2575 Assumptionis
722 2479 917 2551 beatissime
942 2478 1060 2550 matris
1079 2477 1202 2550 Christi
1219 2477 1289 2574 (l),
1304 2465 1342 2549 ut
1364 2477 1440 2572 ipsa
1460 2478 1597 2571 justicie

185 2614 300 2676 nostre
317 2603 493 2696 negotium
511 2603 674 2676 videatur
684 2625 860 2675 assumere
875 2613 910 2676 et
927 2601 1145 2697 processibus
1162 2602 1288 2674 nostris
1301 2602 1479 2674 victoriam
1492 2601 1597 2675 exbi-

184 2728 284 2814 bere,
302 2727 339 2799 in
350 2738 524 2800 momento
539 2736 574 2798 et
585 2728 657 2799 ictu
675 2727 767 2798 oculi
785 2728 875 2799 lacto
888 2747 1075 2820 congressu
1095 2725 1284 2797 inflamma
1302 2735 1336 2797 et
1353 2725 1468 2819 gladio
1483 2735 1597 2798 noster

184 2851 273 2924 illud
281 2839 590 2946 victoriosnscepit
600 2851 787 2941 exercitos,
803 2852 913 2945 utqui
928 2852 963 2922 in
974 2856 1084 2923 castro
1097 2849 1257 2922 Plumatii
1271 2849 1596 2945 deplumaveramns

184 2975 305 3066 bonis,
325 2984 361 3047 ct
375 2976 412 3046 in
424 2973 548 3048 eodem
565 2997 705 3068 qnoque
730 2984 844 3047 castro
860 2975 955 3068 qnod
971 2995 1092 3046 revera
1112 2973 1240 3046 dicitnr
1254 2995 1318 3068 pro
1333 2974 1463 3046 eisdem
1479 2975 1595 3048 hosti-

184 3101 250 3172 bus
268 3100 481 3194 Crepacorii,
503 3099 608 3172 corda
631 3099 884 3172 Bononensium
912 3099 1069 3171 funditus
1087 3106 1316 3170 conteramus.
1345 3097 1416 3170 Neo
1443 3101 1594 3194 potentie

183 3231 298 3296 nostre
317 3245 441 3295 manus
466 3223 512 3294 ab
538 3244 658 3294 eorum
683 3223 922 3317 persecutione
935 3222 1092 3312 desistet,
1111 3243 1192 3292 cnm
1217 3242 1278 3315 per
1300 3219 1463 3293 dilectum
1484 3221 1594 3294 lilium

184 3355 339 3418 nostrum
353 3345 413 3436 ll.‚
432 3357 516 3438 etc,
535 3347 571 3418 in
589 3347 791 3419 Romaniola
811 3367 889 3418 cum
913 3347 1068 3418 exercitu
1092 3366 1216 3438 magno
1237 3346 1460 3440 premissum,
1482 3346 1593 3440 ipsam

185 3470 458 3564 disposuerimus
469 3471 514 3542 ab
527 3492 569 3542 aa
582 3480 677 3565 parte
694 3470 897 3564 generaliter
915 3492 993 3542 oum
1010 3471 1082 3541 suis
1096 3469 1322 3564 complicibus
1339 3469 1590 3556 enervandam3

186 3603 221 3664 et
236 3595 317 3666 licet
337 3593 382 3666 ad
398 3594 665 3666 destructionem
683 3593 868 3666 Mediolani
894 3594 1136 3688 pmposnimus
1154 3594 1337 3687 evestigio
1357 3603 1514 3689 potenter
1530 3614 1594 3665 ac·

186 3717 293 3811 cingi,
320 3719 369 3790 sio
397 3727 512 3790 tamen
538 3719 674 3790 ruinam
706 3717 962 3790 Bononensium
988 3717 1248 3811 procurabimus
1275 3717 1440 3788 instanter
1460 3729 1494 3789 et
1516 3715 1595 3790 effi-

186 3841 311 3912 caciter
342 3863 503 3914 exercere
537 3841 632 3936 qnod
657 3842 851 3936 potenciam
883 3851 1033 3913 nostram
1068 3863 1137 3913 non
1171 3841 1313 3935 impune
1345 3841 1411 3912 sibi
1440 3841 1595 3914 sancient

186 3963 370 4035 vicinatam
385 3974 420 4036 et
435 3965 580 4038 ulterius
604 3965 752 4057 adjicere
768 3974 944 4059 nequeant
971 3973 1009 4035 ut
1031 3965 1155 4036 nostris
1175 3963 1336 4037 fidelibus
1358 3964 1507 4037 inferant
1526 3985 1595 4038 no-

187 4095 382 4158 cumentum
395 4085 459 4184 (2).
477 4089 616 4162 Exultat
626 4089 731 4179 igitur
741 4087 897 4161 fidelium
912 4088 1148 4183 cxpectatioct
1159 4097 1241 4161 uota
1251 4097 1454 4161 cunctorum
1466 4089 1511 4162 ad
1521 4111 1594 4162 ser-

190 4269 417 4284 nu—-w—u·
423 4276 577 4284 ‹n——oa-—u
583 4275 846 4284 -ι--ιο--ι--η--ιι-

222 4373 259 4447 (l)
281 4395 294 4427 ι
308 4374 339 4430 ln
353 4374 442 4448 vigilia
453 4375 649 4450 assumptionis
661 4378 758 4433 beatae
775 4375 885 4446 Marma,
899 4375 1044 4449 imperator
1058 4375 1086 4431 in
1099 4376 1254 4450 episcopatu
1272 4378 1432 4436 Booomumi
1449 4381 1522 4453 cepit
1535 4397 1595 4440 cas·

187 4475 256 4528 bum
266 4471 445 4545 Crepaoorum
463 4472 683 4546 (Crevalcuore),
694 4473 767 4545 quod
779 4473 841 4546 igne
853 4479 1002 4530 crematum
1015 4478 1093 4530 cst.»
1109 4473 1184 4532 llrco.
1201 4489 1238 4532 ns
1255 4473 1284 4532 S.
1298 4475 1403 4548 Gru,
1418 4477 1546 4536 Obsonia.
1561 4478 1596 4536 ad

187 4583 249 4626 aon.
262 4571 342 4628 ⁴239.

222 4666 261 4738 (t)
279 4667 485 4725 «bononienses
500 4673 562 4742 post
579 4668 727 4726 discessum
741 4667 909 4742 imperatoris
921 4667 956 4724 ab
970 4667 1128 4742 episcopatu
1147 4670 1277 4729 Bononiae
1289 4677 1383 4729 aunoes
1396 4675 1498 4730 mmerc
1514 4687 1597 4746 super

1662 1165 1757 1254 aba.

1645 1154 1783 1210 [²⁰qu

1758 1211 1767 1263 l
