4224 5898
485 581 547 644 264
991 583 1206 645 balnearet
1233 585 1408 646 SECUNDI
1717 583 1796 670 [Arm
1815 587 1900 650 lm

485 715 650 790 mandato
665 725 782 790 nostro
800 715 857 789 vol
868 717 1150 812 predecessorum
1169 731 1364 794 nostrorum
1377 742 1399 793 a
1413 727 1566 814 tempore
1581 722 1812 796 coronationis
1826 723 1901 796 diri

485 843 622 937 augusti
641 840 807 913 Vriderici
834 841 892 914 avi
916 843 1023 916 nostri
1049 853 1244 918 constructa
1265 847 1426 930 luerunt,
1450 843 1496 917 od
1513 843 1771 937 requisitionem
1792 845 1903 942 ipsius

484 967 638 1062 episcopi
657 975 820 1060 tanquam
840 977 1034 1040 constructa
1053 979 1170 1042 contra
1188 969 1341 1064 predicta
1353 969 1498 1042 ecclesie
1515 968 1699 1064 privilegia
1714 971 1902 1044 destruan-

484 1103 552 1162 tur.
575 1089 716 1177 Quodsi
731 1097 920 1162 castrorum
937 1093 993 1163 vel
1010 1092 1242 1166 munitionum
1259 1093 1390 1166 domini
1406 1091 1453 1165 ad
1465 1091 1666 1166 mandatum
1678 1094 1789 1189 ipsius
1802 1095 1903 1168 electi

484 1215 541 1288 vel
557 1235 794 1288 successurum
806 1215 882 1307 ejus
896 1217 1007 1288 iacere
1019 1217 1265 1310 recusaverint,
1278 1220 1354 1312 ipsa
1366 1227 1476 1289 castra
1490 1237 1552 1288 ssu
1565 1217 1778 1291 munitiones
1789 1219 1901 1292 eidem

486 1340 594 1413 electo
615 1347 649 1412 et
669 1337 926 1411 successoribus
955 1340 1028 1410 suis
1053 1339 1207 1413 incidant
1225 1341 1261 1412 in
1284 1341 1518 1412 commissum.
1546 1339 1776 1415 Concedimus
1797 1343 1901 1416 etiam

486 1463 684 1558 supradicto
697 1463 879 1536 Valentino
895 1462 1005 1535 electo
1023 1475 1058 1535 et
1081 1465 1340 1538 successoribus
1357 1467 1432 1558 ejus
1447 1475 1487 1536 ut
1505 1463 1692 1558 siquando
1711 1465 1806 1560 ipsos
1824 1488 1902 1538 cnm

487 1587 591 1660 armis
613 1588 670 1660 vel
693 1587 769 1659 sine
791 1587 896 1659 armis
917 1586 962 1659 ad
984 1589 1191 1680 presentiam
1210 1590 1266 1661 vel
1285 1589 1475 1661 exercitum
1493 1597 1647 1660 nostrum
1673 1588 1903 1662 demandato

486 1721 603 1784 nostro
617 1733 679 1783 sen
698 1733 759 1805 pro
776 1710 924 1803 negotiis
942 1711 1066 1782 uostris
1083 1712 1140 1784 vel
1155 1713 1299 1785 ecclesie
1312 1713 1432 1785 venire
1448 1711 1642 1806 contigerit,
1662 1733 1726 1806 pro
1739 1713 1904 1807 expensis

486 1837 532 1909 ab
548 1837 599 1908 ais
618 1837 655 1906 in
670 1835 825 1907 adventu
843 1835 899 1907 vel
919 1835 956 1906 in
974 1835 1115 1906 servitio
1140 1849 1254 1908 nostro
1283 1836 1380 1909 lactis
1400 1835 1666 1908 subventionem
1689 1857 1811 1908 omnes
1835 1835 1904 1908 bo·

486 1960 597 2032 mines
608 1959 825 2054 episcopatus
839 1967 908 2030 tam
922 1958 1103 2030 laudatarii
1119 1979 1225 2052 qnam
1236 1959 1307 2046 alii,
1322 1957 1516 2031 secundnm
1527 1959 1754 2052 quantitatem
1765 1969 1800 2031 et
1813 1981 1903 2052 qna-

484 2083 615 2154 litatem
634 2101 868 2174 expensarum
886 2091 920 2153 et
938 2083 1114 2154 facultates
1130 2082 1308 2154 bominum
1328 2081 1576 2177 predictorum,
1596 2091 1749 2176 prestare
1762 2092 1905 2156 tenean-

487 2215 555 2279 tur.
586 2205 636 2277 Ne
664 2224 748 2275 vero
770 2203 924 2298 predicta
945 2206 1062 2277 omnia
1088 2204 1203 2300 aliqua
1227 2207 1366 2278 valeant
1393 2205 1620 2299 refragatione
1647 2205 1816 2298 convelli,
1840 2205 1903 2278 aed

486 2329 602 2404 debita
629 2327 813 2400 stabilitate
837 2327 983 2400 ecclesie
1008 2328 1185 2400 Valentius
1208 2329 1358 2402 debeant
1385 2329 1590 2402 inconcussa
1617 2350 1774 2420 manera,
1799 2351 1903 2402 omne

484 2452 695 2527 auctoritatis
710 2460 825 2523 nostra
840 2449 947 2522 robur
965 2450 1266 2524 accommodamus
1288 2463 1323 2524 et
1337 2453 1504 2546 presentis
1521 2451 1694 2546 privilegii
1711 2452 1904 2525 munimine

483 2577 659 2672 sepedicta
671 2573 814 2646 ecclesie
826 2570 1083 2662 confirmamus,
1101 2573 1197 2645 salva
1211 2595 1316 2668 super
1331 2575 1448 2648 omnia
1462 2573 1631 2670 imperiali
1637 2575 1784 2666 justitia.
1799 2575 1901 2648 Nulla

484 2700 590 2792 igitur
604 2700 640 2770 in
653 2695 861 2792 supradictis
877 2697 1040 2769 omnibus
1057 2698 1228 2770 infestatio
1245 2697 1357 2770 seviat
1376 2708 1619 2791 tyrannorum,
1640 2699 1735 2772 nulla
1753 2709 1904 2792 potestas

484 2823 534 2896 ibi
548 2845 609 2918 per
624 2821 822 2894 violentiam
837 2819 965 2910 irruat,
983 2821 1099 2892 nullus
1111 2841 1230 2894 comos
1246 2831 1306 2894 aot
1318 2821 1430 2914 judan
1446 2821 1557 2915 legem
1572 2823 1606 2892 in
1623 2821 1677 2894 bis
1696 2823 1810 2896 lacero
1822 2845 1904 2917 pre-

484 2955 615 3038 sumat,
633 2954 746 3040 preter
764 2943 966 3038 episcopum
987 2944 1205 3016 Valentinum
1224 2943 1281 3015 cui
1299 2945 1363 3017 soli
1383 2945 1546 3017 volumus
1563 2945 1627 3019 buc
1643 2945 1757 3020 licere.
1777 2948 1829 3020 Sit
1844 2949 1903 3022 illa

483 3072 608 3144 civitae
622 3067 821 3152 Valentino,
841 3076 932 3140 totus
950 3076 985 3140 et
998 3068 1217 3161 episcopatus
1235 3067 1323 3140 liber
1336 3068 1486 3141 abomui
1499 3069 1567 3142 alia
1579 3078 1757 3164 potestate.
1773 3071 1905 3146 Statui-

484 3217 563 3268 mus
581 3196 722 3289 insuper
735 3203 770 3266 et
786 3191 955 3286 imperiali
972 3191 1148 3262 sancimus
1163 3190 1278 3264 edicto
1291 3191 1388 3284 quod
1405 3191 1500 3266 nulla
1518 3213 1664 3287 persona
1681 3195 1750 3268 alta
1764 3197 1820 3268 vel
1836 3195 1905 3270 bn·

484 3319 593 3409 milis,
610 3317 840 3392 ecclesiastica
858 3315 914 3388 vel
931 3315 1113 3401 secularis,
1136 3314 1328 3410 predictum
1347 3315 1493 3388 electum
1514 3317 1569 3390 vel
1585 3337 1802 3392 successores
1819 3341 1905 3394 snos

484 3451 600 3516 contra
617 3441 785 3538 presentis
796 3437 969 3534 privilegii
986 3438 1093 3510 nostri
1108 3447 1259 3510 tenorem
1275 3459 1363 3511 ausu
1380 3438 1559 3511 temerario
1577 3439 1746 3535 impedire
1758 3444 1815 3516 vel
1827 3465 1904 3517 rno-

482 3567 606 3640 lestare
631 3587 693 3638 sen
719 3564 756 3635 in
780 3561 899 3656 aliquo
922 3559 1162 3634 contravenire
1183 3561 1239 3632 vel
1267 3559 1468 3656 perturbare
1493 3571 1682 3656 presumat.
1709 3563 1811 3648 Quod
1838 3567 1905 3660 qui

483 3687 730 3786 presumpserit
752 3685 1028 3780 indignationem
1054 3693 1205 3758 nostram
1231 3703 1270 3756 ae
1294 3684 1431 3756 noverit
1459 3683 1678 3756 incursurum
1702 3695 1737 3758 et
1760 3695 1905 3762 contum

483 3813 588 3886 libras
605 3813 715 3886 auri·
725 3859 1020 3881 ........
1048 3827 1111 3900 pro
1128 3827 1217 3902 pana
1234 3804 1421 3900 quotiesin
1439 3807 1580 3879 totovel
1601 3806 1637 3877 in
1654 3817 1906 3902 parteoontm.

483 3937 627 4022 venerit,
641 3936 726 4008 sciat
739 3929 1247 4028 compositurum,medietatem
1264 3929 1395 4002 scilicet
1409 3949 1546 4004 camere
1557 3940 1674 4004 nostre
1684 3941 1718 4006 et
1732 3933 1906 4027 reliquam

482 4060 699 4134 medietatem
717 4057 810 4129 dicto
830 4057 940 4129 electo
960 4055 1018 4128 vel
1038 4056 1114 4147 eius
1134 4053 1391 4128 successoribus
1412 4053 1692 4150 persolvendam.
1716 4055 1772 4130 Ad
1796 4055 1906 4151 buius

482 4193 599 4260 antem
625 4181 869 4271 concessionis,
899 4177 1152 4253 ratihabitionis
1173 4187 1208 4252 et
1235 4178 1469 4252 innovationis
1499 4188 1613 4253 nostre
1639 4181 1839 4256 memoriam
1868 4195 1906 4256 et

481 4307 588 4382 robur
603 4316 770 4401 perpetuo
790 4303 996 4394 valiturum,
1015 4322 1157 4398 presens
1171 4299 1391 4396 privilegium
1412 4299 1487 4374 lieri
1505 4311 1540 4374 et
1562 4301 1659 4378 bulla
1676 4324 1780 4379 aurea
1794 4313 1903 4401 typa-

481 4432 533 4507 rio
549 4441 665 4505 nostre
680 4428 868 4520 majestatis
884 4427 1052 4523 impressa
1063 4425 1231 4518 jussimus
1247 4425 1467 4498 communiri.

530 4556 641 4648 liujus
663 4554 714 4628 rei
736 4561 841 4626 testes
865 4559 971 4624 sunt:
996 4548 1265 4644 Herbipolensis‚
1284 4548 1561 4642 wormatiensis,
1581 4551 1806 4627 Vercellensis
1828 4555 1902 4650 epi·

481 4680 596 4776 scopi,
618 4679 733 4753 dilecti
750 4676 924 4772 principes
942 4673 1071 4762 nostri,
1087 4683 1154 4746 etc.
1178 4670 1269 4768 (ric).
