4226 5900
222 602 320 662 lucror.
341 599 401 675 la]
671 594 868 655 lllSTOlilll
893 593 1184 654 blstomsulctl.
1571 589 1628 648 etl

225 735 368 806 assisam
385 731 480 804 ourie
495 730 605 801 tribus
623 728 811 802 domicellis
829 750 963 800 camere
979 739 1110 817 nostre,
1126 749 1214 821 quas
1230 727 1378 798 Ioannes
1391 722 1441 819 (o)
1453 723 1498 796 de
1510 723 1632 796 Amato

224 853 595 928 castellanusPanormi
609 851 654 923 de
667 851 751 922 Atro
762 848 810 946 (t)
823 851 915 922 misit
928 851 1022 944 apud
1034 849 1180 922 bleldam
1192 857 1393 937 moraturas,
1409 847 1498 918 sicut
1512 847 1633 920 iecisse
1768 847 1771 853 ’

226 987 259 1050 te
276 977 445 1050 hactenus
461 975 642 1046 nuntiasti.
662 975 775 1069 Super
795 994 837 1046 eo
855 994 936 1046 vero
959 973 1054 1066 quod
1076 973 1208 1044 misisse
1234 981 1268 1044 te
1292 971 1415 1042 asseris
1435 969 1633 1064 pelliparios

226 1111 261 1172 et
277 1101 363 1172 alios
386 1099 568 1192 magistros
588 1097 635 1169 ad
657 1117 827 1170 cameram
843 1105 993 1168 nostram
1010 1094 1121 1168 Mellie
1139 1106 1173 1166 et
1190 1094 1327 1166 Canusii
1352 1114 1415 1187 pro
1430 1091 1633 1186 reparandis

227 1223 348 1318 pennis
367 1234 401 1295 et
421 1223 545 1317 pannis
566 1231 602 1294 et
622 1221 698 1293 eliis
714 1221 818 1293 rebus
834 1221 959 1292 nostris
975 1221 1022 1291 ad
1035 1240 1206 1314 expensas
1224 1217 1319 1289 curie
1336 1225 1469 1305 nostre,
1488 1225 1522 1287 et
1539 1215 1635 1309 quod

227 1347 390 1437 magistro
412 1347 449 1416 S.
474 1354 509 1417 et
533 1345 610 1416 aliis
634 1345 808 1438 magistris
833 1343 1068 1416 laborantibus
1090 1343 1186 1436 apud
1202 1341 1387 1412 Canusium
1409 1337 1635 1410 demandato

228 1479 344 1541 nostro
359 1469 426 1541 emi
445 1468 530 1540 fecis
543 1467 588 1541 de
605 1468 755 1562 pecunia
772 1467 867 1538 curie
881 1467 1014 1552 collam,
1033 1486 1159 1538 nervos
1175 1473 1209 1536 et
1220 1463 1288 1536 alie
1305 1484 1375 1556 que
1392 1462 1636 1558 operibusque

228 1591 292 1685 ipsi
309 1592 439 1664 faciunt
454 1600 623 1686 oportuna
640 1590 802 1662 videntur
819 1599 854 1662 et
866 1589 1035 1681 assignari
1053 1589 1122 1677 eis,
1144 1609 1188 1660 ue
1202 1577 1264 1681 pro
1280 1585 1553 1658 necessariorum
1572 1584 1637 1656 de·
1656 1559 1659 1570 ¹

229 1717 320 1786 lectu
344 1714 498 1786 laborare
514 1735 584 1786 non
602 1723 760 1809 possent,
781 1723 816 1786 et
831 1713 897 1785 alia
916 1712 983 1783 emi
1002 1710 1194 1782 necessaria
1211 1730 1274 1804 pro
1288 1709 1501 1802 reparatione
1521 1729 1636 1779 rerum

231 1847 422 1909 nostrerum
441 1837 551 1931 ipsius
568 1858 722 1923 camere,
742 1846 840 1908 tuum
855 1835 1011 1908 studium
1027 1833 1319 1906 commendamus.
1340 1832 1370 1902 A
1388 1831 1638 1904 mercatoribus

229 1959 369 2052 insuper
382 1958 600 2031 venientibus
614 1967 713 2030 extra
735 1978 897 2049 regnum,
917 1978 972 2028 res
985 1977 1066 2027 suas
1080 1955 1117 2025 in
1136 1953 1287 2026 sandicis
1304 1953 1573 2048 deponentibus,
1591 1973 1637 2024 ex

230 2102 301 2174 quo
317 2081 393 2176 ipsa
405 2082 442 2151 in
454 2099 560 2173 regno
573 2078 728 2150 vendere
746 2087 935 2173 nequeunt,
950 2088 987 2150 ut
1003 2076 1181 2173 scripsisti,
1198 2086 1233 2148 et
1246 2078 1367 2147 volunt
1380 2086 1480 2147 extra
1493 2097 1638 2167 regnum

231 2203 381 2290 deterre,
403 2203 508 2275 nichil
532 2203 730 2296 plusquam
751 2202 810 2292 jus
831 2223 891 2295 pro
917 2201 1021 2273 domo
1047 2201 1200 2272 debiturn
1220 2198 1380 2271 ¹vidimus
1404 2198 1636 2290 exigendum,

231 2325 315 2398 dum
343 2325 379 2397 id
408 2346 477 2397 non
504 2326 540 2395 in
565 2324 722 2396 fraudem
747 2325 841 2396 curie
864 2333 978 2396 nostre
1006 2332 1222 2417 procuretur.
1245 2323 1402 2394 Preterea
1424 2332 1561 2413 gratum
1589 2330 1641 2392 est

231 2448 331 2521 nobis
347 2447 441 2542 quod
459 2448 649 2520 necessaria
671 2448 878 2519 marescallis
895 2467 982 2540 quas
1005 2444 1206 2538 significasti
1229 2441 1305 2516 dari
1321 2444 1420 2533 facis3
1440 2442 1486 2515 de
1505 2443 1639 2535 sagittis

230 2572 431 2643 Sclavorum
447 2591 552 2664 quam
572 2570 697 2641 armari
717 2569 826 2641 fecisti
845 2591 924 2640 cum
942 2569 1018 2640 aliis
1035 2569 1141 2660 galeis
1158 2567 1284 2638 nostris
1302 2575 1417 2638 contra
1440 2565 1587 2659 piratas,
1607 2573 1642 2637 te

230 2693 419 2788 plurimum
439 2691 742 2777 commendamus,
766 2702 800 2765 et
816 2693 928 2786 placet
950 2692 1049 2762 nobis
1068 2691 1164 2784 quod
1182 2690 1292 2784 pirate
1310 2689 1370 2781 qui
1396 2689 1485 2781 capti
1508 2689 1642 2760 tuerent

232 2815 268 2885 in
282 2814 404 2888 eadem
429 2815 476 2888 ad
494 2816 700 2887 maritimam
721 2815 834 2888 lllelfie
856 2817 1074 2909 deputentur.
1095 2811 1197 2898 Quod
1217 2819 1332 2884 autem
1347 2814 1450 2904 juxta
1467 2811 1562 2904 quod
1578 2811 1641 2882 tibi
1675 2797 1683 2811 ’

231 2939 477 3011 mandavimus
492 2960 560 3011 non
581 2933 775 3032 processisti
795 2938 843 3011 ad
858 2937 1066 3032 cupiendum
1085 2945 1210 3007 terram
1232 2933 1385 3026 ejusqui
1402 2944 1559 3004 mortuus
1578 2933 1643 3004 luit

232 3061 268 3132 in
286 3063 367 3132 navi
385 3083 454 3154 que
471 3083 574 3155 passa
596 3062 660 3132 fuit
674 3062 912 3154 naufragium,
934 3081 980 3130 ex
994 3081 1065 3153 quo
1083 3058 1257 3150 legitimus
1272 3078 1449 3129 successor
1462 3056 1639 3150 apparuit,

233 3183 344 3276 placet
360 3184 474 3255 nobis.
494 3185 604 3277 Super
626 3205 668 3256 eo
687 3204 773 3255 vero
791 3182 886 3275 quod
902 3181 1066 3276 scripsisti
1085 3181 1185 3252 nobis
1205 3179 1250 3252 de
1271 3180 1359 3250 lacte
1381 3179 1531 3272 laquinti
1550 3187 1583 3250 et
1600 3178 1639 3249 F.

234 3307 346 3377 fratris
361 3308 435 3397 ejus
446 3306 496 3377 sic
510 3305 676 3405 donimus
690 3305 990 3400 respondendum,
1006 3303 1103 3397 quod
1116 3303 1198 3397 quia
1213 3323 1427 3398 possessores
1439 3309 1537 3372 erant
1552 3301 1643 3374 boue

234 3427 317 3500 fidei
344 3427 390 3501 de
416 3440 569 3522 tempore
589 3437 669 3500 ante
695 3428 950 3500 coronationem
977 3427 1110 3520 elapso,
1134 3426 1228 3498 nulla
1253 3433 1305 3496 est
1330 3423 1562 3517 compensatio
1587 3423 1643 3494 fo-

234 3550 377 3641 oienda3
395 3573 416 3623 a
431 3561 584 3644 tempore
600 3560 715 3622 autem
738 3550 966 3622 coronationis
982 3549 1086 3640 citra,
1102 3550 1263 3620 volumus
1282 3557 1321 3618 ut
1335 3545 1393 3619 liat
1410 3546 1643 3640 compensatio

235 3673 279 3746 de
294 3675 518 3768 pensionibus
530 3695 618 3768 quas
631 3673 676 3746 de
691 3672 850 3746 domibus
861 3673 968 3745 nostri
982 3672 1056 3764 agri
1073 3669 1299 3766 perceperunt
1309 3671 1364 3741 vel
1380 3669 1510 3763 percipi
1524 3675 1643 3762 potue·

234 3804 326 3886 runt,
345 3797 428 3888 quia
446 3818 516 3868 non
533 3795 695 3868 dicuntur
711 3796 803 3867 bone
819 3794 900 3867 fidei
915 3814 1139 3889 possessores,
1158 3815 1203 3865 ex
1220 3815 1290 3886 quo
1302 3793 1404 3884 juxta
1423 3791 1643 3864 constituti02

236 3938 315 3990 nem
332 3941 401 3990 non
418 3929 737 4013 representaverunt
756 3920 851 3990 curie
869 3929 984 3990 nostre
998 3918 1164 4011 scripturn
1181 3915 1448 3988 confirmationis
1465 3915 1642 4008 quondam

236 4038 375 4112 domine
391 4041 614 4135 imperatricis
628 4042 746 4112 matris
760 4049 873 4114 nostre
891 4039 985 4135 quod
1006 4039 1111 4110 modo
1125 4047 1282 4111 asserunt
1299 4059 1337 4110 se
1353 4037 1490 4109 babere.
1509 4036 1565 4108 Ad
1577 4037 1643 4110 boc

236 4183 315 4233 com
330 4163 494 4258 scriptum
513 4185 580 4235 non
593 4165 824 4259 receperimus
838 4165 966 4236 iactum
985 4161 1029 4234 de
1043 4161 1147 4233 rebus
1160 4161 1310 4234 inventis
1324 4161 1360 4231 in
1376 4161 1519 4232 scrineis
1533 4181 1642 4254 quon·

236 4283 317 4356 dam
332 4286 528 4378 Logotbete‚
551 4287 645 4380 quod
662 4287 785 4359 asseris
799 4296 834 4359 te
849 4288 995 4376 misisse,
1020 4283 1027 4382 Ι
1048 4286 1209 4358 volumus
1222 4295 1260 4356 ut
1275 4285 1362 4356 illud
1377 4284 1559 4377 diligenter
1571 4285 1643 4356 lac·
1669 4301 1718 4348 1³⁰¹·
1728 4295 1753 4349 n
1763 4315 1832 4348 veno.

236 4415 309 4478 tum
334 4407 432 4480 nobis
450 4409 589 4500 miotas,
607 4431 662 4482 res
685 4431 804 4481 omnes
819 4418 854 4482 et
876 4410 1100 4504 quantitatem
1117 4429 1236 4482 earum
1258 4409 1359 4503 plene
1383 4407 1581 4501 exprimens
1605 4405 1641 4476 in

279 4557 322 4639 (a)
344 4561 401 4637 Ap.
414 4561 590 4624 Carcenium
602 4561 740 4624 tolonei.

280 4660 320 4742 (d)
342 4664 422 4726 Alibi
435 4668 473 4728 de
485 4667 581 4731 Attio.

320 4768 357 4830 V.
