4226 5900
822 631 827 641 ,
970 565 1183 628 carnanter
1204 569 1377 632 saccant

295 1157 410 1306 ”W
520 1153 742 1238 Mandatum
780 1157 830 1238 ad
862 1157 1110 1266 justitiarium
1140 1161 1277 1244 Terrae
1312 1161 1468 1246 Laboris
1495 1189 1607 1274 super
1641 1165 1873 1274 reparatione

268 1263 433 1364 “stilla
467 1287 581 1367 castri
598 1285 743 1371 Roccae
761 1288 900 1372 Montis
921 1289 1119 1375 Draconis.

548 1486 676 1569 (licoat.
689 1490 792 1570 imper.
808 1488 897 1552 Μ.
910 1491 951 1570 11,
965 1492 1017 1553 tol.
1033 1502 1167 1563 auerso3
1181 1495 1214 1553 ln
1224 1493 1295 1555 adlt.
1312 1493 1448 1574 clm,
1459 1511 1490 1573 p.
1507 1495 1590 1574 2⁴⁵.)

513 1661 561 1730 lle
576 1661 746 1755 imperiali
763 1665 919 1736 mndoto
941 1667 1029 1756 sacto
1040 1687 1103 1758 per
1120 1666 1319 1758 ampistram
1341 1667 1380 1737 tt.
1397 1667 1437 1737 de
1460 1667 1607 1764 Trojecto
1625 1670 1757 1762 scripsit
1776 1669 1872 1741 Loro-

464 1786 614 1856 sentius:
1109 1791 1112 1798 ’

511 1911 724 2002 Fredericns,
745 1921 828 2000 eto,
845 1911 1010 1984 Riccardo
1027 1911 1072 1985 de
1088 1913 1300 2008 Montenigro
1312 1914 1496 2008 justitiario
1514 1915 1616 1988 Terra
1632 1915 1785 2001 laboris,
1802 1925 1866 1988 eto.

463 2031 676 2128 Significavit
689 2035 891 2111 excellentie
907 2036 1222 2110 nostrelliccardus
1240 2035 1285 2110 de
1299 2037 1389 2110 Rooa
1402 2039 1607 2112 castellanus
1622 2040 1730 2112 lloooe
1747 2039 1869 2112 Montis

463 2157 644 2250 Draconis,
665 2155 849 2230 hostiarius
872 2167 908 2232 et
925 2157 1037 2234 fidelis
1056 2169 1193 2250 noster,
1214 2161 1310 2255 qnod
1331 2171 1480 2234 casuum
1496 2163 1609 2256 ipsum
1625 2163 1798 2257 plerisque
1814 2159 1869 2235 sni

462 2279 618 2374 partibus
644 2289 678 2354 et
699 2281 893 2378 specialiter
916 2283 976 2355 nbi
990 2283 1199 2378 jampridem
1221 2283 1396 2378 inceperat
1416 2287 1564 2380 reparari
1585 2285 1799 2380 reparatione
1816 2287 1868 2357 in-

461 2401 574 2496 diget,
599 2403 695 2498 qnod
714 2405 781 2477 nisi
804 2405 883 2497 fiat,
905 2405 1093 2501 dampnum
1117 2405 1247 2481 exinde
1264 2407 1373 2503 possit
1391 2429 1461 2480 non
1479 2407 1654 2480 modicum
1673 2410 1863 2503 provenire.

461 2525 575 2610 Quare
594 2527 799 2600 mandamns
820 2537 1008 2621 quatenus,
1025 2529 1054 2600 si
1076 2539 1127 2602 est
1152 2530 1219 2618 ita,
1241 2529 1395 2624 inquiras
1416 2553 1477 2624 per
1498 2551 1586 2625 qnos
1603 2531 1758 2604 homines
1776 2531 1867 2604 idem

461 2659 609 2721 castrum
624 2651 804 2723 consuevit
815 2661 850 2724 et
862 2651 986 2724 debeat
998 2653 1162 2747 reparari,
1176 2663 1210 2724 et
1223 2653 1337 2748 ipsum
1353 2655 1503 2748 reparari
1517 2654 1622 2726 facias
1633 2677 1694 2748 per
1710 2677 1769 2727 eos
1781 2677 1868 2750 qnos

460 2773 567 2844 teneri
582 2776 788 2868 compereris
805 2775 852 2847 ad
870 2777 1120 2870 reparationem
1139 2776 1265 2870 ipsins;
1285 2776 1492 2870 alioquinin
1511 2795 1629 2849 eorum
1649 2777 1797 2869 delectu,
1823 2777 1868 2852 da

459 2898 608 2989 pecunia
626 2897 721 2970 curie
736 2908 851 2972 nostre
868 2920 937 2992 que
950 2908 1002 2971 est
1019 2919 1080 2994 per
1095 2921 1219 2971 manns
1232 2909 1310 2972 tuas
1323 2899 1386 2972 des
1405 2898 1580 2996 usquead
1598 2909 1674 2973 octo
1688 2901 1808 2974 uncias
1829 2911 1868 2972 ut

459 3017 633 3112 inceptum
646 3041 736 3114 opus
751 3023 787 3093 in
801 3021 923 3095 eodem
939 3031 1052 3094 castro
1071 3023 1184 3095 valeat
1202 3023 1440 3120 percomplen.

506 3143 630 3214 Datum
647 3143 683 3214 in
702 3145 822 3218 castris
838 3166 944 3240 prope
962 3143 1215 3236 Mediolanum,
1235 3146 1282 3217 tx
1297 3145 1466 3238 octobris,
1488 3145 1565 3218 Xlll
1584 3145 1792 3219 indictionis.

937 3471 1620 3485 unua-nu--u-unnnm---ae———0—--n--n-—a--n

296 3769 377 3874 ”flu
511 3753 732 3839 Mandatum
751 3753 800 3836 ad
819 3752 1066 3864 justitiarium
1085 3763 1205 3836 terrae
1228 3753 1371 3838 ldronti
1389 3764 1432 3836 ut
1458 3754 1507 3837 ad
1531 3765 1651 3838 terras
1677 3753 1864 3841 Melehudi

286 3875 297 3904 ⁹
314 3877 334 3906 ¹⁰
458 3894 496 3968 ot
512 3883 696 3968 Petrollae
713 3909 846 3968 ornnes
873 3883 960 3968 illos
978 3883 1045 3995 qui
1064 3885 1114 3968 ad
1131 3911 1264 3969 aarum
1291 3886 1499 3970 incolatum
1527 3888 1689 3972 revocati
1714 3887 1865 3970 fuerant

459 4043 499 4100 se
517 4017 687 4100 conferre
704 4015 919 4126 compellat,

539 4217 664 4300 (anot.
677 4221 780 4300 imper.
793 4217 880 4281 rtet.
896 4220 937 4297 11,
949 4218 1002 4282 lol.
1019 4229 1148 4296 everso3
1161 4223 1193 4281 ln
1204 4221 1275 4282 edlt.
1288 4221 1426 4296 Canon,
1442 4237 1473 4299 p.
1486 4219 1572 4301 alt.)

506 4393 552 4462 De
572 4393 728 4464 mndata
747 4393 835 4484 socw
847 4415 910 4486 per
927 4394 1123 4485 mcpistrum
1145 4395 1282 4464 Petrum
1303 4393 1343 4464 de
1368 4395 1469 4465 Vinea
1491 4393 1618 4486 campell
1636 4389 1723 4462 idem
1742 4387 1863 4484 (Lou-

455 4516 580 4586 rentiua
614 4541 624 4585 :

504 4514 723 4730 Fredericus,
747 4649 830 4732 ete,
859 4637 997 4712 Andree
1021 4638 1066 4712 de
1086 4637 1270 4734 Aquaviva
1293 4639 1479 4728 justitiario
1505 4649 1594 4712 terre
1619 4633 1765 4724 ldronti,
1790 4641 1857 4706 etc.
