4224 5898
504 588 566 650 aaa
971 617 977 634 ·
1011 595 1218 658 rnrnunrcr
1244 593 1420 657 sscuuot
1728 589 1906 676 [carme.

504 725 608 798 tionis
629 735 743 800 nostre
759 737 912 802 tenorem
929 752 1017 804 ausu
1037 731 1222 804 temerario
1242 729 1411 824 impedire
1433 727 1490 799 vel
1513 727 1693 799 molmtere
1713 736 1902 821 presumat,

502 849 570 922 uisi
594 849 695 922 nobis
717 851 849 925 inventi
873 855 1000 926 luerim
1018 855 1126 927 verbo
1149 857 1204 928 vel
1230 875 1336 950 opere
1358 849 1562 925 adversarii.
1582 849 1684 936 Quod
1708 850 1770 944 qui
1791 859 1906 922 commu

500 976 767 1071 presumpserit,
789 974 1062 1070 indignationem
1082 977 1190 1052 nostri
1211 977 1373 1050 culminis
1395 997 1434 1048 se
1451 975 1586 1048 noverit
1608 974 1838 1046 incursurum.
1851 972 1905 1046 dd

500 1095 605 1190 hujus
624 1107 740 1172 autem
759 1101 978 1194 protectionis
989 1101 1104 1175 nostre
1121 1087 1322 1175 memoriem'
1338 1110 1373 1174 et
1392 1099 1500 1173 robur
1519 1098 1899 1194 perpetuovditurum,

499 1241 643 1316 presens
657 1223 823 1318 scriptum
841 1222 915 1298 fieri
930 1233 966 1297 et
982 1225 1094 1320 sigillo
1111 1226 1298 1316 maJestatis
1319 1233 1435 1298 nostre
1446 1223 1616 1317 jussimus
1634 1221 1851 1294 communiri.

547 1345 674 1418 Datum
700 1347 855 1438 Verane,
879 1370 973 1422 anuo
1001 1349 1174 1423 dominico
1201 1348 1447 1422 incarnationis
1472 1347 1652 1420 millesimo
1671 1344 1903 1419 ducentesimo

497 1469 670 1543 tricesimo
692 1493 800 1563 nouo,
820 1493 938 1544 mense
956 1474 1065 1565 junii,
1089 1472 1294 1547 duodecime
1315 1471 1532 1562 indictionis,
1559 1471 1749 1565 imperanto
1763 1467 1903 1541 domino

497 1601 614 1666 nostro
632 1593 824 1687 Frederioo‚
845 1595 908 1668 Ilei
930 1597 1039 1690 gratia
1056 1594 1281 1670 invictissimo
1300 1597 1532 1668 Romanorum
1551 1593 1755 1688 imperatore
1771 1613 1903 1687 semper

496 1725 659 1810 augusto,
680 1717 864 1790 Ierusalem
884 1728 919 1792 et
935 1720 1049 1792 Sicilie
1068 1741 1166 1814 rege,
1188 1721 1274 1792 sacri
1293 1719 1428 1814 imperii
1452 1719 1528 1810 ejus
1543 1737 1637 1789 enno
1659 1714 1897 1801 nonodecimo,

496 1840 596 1935 regui
610 1841 794 1914 lerusalem
810 1851 934 1936 quarto
950 1843 1100 1934 decimo,
1115 1845 1212 1939 regui
1228 1865 1312 1916 vero
1330 1842 1445 1917 Sicilie
1457 1838 1723 1938 quadragesimo
1736 1836 1899 1930 secundo,

495 1964 650 2037 feliciter.
667 1963 791 2036 Amen.

708 2267 1090 2280 —uun-un—-n—

403 2592 429 2656 ‚·
545 2555 775 2664 Fridericus,
794 2559 1054 2642 Romanorum
1071 2559 1290 2667 imperator,
1307 2559 1357 2640 ad
1374 2557 1686 2667 supplicationem
1704 2555 1901 2640 Bertrendi

491 2689 540 2772 de
565 2691 724 2796 barres,
755 2691 893 2798 prioris
917 2691 1116 2800 hospitalis
1141 2691 1269 2774 Sancti
1293 2691 1473 2775 lobannis
1500 2690 1828 2801 lherosolymitani
1857 2691 1897 2770 iu

489 2821 661 2929 prioratu
687 2821 814 2904 Sancti
842 2821 1002 2933 AEgidii,
1027 2823 1162 2906 domos
1187 2823 1384 2932 hospitalis
1409 2823 1578 2933 ejusdem
1603 2849 1671 2932 per
1696 2821 1898 2931 imperium

490 2953 583 3036 sitas
612 2978 701 3036 cum
726 2955 1028 3062 possessionibus
1052 2981 1185 3038 earum
1213 2955 1286 3038 sub
1308 2983 1378 3038 sua
1400 2955 1553 3064 speciali
1571 2955 1801 3064 protectione
1828 2981 1898 3038 re-

490 3086 598 3195 cipit,
633 3093 671 3168 et
693 3085 891 3195 hospitalis
922 3086 1094 3197 ejusdcm
1119 3087 1378 3170 immunitates
1406 3087 1445 3168 iu
1478 3112 1597 3196 reguo
1622 3087 1832 3170 Arelatensi
1861 3097 1898 3169 et

489 3218 693 3302 Viennensi
708 3229 983 3302 commemorat
999 3231 1036 3303 et
1055 3219 1268 3304 confirmat.

572 3419 1118 3502 (uold.a’rsmossronx‚1³rtottt9a
1140 3419 1270 3482 oecorddr
1286 3420 1307 3482 d
1325 3417 1433 3482 Por-dra
1456 3417 1491 3482 de
1511 3421 1686 3484 Salat-leun
1701 3417 1736 3482 dc
1754 3419 1896 3483 danm-

609 3521 675 3603 lem,
690 3531 759 3602 etc,
771 3543 803 3603 p.
821 3535 858 3586 ae
874 3525 983 3606 (Puris,
1002 3537 1089 3604 troo,
1105 3527 1190 3608 tol.);
1206 3529 1273 3590 coll.
1293 3545 1363 3591 cum
1379 3529 1557 3590 chmtularto
1574 3528 1655 3590 dlcto
1672 3525 1708 3588 de
1725 3527 1893 3606 utcmque,

608 3633 641 3692 lu
654 3631 732 3692 arob.
746 3631 890 3694 Pmclect.
906 3634 1034 3710 llassll„
1050 3634 1101 3696 iol.
1124 3635 1187 3714 st.)

536 3803 576 3876 lu
593 3805 734 3877 nomine
758 3815 876 3879 sancte
896 3817 932 3879 et
955 3807 1140 3881 individue
1158 3809 1343 3883 Trinitatis.
1365 3808 1559 3882 Fridericus
1580 3805 1755 3882 secundus
1772 3805 1894 3878 divina

487 3929 626 4001 fovente
653 3929 834 4003 clementie
861 3931 1091 4006 Romanorum
1120 3933 1304 4028 imperator
1331 3954 1467 4030 semper
1492 3942 1674 4027 augustus,
1706 3929 1893 4003 Jerusalem

485 4063 521 4126 et
547 4051 663 4126 Sicilie
684 4074 761 4127 rex.
782 4055 970 4150 Imperialis
992 4058 1195 4131 excellentia
1220 4068 1304 4131 tuno
1327 4057 1491 4153 precipue
1520 4057 1574 4130 sui
1602 4053 1750 4128 nominis
1776 4053 1894 4125 titulos

485 4175 643 4271 ampliet,
665 4185 749 4249 tunc
766 4177 869 4250 officii
890 4179 946 4251 sui
965 4179 1121 4253 debitum
1140 4180 1256 4254 reddit
1271 4203 1351 4253 cum
1369 4181 1487 4255 leuore
1511 4182 1584 4254 Deo
1601 4179 1698 4269 vivo,
1720 4199 1799 4250 oum
1817 4177 1894 4268 ejus

484 4299 611 4372 iutuitu
629 4321 692 4395 per
706 4321 813 4395 quem
830 4311 943 4397 preest
964 4303 1174 4400 principibus
1189 4305 1282 4378 orbis
1302 4314 1408 4398 terre,
1430 4305 1505 4377 loca
1525 4305 1596 4375 Deo
1617 4301 1731 4374 dicata
1747 4309 1783 4372 et
1807 4297 1894 4370 reli-

484 4424 599 4518 giosas
612 4445 776 4520 personas
794 4425 852 4522 pio
868 4427 986 4500 favore
1000 4435 1116 4500 tuetur
1131 4437 1165 4501 et
1178 4429 1291 4522 justes
1308 4451 1428 4502 earum
1445 4427 1624 4522 petitiones
1641 4421 1799 4497 exaudit.
1815 4421 1892 4506 Qua

483 4557 625 4644 propter
639 4555 760 4623 notum
780 4548 856 4622 lieri
873 4551 1038 4625 volumus
1058 4551 1230 4626 universis
1252 4553 1387 4648 imperii
1409 4551 1571 4626 fidelibus
1585 4559 1654 4622 tum
1673 4545 1891 4645 presentibus

482 4693 589 4767 quam
603 4673 729 4748 lutaris
755 4673 851 4770 quod
875 4697 941 4749 nos
955 4675 1002 4751 ad
1019 4676 1153 4752 infinite
1167 4677 1402 4752 misericordie
1426 4675 1568 4752 servitia
1584 4675 1706 4770 quein
1729 4669 1893 4745 domibus
