4226 5900
501 605 562 668 460
1003 601 1215 666 rnrnaarcr
1236 605 1407 668 succum
1724 608 1805 692 [aas.
1826 612 1910 674 iseo.

501 739 559 810 tiis
585 738 753 811 monitum
778 745 813 808 et
839 735 886 810 ad
912 735 1187 811 emendationem
1209 739 1320 835 longis
1343 739 1518 812 retroactis
1544 741 1756 835 temporibus
1780 765 1913 838 expec-

501 870 630 951 tatum,
658 878 722 954 spe
747 856 847 930 nobis
871 854 918 928 de
939 857 1050 952 ipsius
1075 861 1282 934 correctione
1305 860 1499 952 subtracta,
1527 861 1573 934 de
1601 864 1744 938 oonsilio
1770 866 1912 937 fratrum

500 994 694 1056 nostrorum
722 989 798 1077 post
822 981 963 1053 frivolas
990 983 1230 1075 responsiones
1261 1006 1344 1058 snas
1371 985 1740 1060 excommunicationis
1771 989 1912 1061 viuculo

500 1105 668 1178 duximus
681 1103 934 1192 innodandum,
952 1105 1035 1198 quia
1047 1105 1109 1178 etsi
1126 1105 1162 1177 in
1177 1109 1404 1202 occupatione
1419 1107 1588 1180 honorum
1604 1107 1760 1183 Ecclesie
1776 1111 1912 1184 tolerari

499 1230 717 1325 aliquatenus
744 1249 814 1300 non
838 1224 1001 1318 deberet,
1032 1231 1140 1302 multo
1165 1231 1286 1303 fortius
1313 1253 1417 1326 super
1439 1229 1580 1304 excidio
1606 1230 1688 1306 fidei
1717 1244 1834 1307 nostra
1856 1238 1911 1310 vel

499 1353 738 1446 cujuscunque
767 1351 963 1450 circaeam
989 1350 1132 1424 deberet
1157 1355 1322 1446 patientia
1357 1353 1494 1448 penitus
1526 1355 1714 1449 reprobari.
1743 1359 1832 1430 ilinc
1860 1368 1911 1430 est

499 1475 594 1570 quod
614 1495 676 1548 nos
695 1473 817 1546 Christi
834 1476 894 1568 qui
913 1495 975 1569 pro
993 1476 1103 1548 salute
1119 1475 1268 1550 hominis
1286 1477 1501 1552 descendens
1521 1499 1542 1550 e
1565 1479 1648 1550 celis
1665 1479 1711 1552 ad
1726 1481 1910 1574 predican-

498 1600 583 1673 dum
608 1599 829 1693 evangelium
851 1600 885 1668 in
908 1599 1108 1671 universnm
1133 1601 1304 1674 mundum
1330 1601 1515 1674 transmisit
1537 1603 1728 1696 apostolos,
1749 1605 1909 1700 exemplo

498 1724 679 1818 compulsi,
696 1723 742 1796 ad
758 1731 791 1795 te
801 1723 1018 1817 precipuum,
1034 1733 1068 1794 te
1084 1725 1299 1798 carissimum
1310 1726 1464 1798 Ecclesia
1477 1723 1600 1816 filium,
1614 1735 1648 1799 te
1661 1727 1810 1822 speciale
1822 1727 1907 1798 sub·

496 1845 646 1936 sidium,
668 1855 701 1918 te
717 1845 888 1940 refugium
908 1845 1101 1936 singulare,
1126 1849 1356 1921 venerabilem
1374 1851 1513 1920 iratrem
1534 1863 1687 1921 nostrum
1707 1851 1909 1947 episcopum

496 1970 731 2044 Penestrinum
757 1970 870 2042 virum
894 1969 1082 2063 approbate
1101 1971 1268 2044 bonitatis
1291 1981 1327 2046 et
1351 1973 1540 2045 sanctitatis
1565 1982 1721 2068 experte,
1745 1995 1909 2068 magnum

495 2091 647 2164 Ecclesie
668 2091 729 2164 Dei
753 2091 969 2178 membrum,
989 2092 1102 2166 officio
1127 2094 1192 2166 sihi
1218 2096 1398 2189 legationis
1420 2097 1602 2170 commisso
1621 2118 1683 2192 pro
1706 2094 1908 2171 detonsione

495 2213 578 2287 fidei
605 2236 666 2309 pro
690 2236 761 2309 qua
785 2215 941 2288 laborare
967 2226 1102 2289 tenetur
1124 2217 1271 2310 quilibet
1297 2220 1359 2312 qui
1386 2219 1571 2292 christiana
1593 2221 1805 2314 professione
1827 2243 1908 2294 cen·

497 2349 604 2429 setar,
624 2337 808 2431 dirigimus
821 2349 857 2412 et
872 2361 934 2434 per
949 2361 1030 2412 eum
1046 2341 1081 2412 in
1098 2354 1193 2414 tante
1208 2342 1421 2414 necessitatis
1437 2343 1584 2416 articulo
1600 2343 1651 2414 tui
1663 2343 1795 2416 brachii
1808 2345 1908 2417 auxi·

493 2461 579 2534 lium
602 2462 819 2535 invocamus.
835 2463 919 2534 Cum
940 2463 1033 2536 enim
1047 2485 1205 2560 pugnare
1227 2487 1290 2560 pro
1308 2465 1488 2562 eripienda
1504 2467 1608 2539 Terra
1629 2467 1750 2538 Sancta
1768 2467 1813 2540 de
1834 2490 1907 2541 ma·

493 2585 596 2658 nibus
611 2607 823 2680 paganorum
838 2587 882 2658 sit
898 2596 1065 2682 perpetue
1083 2586 1155 2660 vite
1174 2587 1399 2680 meritorium,
1418 2589 1525 2661 molto
1541 2589 1682 2680 majoris
1697 2589 1809 2662 meriti
1830 2611 1907 2664 cese

494 2709 645 2783 creditor
662 2711 691 2782 si
708 2733 828 2784 eornm
851 2712 913 2805 qui
931 2712 1175 2784 exterminium
1195 2711 1277 2786 lidei
1296 2713 1332 2784 iu
1349 2736 1420 2807 qna
1446 2715 1541 2787 salos
1561 2714 1666 2786 totius
1682 2713 1804 2786 mundi
1824 2735 1905 2788 con·

494 2833 582 2906 sistit
601 2843 636 2905 et
658 2834 810 2907 Ecclesie
825 2834 1067 2909 machinantur
1085 2836 1254 2928 generalis
1272 2837 1470 2928 excidium,
1486 2838 1644 2932 impietas
1669 2849 1903 2934 expugnetur.

493 2957 677 3051 Speremus
702 2965 817 3029 autem
837 2966 872 3030 el
892 2980 954 3051 pro
972 2957 1072 3032 firmo
1090 2969 1247 3034 tenemus
1271 2961 1368 3055 quod
1388 2961 1494 3034 lhasu
1518 2961 1651 3034 Christo
1674 2961 1736 3056 qui
1760 2983 1824 3056 pro
1847 2983 1905 3035 ro-

494 3079 691 3173 demptione
710 3091 770 3152 tua
788 3081 880 3153 servi
898 3083 1041 3155 sormam
1062 3085 1235 3179 accipiens
1253 3087 1428 3181 proprium
1448 3087 1652 3180 sangninem
1673 3084 1806 3158 crudeli
1828 3107 1904 3180 per·

492 3205 621 3274 foratus
638 3205 758 3276 lancea
782 3205 927 3278 laudere
945 3216 979 3278 at
999 3207 1034 3277 in
1050 3229 1154 3282 cruce
1169 3209 1288 3282 mortis
1313 3210 1426 3282 voluit
1451 3210 1568 3282 subire
1590 3217 1819 3300 tormentum,
1842 3211 1903 3304 qni

492 3326 617 3400 diebus
640 3327 714 3399 istis
732 3349 753 3399 a
771 3327 863 3400 dicto
884 3331 922 3401 F.
944 3349 1025 3402 eum
1046 3342 1219 3404 asserente
1243 3332 1279 3404 iu
1298 3342 1396 3406 utero
1421 3334 1570 3426 Virginis
1593 3331 1735 3405 minime
1761 3332 1903 3405 descen·

493 3450 597 3542 disse,
615 3450 799 3524 cmdeliter
812 3451 846 3522 in
861 3473 899 3524 se
909 3461 943 3524 et
957 3454 1119 3526 memhris
1133 3454 1206 3526 suis
1219 3476 1261 3527 ac
1272 3455 1503 3550 multipliciter
1514 3456 1750 3552 impugnatur,
1766 3455 1903 3528 curabis

492 3585 658 3667 tanquam
677 3573 779 3646 atleta
795 3573 989 3648 dominicus
999 3588 1155 3672 potenter
1172 3578 1342 3670 assistere,
1360 3589 1396 3652 et
1415 3579 1580 3652 honorem
1594 3578 1719 3650 Christi
1734 3579 1791 3650 cni
1809 3578 1902 3649 nulle

492 3697 600 3771 debes
614 3700 671 3771 vel
687 3707 783 3792 potes
797 3699 928 3772 ratione
943 3699 1063 3774 deesse
1077 3711 1111 3774 et
1124 3703 1277 3775 Ecclesia
1292 3723 1419 3798 sponse
1431 3723 1507 3794 sue,
1528 3703 1658 3776 bonum
1676 3712 1802 3774 statum
1822 3699 1901 3772 iidei

491 3830 526 3892 et
552 3819 704 3892 omnium
724 3819 879 3894 fidelium
899 3823 977 3894 totis
1004 3807 1137 3896 viribus
1163 3845 1367 3898 conservare
1391 3824 1560 3898 studebis.
1589 3825 1696 3920 lgitur
1715 3823 1901 3919 prudenter

491 3941 671 4016 attendens
691 3944 787 4038 qnod
810 3945 848 4018 id
864 3955 1001 4041 tempus
1020 3947 1066 4022 ad
1085 3949 1151 4020 hoc
1169 3959 1220 4020 est
1236 3949 1284 4020 ab
1305 3957 1422 4022 eterno
1444 3948 1622 4022 conditore
1638 3947 1842 4043 dispositum
1865 3955 1902 4016 nt

491 4085 585 4137 nunc
603 4065 739 4159 publice
752 4068 871 4142 notitic
894 4091 1035 4142 suornm
1054 4073 1184 4146 revelet
1200 4073 1333 4145 animos
1350 4072 1551 4163 amicornm,
1572 4069 1657 4144 dicti
1671 4071 1709 4142 F.
1729 4070 1789 4164 qui
1804 4090 1900 4141 eum·

491 4186 572 4262 dem
590 4189 807 4286 episcopum,
831 4191 937 4266 immo
951 4193 1120 4267 Christum
1143 4205 1179 4268 et
1198 4196 1386 4268 Ecclesiam
1403 4217 1487 4268 suos
1504 4196 1665 4290 capitales
1687 4193 1807 4266 asserit
1826 4195 1898 4264 iui-

490 4313 609 4401 micos,
630 4312 900 4388 detractionibus
916 4326 949 4389 et
964 4318 1151 4392 mendaciis
1165 4327 1224 4392 tna
1241 4319 1277 4392 in
1291 4321 1389 4392 nollo
1402 4329 1582 4392 moveator
1595 4317 1786 4392 constantia
1798 4315 1899 4411 puri-

490 4436 589 4528 tatis,
614 4436 700 4531 quin
725 4437 831 4512 immo
856 4440 1018 4515 eumdem
1041 4443 1192 4539 legatum
1223 4444 1280 4517 vel
1305 4443 1420 4539 potius
1442 4443 1613 4515 Christum
1635 4441 1671 4512 in
1695 4441 1771 4536 ipso
1799 4439 1897 4530 cujus

488 4559 662 4654 legatione
677 4561 834 4656 iungitur
850 4575 885 4637 et
902 4588 964 4660 pro
983 4569 1082 4660 cujus
1097 4579 1230 4641 tantum
1251 4567 1321 4642 tide
1344 4567 1492 4658 laborat,
1510 4575 1669 4662 prompta
1685 4563 1895 4655 benignitate

488 4684 681 4781 suscipiens
694 4696 727 4759 et
741 4687 773 4760 ei
792 4687 938 4781 honore,
956 4692 1045 4763 sicut
1060 4691 1191 4786 regiam
1207 4693 1481 4787 magnitudinem
1499 4687 1614 4780 decet,
1634 4688 1808 4782 impenso,
1830 4687 1897 4758 ire·
