4262 5910
546 577 610 640 6³2
1047 585 1259 652 tuosne!
1282 589 1460 652 sstutbt
1772 595 1856 674 [dn.
1873 599 1954 664 lm.

546 711 708 808 u'piendo
738 715 945 790 mandamus
975 729 1150 816 qnatenm
1178 723 1356 820 quidquid
1380 725 1557 800 lobsnnoe
1584 726 1632 802 de
1657 727 1783 804 Anrsto
1813 741 1954 808 statutus

545 837 965 930 mperstaevitibmmere
982 843 1954 945 itumnconorusnosuesupeoffietoetoedimoms

546 959 704 1051 ejusdem
723 983 858 1036 manere
879 987 944 1061 per
963 987 1046 1042 suas
1066 969 1203 1044 bcterm
1225 969 1287 1042 tubi
1308 969 1449 1056 uiolet,
1470 973 1601 1068 exequi
1625 983 1663 1046 et
1682 977 1857 1072 complue
1873 1001 1953 1074 prn-

546 1105 647 1156 cnres
661 1091 798 1172 nt,eto.

594 1207 718 1280 Datum
734 1209 829 1305 apud
846 1210 959 1303 Pisas,
972 1214 1067 1287 XXV
1081 1213 1293 1308 decembris,
1308 1219 1386 1292 ΧΠ]
1404 1217 1616 1294 indictionis.

595 1763 774 1848 Mandata
794 1765 900 1848 varia
923 1767 972 1850 de
995 1767 1130 1878 quinta
1155 1779 1263 1878 parte
1284 1779 1438 1853 tantm
1465 1771 1682 1880 recipienda
1705 1799 1776 1881 pro
1800 1783 1950 1857 extrac-

544 1896 644 1979 tione
665 1895 909 2002 victualium,
934 1899 984 1982 de
1009 1899 1238 1984 victualibus
1267 1901 1395 1986 curiae
1422 1903 1656 2012 dividendis,
1682 1904 1732 1986 de
1755 1906 1952 1990 soadentiis

542 2029 738 2138 Augustae
765 2029 815 2112 ab
840 2055 919 2114 nno
948 2031 1030 2114 viru
1058 2031 1161 2115 fideli
1184 2035 1457 2142 procurandis,
1486 2036 1536 2118 de
1562 2038 1728 2146 terragio
1752 2039 1883 2124 curiae
1906 2039 1952 2124 ab

542 2159 763 2245 bominibus
793 2162 994 2246 Heracleae
1023 2165 1259 2274 recipiendo,
1288 2167 1337 2248 de
1364 2165 1493 2277 plagin
1519 2167 1663 2250 ibidem
1688 2168 1882 2276 indenda,
1906 2173 1951 2255 de

541 2295 628 2376 navi
656 2320 734 2376 uua
759 2293 887 2378 curiae
906 2295 1138 2406 assignanda
1161 2323 1232 2408 pro
1258 2297 1487 2382 victualibus
1514 2301 1643 2384 curiae
1666 2301 1708 2382 in
1731 2301 1950 2386 barbariam

540 2425 599 2508 vel
618 2427 837 2535 Hispaniam
857 2427 1086 2512 deferendis.

621 2623 748 2706 (aaut.
762 2625 862 2706 espa.
875 2623 994 2686 Fruar.
1012 2627 1051 2696 11,
1067 2625 1119 2688 tot.
1135 2637 1173 2688 tr
1190 2643 1293 2704 verm
1308 2631 1341 2690 tn
1354 2629 1427 2692 snit.
1440 2629 1623 2710 cnmn.,p
1643 2641 1712 2708 soe,
1730 2632 1814 2714 tro.)

588 2797 822 2896 nesmpssan
836 2799 993 2873 masam
1014 2805 1103 2894 saca
1113 2823 1176 2896 pe
1197 2804 1394 2896 mauram
1414 2805 1456 2874 a.
1477 2803 1518 2874 aa
1538 2806 1684 2898 rmjmo
1701 2809 1837 2900 serpae
1856 2809 1895 2880 c.
1911 2807 1950 2879 n
2101 2757 2105 2786 ¹

542 2922 663 2994 Tocoo:

587 3044 803 3138 tiodericus,
823 3056 906 3138 etc,
924 3047 1057 3143 Angelo
1073 3047 1226 3141 Frisaro,
1246 3057 1312 3122 etc.
1328 3049 1485 3144 Benigne
1499 3050 1694 3146 recepimus
1714 3050 1851 3124 lictores
1863 3072 1950 3146 quas

538 3177 596 3240 tus
621 3169 721 3243 nobis
741 3169 880 3245 devotio
902 3171 1089 3244 destinavit
1105 3177 1141 3244 et
1160 3191 1231 3266 que
1247 3169 1473 3244 continebant
1496 3173 1730 3246 intelleximus
1746 3172 1945 3266 diligenter,

537 3291 718 3366 laudantes
739 3293 894 3366 studium
919 3303 1018 3364 tuum
1037 3293 1082 3366 de
1108 3313 1151 3366 eo
1174 3293 1272 3388 quod
1291 3293 1338 3366 ad
1360 3293 1563 3367 mandatnm
1584 3305 1738 3368 nostrum
1764 3295 1946 3390 pecumm

536 3414 717 3504 assignasti
730 3415 771 3486 Η.
787 3413 913 3488 Abbati
927 3413 1018 3488 fideti
1030 3424 1145 3488 nostro
1161 3413 1207 3486 ad
1223 3425 1376 3488 noscam
1387 3417 1522 3488 curiam
1535 3415 1770 3507 deferendam,
1784 3427 1821 3490 et
1834 3419 1950 3512 placet

535 3537 635 3610 nobis
651 3545 690 3610 nt
702 3537 885 3633 pecuniam
899 3537 1144 3631 undecumque
1160 3546 1258 3634 potes
1277 3536 1418 3610 studeas
1432 3537 1589 3610 invenire
1608 3540 1731 3612 nostris
1746 3541 1947 3634 sumptibus

535 3669 751 3756 oportunam.
773 3662 882 3756 Super
899 3661 1058 3756 capitulis
1077 3681 1162 3734 veru
1181 3661 1251 3732 tuis
1274 3659 1400 3732 lictoris
1425 3661 1640 3753 interclusis,
1665 3661 1864 3756 singillatim
1885 3661 1948 3733 tibi

535 3783 581 3858 ad
598 3784 713 3857 omnia
726 3782 987 3878 respondemus.
1005 3783 1119 3856 Primo
1136 3783 1182 3856 de
1201 3783 1353 3856 tertiaria
1366 3783 1589 3856 subactionis
1606 3785 1809 3858 vidualium
1825 3805 1946 3880 recep·

535 3917 648 3980 torum
664 3905 796 3979 dudum
813 3929 834 3980 a
850 3905 1009 3980 fidelibus
1026 3907 1152 3978 nostris
1168 3905 1214 3978 de
1228 3925 1353 4000 regno,
1375 3907 1485 4000 placet
1502 3907 1605 3980 nobis
1625 3917 1665 3980 ut
1684 3909 1775 3980 sicut
1788 3927 1849 4002 per
1862 3908 1950 3979 alias

534 4031 669 4102 licteras
694 4041 828 4104 nostrus
853 4029 916 4102 tibi
942 4037 978 4100 et
1003 4029 1080 4102 aliis
1106 4027 1313 4102 officialibus
1341 4029 1466 4102 nostris
1487 4029 1626 4104 statutis
1650 4049 1755 4124 snper
1779 4031 1949 4123 portubus

533 4153 658 4225 nostris
678 4151 922 4224 mandavimus
945 4151 1220 4240 observandum,
1240 4152 1400 4245 quintam
1421 4161 1555 4247 partem
1573 4161 1705 4224 tantum
1729 4151 1891 4246 recipias.
1910 4153 1948 4224 ln

533 4274 599 4350 boc
614 4275 706 4348 enim
722 4273 859 4347 utilitati
879 4273 1034 4347 fidelium
1048 4283 1241 4348 nostrornm
1259 4273 1411 4367 benigne
1425 4273 1660 4370 providimus,
1679 4293 1830 4367 quorum
1843 4295 1949 4346 cour-

533 4399 635 4472 moda
652 4399 775 4470 nostris
793 4391 986 4472 accrescere
1008 4395 1311 4469 commoditatibus
1325 4407 1539 4492 reputemus.
1555 4397 1607 4470 De
1620 4395 1827 4469 victualibus
1850 4397 1948 4469 curie

533 4531 647 4595 nostre
663 4533 731 4594 tem
744 4521 789 4594 de
803 4521 973 4614 portubus
992 4541 1098 4613 quam
1115 4517 1160 4592 de
1175 4517 1362 4613 ginnonis,
1379 4517 1491 4612 placet
1515 4518 1616 4591 nobis
1631 4527 1671 4590 ut
1688 4519 1772 4612 quia
1788 4527 1946 4590 moratus

533 4645 644 4718 tidelis
667 4654 781 4716 noster
803 4643 885 4716 iecit
903 4643 1031 4716 muniri
1053 4651 1163 4716 metra
1184 4650 1300 4716 nostra
1318 4641 1471 4736 ipsarum
1489 4641 1661 4737 partium,
1681 4641 1756 4735 ipse
1776 4639 1947 4714 victualia
