4262 5910
1029 646 1243 708 raroaurcr
1267 649 1440 710 saeuum
1752 646 1933 730 [tralata.

734 899 1150 916 ——n-m-nn-—u—--m-
1158 905 1177 914 ..ι
1185 898 1732 912 nunu-affluu--U-.--

329 1144 492 1242 „mm
581 1120 741 1204 Litterae
765 1123 1002 1232 responsales
1029 1125 1078 1207 ad
1107 1137 1293 1209 secretum
1319 1126 1512 1210 Messanae
1535 1126 1641 1236 quod
1670 1151 1710 1208 se
1736 1125 1934 1208 contulerit

466 1307 471 1316 ·
527 1251 741 1336 Messanam
760 1257 810 1337 ad
828 1257 1088 1340 executionem
1103 1260 1242 1342 servitii
1264 1259 1336 1342 sibi
1354 1259 1564 1364 commissi,
1579 1259 1628 1340 de
1647 1257 1806 1340 astracis
1822 1257 1932 1338 castri

525 1381 673 1493 Rosea,
693 1387 742 1468 de
755 1388 920 1471 mcuhus
938 1391 1051 1472 castri
1071 1379 1291 1498 Cusentiae,
1310 1393 1359 1474 dc
1376 1392 1599 1500 reparandis
1620 1389 1801 1472 aedificiis
1822 1389 1933 1472 castri

525 1517 740 1626 Neocastri‚
765 1521 813 1602 de
834 1520 1055 1640 hominibus
1076 1523 1215 1606 Montis
1244 1523 1400 1626 Leonis,
1429 1525 1478 1604 de
1504 1522 1760 1632 recolligendo
1782 1522 1931 1605 residuo

525 1653 721 1759 quondam
750 1654 927 1737 Matthaei
953 1655 1211 1764 Marcalabue,
1242 1657 1290 1739 de
1313 1657 1478 1738 defensis
1500 1671 1538 1739 et
1563 1657 1657 1738 locis
1686 1655 1928 1761 solatiorum,

524 1783 711 1866 derebus
735 1785 870 1896 legatis
893 1787 943 1870 ab
970 1789 1249 1898 archiepiscopo
1271 1789 1523 1895 llussanensi‚
1550 1790 1598 1872 de
1624 1787 1823 1870 Saracenis
1847 1779 1929 1870 Loss

524 1915 644 1998 cariae
669 1928 706 1999 et
729 1919 926 2027 Girolalei‚
954 1921 1001 2002 dc
1019 1921 1145 2028 porcis
1171 1923 1318 2028 curiae,
1342 1923 1390 2004 de
1419 1921 1614 2030 quaternis
1641 1923 1839 2030 quondam
1863 1946 1928 2002 se-

523 2049 637 2157 creti,
672 2051 720 2132 de
755 2051 896 2133 vicano
936 2053 1149 2160 ammirati,
1181 2055 1229 2136 de
1265 2053 1425 2163 pecunia
1451 2081 1474 2135 a
1503 2054 1689 2138 Matthaeo
1717 2051 1929 2137 Marcalulta

523 2191 697 2264 mutuata
714 2181 982 2293 recolligenda.

605 2361 732 2443 (chest.
745 2363 847 2442 imper.
860 2361 980 2424 Freder.
997 2363 1040 2438 11,
1057 2363 1109 2426 lol.
1129 2373 1166 2424 st
1182 2380 1282 2438 verso;
1297 2367 1329 2424 ln
1340 2365 1412 2426 edit.
1429 2365 1565 2444 Curcum,
1579 2381 1611 2442 p.
1626 2363 1711 2442 aad.)

571 2515 618 2582 De
636 2513 806 2605 imperiali
820 2515 976 2586 mundato
992 2515 1126 2607 scripsit
1141 2515 1181 2588 G.
1201 2513 1241 2584 dc
1257 2515 1415 2586 Gsaeate'o
1431 2515 1656 2607 responsales:

570 2635 788 2725 Frederiens,
812 2645 897 2728 etc,
924 2639 1043 2728 Majori
1066 2637 1112 2710 de
1134 2637 1340 2710 Plancatone
1362 2646 1494 2710 secreto
1519 2637 1695 2724 Messene,
1726 2645 1794 2710 etc.
1822 2637 1926 2708 Beni-

521 2759 651 2852 gnitate
675 2769 773 2852 grata
797 2761 989 2856 recepimus
1016 2759 1151 2832 lieteras
1174 2770 1209 2832 et
1235 2761 1387 2856 capitula
1412 2781 1484 2854 que
1509 2771 1626 2834 nostro
1652 2761 1795 2832 culmini
1819 2758 1927 2833 desti-

521 2882 628 2976 nasti,
649 2893 715 2955 etc.
731 2882 835 2967 Quod
850 2892 966 2956 autem
989 2881 1190 2976 significasti
1210 2895 1245 2956 te
1262 2893 1401 2980 recepto
1422 2905 1520 2956 sacro
1536 2882 1700 2956 mandato
1725 2893 1926 2978 nocuoque

520 3004 583 3077 tibi
611 3005 761 3078 officium
793 3005 936 3078 secretio
966 3005 1217 3096 commisimus,
1247 3006 1425 3079 confestim
1453 3007 1650 3079 Cusentiam
1682 3005 1868 3078 contulisse
1893 3014 1925 3076 et

520 3139 722 3222 expectasse
744 3128 793 3199 ibi
815 3128 1002 3202 Iordanum
1020 3129 1249 3224 Filangerinm
1269 3151 1289 3202 a
1309 3139 1410 3226 porta
1425 3131 1558 3222 Roseti,
1579 3140 1645 3202 ete.
1669 3127 1732 3224 (a),
1754 3137 1793 3200 ut
1815 3149 1923 3200 coram

521 3271 563 3324 eo
583 3251 672 3324 sicut
692 3251 753 3322 tibi
775 3259 811 3323 et
830 3251 896 3324 sibi
914 3253 1071 3324 misimus
1094 3263 1262 3348 prestares
1284 3253 1388 3326 officii
1404 3254 1660 3343 juramentum,
1679 3261 1714 3324 et
1734 3251 1818 3344 quia
1835 3250 1922 3323 idem

520 3373 692 3446 Jordauus
704 3393 835 3446 moram
849 3373 885 3444 in
898 3375 1072 3448 veniendo
1086 3374 1261 3465 trahebat,
1276 3384 1310 3448 et
1324 3387 1358 3448 te
1371 3375 1472 3470 plora
1482 3373 1621 3448 servitia
1634 3383 1749 3446 nostm
1763 3393 1924 3467 expresse

520 3497 556 3568 in
577 3497 729 3569 Siciliam
744 3497 954 3590 evocabant,
974 3499 1021 3572 ad
1041 3500 1282 3572 executionem
1299 3499 1517 3571 servitiomm
1536 3498 1689 3592 ipsorum
1705 3507 1739 3567 te
1754 3495 1923 3569 contulisti

519 3620 732 3712 Messanam,
762 3629 898 3715 matum
925 3621 1085 3696 ducimus
1109 3631 1144 3694 et
1168 3631 1262 3694 tuam
1286 3620 1368 3694 inde
1392 3621 1605 3714 diligentiam
1630 3617 1920 3692 commendamus.

520 3743 622 3827 Quod
644 3755 758 3818 autem
774 3755 908 3818 astraea
925 3745 1026 3817 castri
1043 3746 1150 3818 nostri
1165 3745 1301 3833 lloseti,
1321 3765 1391 3840 que
1408 3765 1471 3840 pro
1487 3765 1529 3816 eo
1546 3741 1642 3836 quod
1657 3743 1748 3814 sicut
1761 3742 1922 3836 scripsisti

520 3887 568 3939 ex
582 3866 677 3938 omni
690 3877 786 3962 parte
802 3867 936 3962 equalia
950 3877 1060 3958 erant,
1082 3867 1242 3961 pluvialis
1257 3887 1349 3960 aqua
1366 3865 1451 3938 dam
1467 3865 1649 3938 decursum
1667 3885 1728 3960 per
1742 3883 1784 3935 ea
1798 3861 1923 3934 habere

520 4009 590 4062 non
623 3999 756 4082 poterat
786 3990 987 4084 penetrabat
1018 3991 1054 4061 in
1086 3989 1353 4064 destructionem
1385 3989 1599 4084 picturarum
1630 3996 1665 4058 et
1698 3985 1920 4079 lignaminum

519 4111 737 4204 eommdem,
760 4133 808 4184 ex
830 4133 899 4184 una
921 4121 1017 4208 parte
1036 4113 1118 4185 lacis
1141 4113 1242 4185 altius
1262 4113 1406 4204 elevari,
1432 4123 1471 4184 ut
1494 4110 1579 4184 dum
1600 4109 1719 4204 pluvia
1739 4106 1919 4179 decursum

518 4237 694 4328 habuerit,
722 4237 863 4308 astracis
887 4237 972 4330 ipsis
994 4258 1065 4308 non
1083 4237 1206 4310 inierat
1221 4237 1407 4326 lesionem,
1431 4245 1466 4308 et
1488 4234 1584 4329 quod
1602 4233 1638 4303 iu
1662 4231 1813 4303 arcubus
1837 4248 1920 4322 quos

518 4359 681 4433 invenisti
690 4361 725 4432 in
738 4369 849 4433 castro
863 4369 979 4432 nostro
989 4359 1148 4432 Cusentie
1159 4360 1342 4450 laboratos,
1356 4361 1437 4452 quia
1451 4359 1583 4429 nullum
1594 4350 1920 4448 tegimenhabehant

518 4479 612 4571 quod
630 4499 689 4552 eos
707 4500 728 4550 a
746 4480 866 4574 pluvia
882 4479 1083 4552 devastante
1101 4477 1318 4568 detenderet,
1338 4475 1485 4550 statuisti
1503 4484 1542 4546 ut
1557 4471 1603 4546 de
1619 4470 1759 4546 residuo
1774 4467 1918 4564 pecunie

560 4621 602 4701 (a)
623 4623 827 4686 Vertdmtllter
840 4622 1074 4684 subaudtendum
1086 4639 1106 4682 a
1113 4627 1203 4700 perta
1215 4621 1311 4682 florea
1325 4625 1353 4680 et
1362 4635 1419 4699 per
1433 4625 1522 4680 totam
1534 4613 1665 4678 Siciliam
1679 4611 1916 4692 mactmus·

516 4729 900 4810 titteriumeteapitaaeum.
