4350 5922
222 617 320 676 lanicr.
340 610 400 693 lo]
670 606 860 668 HISTORIA
887 593 1177 667 ntrtoltalttn

908 881 927 888 ι.
939 875 1187 888 --na--a---u-n-——u
1193 870 1394 882 anonam-«n.-

276 1188 504 1294 Fridericus,
533 1187 791 1270 Romanorum
815 1187 1034 1294 imperator,
1055 1183 1282 1268 monasterio
1300 1183 1348 1264 de
1367 1181 1625 1264 Seitenstetten
1678 1197 1788 1294 vrillb
1797 1281 1803 1304 ι

226 1318 463 1428 privilegium
486 1347 509 1402 a
532 1319 716 1428 Luipoldo
739 1319 913 1401 Austriae
935 1329 972 1400 et
994 1318 1138 1426 Styriee
1163 1318 1259 1398 duce
1280 1315 1402 1396 eidem
1426 1315 1626 1398 conventui

225 1450 415 1534 indultum
440 1453 488 1534 de
510 1451 810 1534 restitutionibus
837 1461 875 1532 et
897 1449 1247 1533 confirmationibus
1274 1448 1414 1530 ibidem
1441 1447 1625 1556 expressis

226 1607 325 1666 anno
347 1585 464 1691 1205,
486 1594 641 1666 renovat
657 1595 695 1666 et
712 1583 922 1666 confirmat.

1705 1305 1777 1359 aprill.

302 1793 404 1874 (satu.
420 1795 585 1884 Boanum,
600 1793 770 1872 Arctiosatr
784 1791 953 1860 Gucbicltte,
970 1789 1119 1870 saturet,
1134 1799 1204 1866 etc,
1220 1809 1289 1852 anu.
1310 1800 1397 1863 tuat,
1412 1809 1442 1870 p.
1459 1789 1542 1870 tot.)

271 1979 481 2068 Fridericus‚
501 1979 563 2050 Dei
581 1980 690 2072 gratia
703 1981 932 2051 Romanorum
948 1978 1131 2072 imperator
1143 1997 1278 2071 semper
1294 1985 1473 2070 augustus,
1488 1979 1627 2050 Jerusa-

224 2103 290 2174 lem
316 2111 353 2173 et
369 2103 483 2174 Sicilie
503 2123 582 2175 rex.
603 2101 776 2175 Suadente
798 2101 973 2194 religionis
992 2101 1085 2172 cultu
1109 2111 1223 2172 nostra
1244 2100 1427 2172 clementer
1453 2101 1628 2173 inducitur

224 2224 391 2297 celsitudo
415 2234 454 2295 ut
470 2225 537 2320 piis
556 2225 793 2316 religiosorum
817 2223 1039 2319 petitionibus
1061 2223 1291 2294 favorabiliter
1313 2245 1518 2296 annuamus.
1542 2225 1628 2296 Hinc

223 2348 382 2442 estquod
398 2359 514 2420 tenore
532 2349 738 2443 presentium
755 2357 872 2418 notum
886 2346 957 2418 lieri
974 2348 1133 2418 volumus
1151 2346 1320 2417 universis
1337 2346 1432 2439 quod
1449 2349 1567 2420 fratres
1583 2347 1628 2420 da

223 2474 430 2544 Sitensteten
443 2471 559 2544 fideles
573 2472 678 2544 nostri
692 2479 930 2566 presentarunt
941 2479 1054 2542 nostre
1064 2470 1158 2540 curris
1167 2469 1344 2562 quoddam
1359 2471 1521 2564 scriptum
1533 2471 1628 2564 quod

223 2598 351 2669 eclare
369 2596 533 2667 memorie
549 2594 717 2688 Luipoldo
740 2593 916 2686 quondam
939 2594 1027 2666 duce
1042 2593 1179 2664 Austrie
1198 2592 1280 2686 ipsis
1294 2593 1360 2664 luit
1374 2595 1555 2666 clementer
1574 2595 1628 2666 in-

225 2718 374 2808 dultum,
388 2719 562 2791 serenitati
575 2727 690 2790 nostre
703 2717 880 2789 humiliter
894 2717 1127 2811 supplicantes
1138 2727 1310 2808 quatenus
1323 2717 1452 2789 dictum
1461 2719 1626 2812 scriptum

224 2842 390 2914 innovare
408 2849 443 2913 et
460 2841 504 2915 de
523 2853 639 2914 nostra
657 2840 859 2914 confirmare
877 2840 1054 2913 clementie
1069 2838 1309 2932 dignaremur;
1326 2843 1425 2933 cujus
1441 2853 1536 2914 tenor
1552 2843 1628 2912 talis

224 2975 274 3038 est
296 2991 305 3034 ε

265 3087 580 3160 lnnomineaancte
591 3100 626 3158 et
637 3086 1010 3160 individue'l'rinitatis.
1021 3085 1279 3180 Luipoldusllei
1291 3087 1399 3180 gratie
1411 3087 1630 3162 duxAustrie

226 3217 259 3281 et
275 3211 390 3304 Styrie
408 3211 580 3282 universis
594 3210 717 3282 Christi
732 3209 892 3283 fidelibus
909 3219 976 3282 tam
995 3210 1210 3304 presentibus
1227 3232 1330 3304 quam
1348 3212 1471 3283 suturis
1485 3214 1629 3284 salutem

227 3332 261 3403 iu
277 3343 497 3427 perpetuum.
512 3333 600 3418 Quia
617 3334 729 3404 omnis
741 3342 890 3428 potestas
901 3344 953 3406 est
964 3355 985 3403 a
997 3333 1069 3404 Deo
1086 3333 1146 3426 qui
1161 3333 1240 3428 pius
1255 3343 1306 3404 est
1325 3344 1360 3405 et
1371 3337 1498 3426 justus,
1520 3357 1581 3407 nos
1596 3347 1630 3407 et

227 3475 345 3528 omnes
367 3456 429 3549 qui
446 3456 583 3551 abipso
600 3458 762 3549 majorem
783 3457 872 3528 inter
892 3456 1048 3527 homines
1068 3465 1265 3551 potestatem
1279 3459 1493 3552 accepimus,
1516 3460 1630 3553 ipsum

228 3602 470 3675 recognoscere
497 3593 531 3652 et
554 3581 600 3654 ad
622 3603 702 3654 eum
720 3582 890 3676 respicere
906 3601 1115 3676 magnopere
1134 3580 1300 3654 debemus
1319 3585 1409 3654 utin
1431 3585 1506 3677 ipso
1520 3594 1555 3656 et
1571 3607 1632 3678 par

229 3703 340 3797 ipsum
364 3706 533 3797 justitiam
554 3717 588 3778 et
616 3705 882 3777 misericordiam
912 3714 1151 3776 conservantes
1176 3707 1250 3796 ejus
1277 3727 1410 3799 semper
1437 3708 1633 3778 muniamur

228 3828 359 3898 auxilio
382 3837 416 3900 et
435 3829 480 3900 ab
502 3849 544 3900 eo
561 3851 738 3922 nunquam
757 3829 792 3900 in
817 3837 1020 3922 perpetuum
1041 3848 1250 3922 separemur.
1273 3830 1487 3923 Quapropter
1512 3851 1574 3903 nos
1599 3842 1633 3902 et

229 3970 347 4022 omnes
362 3962 521 4044 parentes
538 3952 644 4023 nostri
662 3962 699 4023 ut
717 3951 871 4022 omnium
891 3959 1106 4046 peccatorum
1123 3961 1315 4023 nostrorum
1338 3952 1571 4024 remissionem
1588 3955 1633 4025 ab

230 4074 451 4168 omnipotenti
465 4076 537 4147 Deo
550 4095 813 4169 consequamur,
830 4073 1073 4146 decimationes
1089 4074 1184 4168 apud
1201 4075 1388 4167 Sunilburg
1402 4073 1454 4170 (t)
1473 4077 1634 4148 tratribus

231 4194 275 4266 ds
288 4198 491 4268 Sitansteten
504 4198 637 4288 jamdiu
655 4199 780 4290 injuste
792 4199 923 4270 ablatas
935 4198 1047 4271 eidem
1057 4199 1263 4271 monasterio
1275 4198 1398 4273 devota
1412 4209 1524 4272 mente
1539 4200 1633 4272 resti·

231 4325 377 4409 tuentes,
393 4321 534 4414 longam
549 4320 707 4412 injuriam
722 4321 767 4394 ad
780 4323 965 4416 equitatem
984 4343 1146 4394 revocare
1159 4322 1358 4395 curavimus
1373 4333 1407 4394 et
1420 4334 1557 4418 propter
1570 4345 1632 4395 ve-

232 4441 414 4514 nerabilem
440 4443 594 4534 ejusdem
620 4444 686 4516 loci
710 4445 869 4518 abbatam
894 4444 1010 4517 omnia
1034 4466 1104 4540 que
1121 4447 1176 4518 vel
1191 4467 1254 4518 nos
1273 4447 1330 4518 vel
1348 4457 1505 4541 parentes
1528 4448 1633 4518 nostri
1726 4523 1738 4539 „

268 4691 304 4764 (l)
323 4693 408 4752 Locus
421 4694 488 4753 situs
498 4695 576 4768 juxta
594 4695 716 4754 Wuttm.
