4246 5906
491 561 553 622 see
992 567 1208 632 retonare}
1232 569 1407 632 sncunnr
1717 568 1798 648 [aa
1816 567 1903 630 rare.

491 719 632 778 conum
649 691 875 778 Patauinum
891 707 929 782 et
946 697 1165 811 Philippum
1182 703 1232 786 de
1248 701 1395 788 maio
1415 702 1465 786 de
1489 699 1605 784 rebus
1622 701 1664 782 in
1678 699 1905 784 Alamannia

491 827 623 937 gestis,
643 829 845 938 praecipue
862 856 911 914 ne
927 831 1008 916 dux
1021 834 1198 920 Ananiae
1214 863 1305 936 cunr
1322 835 1550 946 imperatore
1564 833 1905 918 reconciliationem

491 969 594 1070 agat.

575 1183 708 1262 OEdtder.
724 1184 889 1260 tum..
903 1187 1046 1270 aalma
1060 1187 1131 1252 Alb.
1149 1189 1237 1272 Boia,
1248 1209 1298 1270 ap.
1312 1191 1479 1266 OEmu,t.
1493 1192 1526 1268 1,
1539 1208 1572 1270 p.
1587 1197 1662 1266 ⁷⁹⁰3
1673 1189 1863 1268 -Ηῠηιι,
1875 1191 1906 1250 in

610 1289 823 1352 atterartutm
838 1295 937 1354 mdo
948 1313 1004 1358 corr
1016 1297 1180 1378 Stettpart,
1193 1304 1218 1360 t.
1230 1299 1315 1372 ΧΠ,
1329 1315 1361 1376 p.
1377 1296 1422 1377 a.)

540 1485 726 1580 Gregorius
735 1485 931 1582 episeopus,
943 1509 1067 1562 servus
1079 1511 1259 1564 servornm
1268 1491 1345 1584 Dei,
1357 1485 1904 1582 dilectisliliismagistrisdlhertu

491 1609 736 1685 archidiacono
752 1611 921 1684 Patauino
934 1623 968 1686 et
984 1613 1145 1711 Philippo
1162 1610 1370 1713 [Assisinati]
1383 1613 1507 1686 nuntio
1521 1623 1638 1686 noetm
1655 1613 1691 1683 in
1705 1611 1904 1684 Alamannia

490 1735 637 1810 moranti
655 1735 803 1809 salutem
824 1745 860 1808 et
881 1738 1106 1832 apostolicam
1130 1739 1420 1813 benedictionem.
1444 1738 1587 1810 Miratur
1604 1739 1743 1810 danem
1763 1755 1907 1806 venam·

492 1859 597 1930 bilem
609 1861 651 1931 E.
661 1857 961 1954 archiepiscopum
973 1861 1275 1956 salzburgensem,
1291 1883 1371 1935 cum
1382 1863 1558 1935 Romanae
1570 1859 1906 1934 eeclesiaehonorem

491 1983 676 2055 observare
692 1984 888 2076 iuramento
901 1985 946 2058 eit
962 1985 1159 2078 adstrictus,
1181 1985 1307 2060 ducem
1325 1985 1485 2059 austriae
1499 1985 1723 2059 reconciliare
1737 1981 1906 2054 Friderioo

491 2107 688 2202 imperatori
701 2127 936 2202 perseverare.
952 2107 1056 2182 lubet
1070 2109 1139 2181 illis
1153 2131 1235 2182 eum
1253 2109 1483 2198 admoneant,
1503 2107 1666 2198 desistat,
1681 2123 1743 2180 aut
1758 2125 1904 2178 excom-

490 2230 682 2304 mnnioent.

540 2351 738 2454 [Laterani],
759 2355 806 2425 tx
824 2353 991 2428 kalendas
1007 2356 1219 2446 decembris,
1240 2355 1458 2452 pontificatus
1474 2377 1565 2430 anno
1582 2357 1672 2428 Xlll.

502 2503 504 2510 ⁴
539 2481 741 2573 Gregorius,
765 2499 889 2551 servus
913 2501 1093 2553 servornm
1116 2481 1197 2572 Dei,
1220 2481 1380 2570 alberto,
1401 2493 1467 2553 etc.
1491 2481 1658 2553 Memorat
1678 2476 1849 2551 beneficia
1872 2477 1907 2548 in

492 2603 706 2676 Friderioum
722 2602 940 2676 Austriacnm
954 2625 976 2676 a
992 2625 1073 2698 rege
1083 2604 1270 2678 Bohemiao
1287 2604 1334 2678 ad
1350 2605 1548 2678 instantiam
1561 2625 1660 2677 snam
1675 2603 1807 2675 collata.
1824 2600 1908 2673 Cum

492 2727 585 2800 enim
612 2727 658 2798 ab
683 2727 888 2820 imperatore
911 2727 1073 2800 omnibns
1096 2727 1195 2802 terris
1214 2729 1383 2824 spoliatus
1405 2729 1524 2820 luerit,
1549 2749 1614 2800 rex
1635 2727 1795 2800 Boemiae
1809 2728 1909 2818 jussu

493 2873 606 2948 papae
628 2850 865 2924 adiuiteidem
889 2851 1045 2941 auxilio,
1067 2851 1226 2925 subsidia
1248 2852 1406 2948 praebuit
1422 2852 1535 2926 donec
1555 2851 1767 2946 recuperarit
1787 2860 1905 2921 terrae.

493 2977 636 3050 Miratur
657 2975 762 3070 igitur
777 2973 872 3068 (curn
891 2974 985 3048 idem
1008 2974 1086 3046 dux
1110 2985 1180 3048 toto
1196 2997 1298 3072 posse
1314 2977 1512 3070 juramento
1526 2975 1687 3071 praestito
1706 2973 1773 3046 sibi
1788 2973 1911 3046 adesse

495 3101 621 3175 debeat
634 3109 669 3173 et
685 3102 863 3193 negotium
877 3099 971 3194 quod
989 3101 1064 3194 ipse
1074 3101 1172 3173 novit
1186 3099 1239 3195 (t)
1256 3121 1336 3172 cnm
1352 3101 1430 3174 aliis
1448 3100 1583 3174 devotis
1596 3099 1770 3172 Ecclesiae
1782 3097 1910 3193 prinoi-

493 3226 598 3321 pibns
611 3245 814 3320 promovere
830 3233 1039 3318 neptemque
1052 3245 1152 3296 suam
1168 3223 1240 3295 filio
1253 3225 1345 3318 regis
1357 3226 1517 3298 Bormiae
1533 3223 1707 3320 copulare)
1722 3221 1910 3316 ingratitu-

494 3349 612 3422 dinem
626 3351 701 3442 ejus
717 3349 753 3419 in
770 3369 841 3442 quo
859 3369 998 3421 omnem
1021 3369 1118 3443 spem
1139 3347 1296 3420 collocat.
1315 3349 1419 3420 lubet
1431 3347 1593 3422 eumdem
1612 3347 1817 3437 admoneat,
1837 3367 1910 3419 rem

496 3473 667 3570 perficiat,
685 3485 745 3546 aut
763 3471 988 3545 interdicatur
1006 3481 1113 3562 terra,
1131 3472 1206 3566 ipse
1221 3473 1552 3544 excommunicetur.

545 3593 741 3694 [Laterani],
755 3597 803 3668 tx
818 3596 981 3668 calendas
999 3595 1206 3684 decembrio,
1225 3597 1273 3667 ll.
1291 3595 1352 3668 CC.
1374 3597 1518 3668 xxxtx
1529 3595 1601 3692 (a).
1620 3595 1720 3669 Vetat
1734 3605 1911 3691 praeterea

497 3721 748 3816 nequidquam
761 3720 946 3792 Bohemiae
962 3729 1022 3792 aut
1042 3719 1218 3792 Moraviae
1233 3721 1314 3790 mali
1332 3719 1511 3814 adjungat.

544 3847 674 3916 Extant
687 3845 775 3916 aliae
787 3842 943 3936 ejusdem
956 3843 1071 3937 Papae
1086 3843 1218 3915 litterae
1235 3843 1367 3915 eisdem
1384 3843 1524 3916 Alberto
1538 3853 1573 3916 et
1586 3843 1742 3939 Philippo
1760 3842 1910 3915 directae

497 3991 577 4042 curn
595 3969 684 4041 notis
706 3967 956 4060 chronologicis
973 3965 1124 4054 eisdem,
1146 3968 1274 4060 quibus
1286 3967 1338 4038 eis
1355 3967 1497 4040 mandat
1513 3977 1553 4038 ut
1568 3967 1605 4038 vi
1627 3967 1910 4040 exeommunica-

497 4093 601 4165 tionis
613 4093 783 4188 praelatos
796 4091 985 4163 Teutoniae
997 4101 1134 4182 cogant,
1152 4089 1214 4182 qui
1231 4091 1267 4160 in
1282 4089 1520 4165 denuntianda
1531 4091 1607 4164 sive
1619 4089 1831 4186 publicanda
1844 4090 1909 4162 lata

498 4226 617 4290 contra
629 4215 842 4289 Friderioum
857 4213 1036 4310 quondam
1055 4214 1296 4308 imperatorem
1312 4213 1679 4288 excommunicationis
1691 4213 1860 4288 sententia
1870 4233 1906 4284 se

541 4403 583 4484 (a)
605 4407 640 4467 ln
653 4406 796 4482 lmpresso
808 4402 853 4466 ld.
866 4401 925 4464 GC.
937 4401 1071 4474 XXXIV,
1087 4401 1175 4463 male.

519 4575 553 4583 ..n
561 4575 654 4584 ..ι-ι..-
936 4573 1051 4582 ..-....-.
1245 4563 1902 4579 Quantum-m-

534 4678 570 4750 (t)
589 4676 696 4736 Scilicet
707 4677 742 4736 de
753 4675 882 4736 electione
895 4676 957 4734 novi
970 4677 1151 4734 Romanorum
1163 4674 1244 4748 regn.
