4224 5898
494 505 556 576 aaa
992 501 1205 568 rnrnnarm
1230 503 1404 568 suanum
1717 502 1796 588 [aas.
1815 503 1902 568 rasa.

479 641 690 734 subjacere,
717 647 753 712 et
782 657 903 725 eurum
927 638 1094 728 amsallos
1125 648 1161 712 et
1185 659 1305 714 servus
1333 637 1362 712 si
1392 635 1564 714 mandatis
1599 637 1837 736 imperialibus
1864 661 1903 714 se

493 763 679 840 obtulerint
708 761 897 858 parituros,
924 760 1108 854 cujuslibet
1139 759 1374 844 fidelitatiaet
1399 760 1575 836 servitutis
1605 761 1710 836 modu
1744 783 1815 858 quc
1851 762 1902 836 eis

492 895 689 962 crematur
711 885 852 960 omnino
877 882 1115 974 absolvimus,
1137 893 1183 972 ¹ut
1208 885 1259 960 eis
1284 884 1330 965 de
1353 893 1467 974 cetero
1488 884 1616 958 unibus
1640 883 1813 960 fidelitatis
1843 887 1901 962 vel

476 1008 852 1090 ,conditionisuinculo
874 1007 944 1082 sint
963 1007 1139 1101 adstricb';
1157 1029 1200 1083 ac
1215 1010 1310 1106 ipsos
1331 1007 1524 1104 proditores
1549 1029 1740 1106 eorumque
1764 1008 1852 1084 lilios
1868 1019 1904 1084 et

490 1152 659 1226 sequaces
674 1139 779 1225 atque
804 1130 986 1215 universos
1002 1129 1065 1224 qui
1088 1131 1265 1226 potestatis
1281 1138 1317 1202 et
1336 1127 1527 1205 communis
1543 1129 1679 1204 verone
1695 1149 1766 1204 non
1780 1137 1903 1226 parent

490 1253 662 1350 preceptis
687 1261 722 1326 et
744 1261 844 1339 extra
862 1253 1038 1333 civitaten
1057 1253 1192 1329 Verona
1214 1262 1393 1328 morantur
1414 1251 1686 1328 adsentantium
1708 1252 1900 1328 sanandam

479 1373 729 1458 communitati
743 1385 779 1448 et
797 1375 990 1454 intrinsecis
1010 1376 1211 1468 delemus,
1230 1379 1325 1452 omni
1341 1377 1487 1468 honore,
1500 1376 1595 1450 omni
1612 1375 1767 1450 dominio
1782 1375 1902 1450 omni·

490 1521 561 1596 que
584 1497 826 1593 jurisdictione
855 1521 962 1594 quam
985 1499 1176 1577 obtinerent
1193 1501 1251 1576 vel
1278 1499 1491 1586 obtinuerint
1515 1499 1562 1574 ab
1583 1499 1729 1595 imperio
1755 1499 1832 1574 sive
1856 1499 1902 1572 ab

489 1623 566 1696 nbis
577 1624 644 1719 qui
653 1632 850 1720 spectarent
862 1624 909 1698 ad
920 1623 1103 1720 imperium
1116 1623 1293 1720 privamus
1303 1633 1339 1698 et
1352 1624 1489 1720 penitam
1503 1623 1705 1719 spoliamus,
1718 1644 1762 1697 ac
1777 1631 1902 1695 cuncta

489 1767 610 1824 eorum
631 1747 726 1820 buna
750 1755 785 1820 et
815 1746 1048 1841 possessiones
1081 1747 1292 1842 ubicumque
1312 1747 1439 1820 luerint
1463 1768 1534 1842 qne
1558 1768 1580 1820 a
1611 1745 1760 1819 dominis
1782 1753 1902 1818 tenent

488 1869 526 1942 in
544 1891 604 1944 eos
619 1869 781 1954 dominos
802 1869 928 1956 reverti
948 1869 1169 1965 precipimus,
1187 1879 1221 1944 et
1235 1891 1305 1964 que
1320 1871 1367 1944 ab
1391 1870 1549 1966 imperio,
1575 1869 1746 1966 imperiali
1766 1889 1901 1942 camere

487 1989 735 2084 coniiscamns3
751 1991 994 2064 itautnullum
1008 1991 1175 2068 decetem
1187 1993 1320 2088 possint
1333 1992 1745 2089 babereregressumniei
1759 1991 1899 2064 bincad

487 2123 565 2188 octo
589 2113 666 2190 dies
693 2115 872 2210 proximos
894 2116 1035 2190 veniant
1051 2115 1222 2212 preceptis
1240 2111 1478 2212 imperialibus
1493 2125 1528 2190 et
1543 2136 1686 2190 suorum
1700 2115 1898 2188 nuntiorum

487 2237 632 2316 obedire
646 2239 773 2334 parati,
793 2239 1005 2334 ubicumque
1019 2239 1206 2336 imperialis
1223 2243 1385 2334 majestas
1401 2243 1459 2314 vel
1479 2241 1555 2332 ejus
1569 2239 1682 2311 nuntii
1698 2237 1847 2312 aderunt
1862 2238 1897 2310 in

488 2369 560 2436 tota
574 2362 773 2439 monarchia
789 2364 845 2436 vel
862 2364 966 2439 etiam
983 2362 1201 2450 lombardia.
1217 2363 1260 2436 tlt
1274 2362 1370 2458 quod
1390 2383 1532 2466 presens
1552 2361 1721 2436 sententia
1738 2381 1783 2434 err
1804 2381 1898 2434 nunc

488 2485 595 2558 robur
608 2484 772 2580 suscipiat
791 2484 974 2576 firmitatis,
995 2495 1113 2589 contra
1138 2486 1319 2560 universus
1338 2496 1373 2560 et
1389 2487 1544 2580 singulos
1561 2485 1623 2580 qui
1639 2491 1897 2580 perseuerantes

488 2607 670 2694 intentam
689 2609 941 2682 contumaciam
959 2609 1041 2680 hinc
1056 2608 1102 2682 ad
1126 2607 1300 2703 prefixum
1319 2610 1504 2691 terminum
1519 2630 1588 2683 non
1606 2609 1766 2682 venerint
1783 2607 1897 2680 mani-

489 2731 558 2801 turi
576 2729 666 2826 (sic),
683 2730 825 2826 insuper
843 2733 1005 2807 universa
1030 2739 1152 2823 castra,
1166 2733 1279 2824 villas,
1298 2733 1376 2806 loca
1393 2755 1435 2806 ac
1451 2733 1724 2829 municipiaque
1738 2750 1896 2824 guerram

488 2855 642 2928 iecerunt
665 2875 728 2930 seu
754 2855 885 2933 iaciunt
908 2856 1082 2940 communi
1098 2857 1232 2944 Vercne
1249 2865 1285 2930 et
1300 2857 1494 2930 intrinsecis
1510 2855 1556 2929 de
1574 2856 1709 2930 Verona
1734 2853 1810 2927 sive
1830 2853 1897 2926 sint

488 2977 685 3050 communia
697 2978 773 3051 sive
788 2978 925 3074 privata
939 2987 973 3055 et
989 2978 1170 3052 universos
1181 2978 1338 3052 homines
1353 2979 1415 3074 qui
1433 2979 1613 3054 occasione
1627 2975 1779 3052 faciendi
1792 2997 1895 3072 gner-

487 3121 562 3173 ram
579 3099 736 3174 habitant
753 3101 791 3174 in
807 3101 945 3190 iisdem,
960 3100 1160 3194 judicamus
1173 3111 1208 3174 et
1224 3103 1436 3198 precipimus
1457 3100 1551 3176 idem
1568 3122 1631 3198 per
1650 3099 1767 3174 omnia
1785 3109 1824 3172 nt
1836 3119 1895 3171 sn·

487 3224 606 3320 perias
622 3225 665 3298 de
683 3227 808 3300 ceteris
831 3235 883 3300 est
907 3247 1122 3322 expressum.
1144 3227 1200 3301 Ad
1222 3228 1287 3323 bec
1304 3228 1487 3302 statuimus
1511 3225 1607 3322 qnod
1621 3248 1642 3300 a
1658 3223 1794 3321 prefixo
1820 3233 1897 3298 ter·-

487 3347 583 3423 mino
598 3347 635 3418 in
652 3355 753 3422 antea
770 3349 886 3421 nullus
899 3359 1074 3444 presumat
1087 3357 1246 3442 tractare,
1257 3349 1419 3426 ordinare
1432 3371 1493 3424 seu
1509 3357 1711 3445 attemptare
1725 3359 1894 3443 treguam,

487 3489 622 3564 pacem,
638 3470 921 3566 compositionem
937 3475 994 3547 vel
1010 3473 1107 3548 aliud
1125 3483 1371 3560 certamentum
1387 3495 1466 3548 cum
1477 3472 1641 3570 predictis
1656 3471 1783 3546 banitis
1797 3473 1898 3544 lum·

487 3592 608 3668 bardis
621 3613 685 3666 seu
701 3615 780 3666 cum
797 3593 874 3666 aliis
892 3595 1039 3673 inimicis
1056 3597 1190 3692 imperii
1204 3597 1335 3692 absque
1348 3598 1458 3692 ipsius
1473 3595 1689 3693 imperatoris
1705 3603 1740 3668 et
1755 3615 1896 3666 suorum

487 3714 689 3788 nuntiorum
711 3715 930 3806 licentiantes
943 3717 1187 3794 mandatonec
1201 3721 1348 3792 cumeis
1368 3719 1578 3814 colloquium
1600 3719 1712 3791 iacere
1729 3737 1795 3789 uec
1812 3715 1897 3812 ipsis

487 3835 619 3910 litteras
635 3839 693 3910 vel
710 3839 849 3930 nuntios
868 3839 1053 3930 destinare.
1070 3843 1105 3914 Si
1124 3843 1204 3937 quis
1218 3851 1336 3932 antem
1351 3851 1469 3916 contra
1481 3841 1548 3916 boc
1565 3841 1726 3936 generale
1745 3839 1895 3914 edictum

487 3981 577 4036 ausu
594 3961 773 4054 munerario
799 3970 1000 4060 attemptare
1013 3967 1273 4062 presumpserit,
1294 3976 1460 4064 perpetuo
1478 3965 1611 4062 imperii
1630 3965 1747 4039 banno
1771 3963 1896 4058 subja·

487 4090 580 4170 eeat,
601 4084 747 4177 ejusque
773 4083 883 4172 bonis
903 4086 939 4158 in
967 4089 1141 4162 communi
1167 4089 1302 4178 Vernus
1324 4089 1524 4185 publicatis,
1550 4099 1717 4185 tanquam
1744 4083 1897 4182 proditor

487 4225 614 4283 corone
642 4208 881 4302 pensualium.
898 4213 1080 4306 puniatur„
1098 4213 1155 4288 Ad
1178 4215 1344 4307 majorem
1364 4225 1479 4320 autem
1503 4215 1608 4308 hujus
1628 4213 1677 4286 rei
1699 4211 1894 4286 firmitatem

486 4327 706 4426 imperatorie
721 4331 852 4426 placuit
871 4336 1043 4427 majestati
1062 4344 1102 4410 ut
1117 4336 1275 4434 specialis
1299 4346 1335 4411 et
1352 4339 1515 4414 universa
1536 4335 1764 4412 communitas
1785 4333 1897 4408 liero-

486 4452 604 4528 ncnsis
627 4453 750 4528 habuit
771 4453 786 4552 (
808 4456 844 4553 ⁸)
868 4459 1018 4550 generali
1039 4469 1168 4534 statuto
1191 4461 1449 4556 acquiescerent
1470 4470 1506 4536 et
1525 4459 1571 4535 de
1593 4456 1753 4534 babendo
1783 4465 1895 4530 ratum

486 4581 679 4669 prestarent
703 4575 904 4669 juratoriam
933 4579 1116 4656 cantelam.
1142 4579 1185 4654 Et
1209 4579 1371 4656 dominns
1393 4581 1574 4658 becelinus
1603 4579 1649 4655 de
1674 4579 1829 4654 Romano
1852 4573 1897 4651 tle
