4224 5898
476 593 538 654 294
975 592 1189 654 rainnntcl
1218 593 1392 655 secubet
1696 595 1777 674 [err.
1796 595 1882 659 1239.

476 727 602 800 inserta
622 753 630 797 :
651 751 669 796 «
685 729 826 822 Propter
842 727 938 822 quod
955 749 1022 801 non
1043 726 1186 822 indigne
1202 727 1360 801 dolemus
1374 728 1403 800 si
1427 737 1524 824 paler
1540 730 1749 825 apostolicus
1768 731 1884 804 olien-

480 850 601 922 ndere
627 860 695 922 tam
721 851 871 944 graviter
899 872 962 923 nos
989 851 1167 943 intendat,
1195 860 1234 923 ot
1258 851 1343 924 dum
1371 851 1407 922 in
1436 861 1646 926 constantem
1672 853 1785 926 virum
1814 863 1884 928 tam

479 999 496 1043 n
518 974 705 1046 vehemens
720 975 813 1046 cadit
828 973 970 1067 injuria,
988 975 1052 1047 etsi
1073 974 1242 1069 patienter
1257 976 1344 1046 ferre
1357 974 1525 1068 velimus,
1547 976 1742 1050 immanitas
1757 977 1884 1072 negotii

480 1123 497 1166 c
519 1119 587 1171 non
607 1097 781 1192 permittat
794 1098 878 1192 quin
893 1097 940 1170 ad
959 1098 1105 1170 ultiones
1118 1097 1247 1192 quihus
1265 1097 1406 1170 Cesares
1424 1099 1475 1170 uti
1486 1101 1610 1188 solent,
1630 1100 1710 1172 tacti
1723 1100 1884 1174 violentia

480 1243 582 1293 onos
609 1222 774 1316 impellat.
802 1221 1047 1301 Verumtamen
1081 1220 1165 1294 dam
1204 1220 1463 1295 consideramus
1489 1223 1737 1318 impatientiam
1766 1245 1884 1318 proce·

481 1370 499 1413 r
518 1345 630 1418 dentis
645 1353 679 1417 et
696 1345 934 1418 difficultatem
952 1345 1165 1418 attendimus
1182 1345 1374 1434 offensorIs,
1390 1345 1420 1418 si
1436 1366 1482 1419 ex
1499 1367 1590 1440 equo
1603 1347 1721 1419 liceret
1733 1347 1886 1442 privatas

481 1492 499 1536 o
521 1489 683 1541 exercere
700 1468 871 1541 vindictas
896 1491 984 1563 quas
1009 1469 1237 1542 inhominem
1255 1489 1318 1564 per
1334 1491 1440 1564 quem
1458 1469 1658 1543 scandalum
1680 1471 1778 1543 venit
1799 1479 1834 1544 et
1849 1471 1885 1543 iu

482 1615 499 1662 n
522 1594 576 1664 sui
593 1593 775 1689 participes
791 1593 971 1686 sanguinis
985 1613 1208 1688 compensare
1226 1614 1422 1690 possemus,
1439 1602 1477 1666 nt
1491 1593 1527 1666 in
1547 1593 1661 1688 ipsum
1677 1601 1712 1666 et
1726 1613 1808 1666 snos
1826 1603 1886 1666 at-

483 1725 651 1789 »tentata
679 1727 793 1789 nostre
814 1717 913 1789 Sedis
939 1717 1065 1808 injuria
1089 1715 1318 1808 redundaret,
1342 1717 1550 1790 tolerabilius
1574 1716 1792 1789 donaremus.
1817 1716 1886 1790 Sed

482 1865 499 1910 s
523 1863 601 1911 cnm
619 1861 683 1912 nec
703 1842 776 1935 ipse
794 1862 858 1912 neo
885 1848 953 1912 tota
977 1849 1114 1936 propter
1132 1841 1199 1913 hoo
1222 1862 1286 1913 soa
1309 1862 1453 1936 passura
1466 1841 1649 1936 progenies
1669 1841 1752 1912 tanti
1776 1842 1887 1914 forent

484 1989 501 2032 s
523 1973 562 2032 ut
580 1964 717 2034 culmen
736 1962 870 2057 imperii
892 1964 1016 2035 zelaret
1033 1964 1201 2036 ultionem
1226 1965 1392 2059 ipsorum,
1413 1985 1563 2058 cumque
1580 1963 1678 2036 Sedis
1703 1964 1886 2038 auctoritas

484 2085 670 2157 »audacie
687 2085 753 2158 sibi
773 2087 868 2158 trena
889 2088 1020 2157 relaxet
1048 2094 1083 2157 el
1108 2095 1157 2158 tot
1172 2087 1420 2159 venerabilium
1444 2087 1585 2158 fratrum
1616 2087 1720 2158 moles
1744 2107 1824 2158 eum
1850 2086 1885 2158 in

484 2233 502 2278 n
524 2217 687 2302 concepta
713 2210 830 2281 lovere
855 2209 1039 2303 pertinacia
1063 2209 1243 2300 videatur,
1263 2209 1360 2304 angit
1384 2231 1449 2281 nos
1466 2209 1576 2282 altiori
1603 2219 1717 2281 mente
1737 2209 1885 2282 turbatio

484 2357 502 2400 »
525 2333 619 2426 quod
631 2333 715 2404 dum
727 2355 792 2404 nos
806 2332 1056 2404 intendamusa
1071 2342 1298 2427 persequente
1312 2332 1511 2423 defendere,
1525 2341 1679 2426 oporteat
1689 2352 1751 2404 nos
1764 2333 1883 2406 delen·

483 2482 501 2526 o
524 2457 639 2529 dendo
655 2457 796 2550 gravius
812 2455 987 2529 offendere
1005 2456 1201 2528 resistentes
1215 2454 1281 2552 (l).
1301 2482 1318 2526 n
1336 2457 1374 2527 In
1389 2456 1564 2551 premissis
1580 2465 1695 2528 autem
1709 2456 1884 2547 negotium

480 2581 631 2652 Ecclesie
648 2581 746 2652 vobis
764 2581 928 2652 duximus
944 2581 1107 2652 attentius
1123 2579 1457 2673 commendandum,
1481 2589 1520 2651 nt
1533 2589 1698 2674 tanquam
1713 2581 1885 2675 proprium

482 2703 596 2798 ipsum
620 2711 833 2775 assumentes
859 2704 1041 2776 efficaciter
1065 2703 1111 2776 ad
1137 2703 1219 2776 lidei
1248 2703 1412 2777 catholice
1435 2705 1562 2793 robur,
1591 2704 1885 2777 conservationem

481 2827 707 2898 ecclesiastice
728 2827 895 2900 libertatis
918 2837 953 2900 et
975 2828 1079 2900 totius
1103 2828 1222 2924 populi
1246 2827 1428 2900 Christiani
1452 2827 1602 2922 quietem
1629 2826 1811 2901 efficaciter
1833 2829 1886 2898 in·

481 2951 639 3024 tendatis.

529 3077 652 3146 Datum
671 3075 844 3166 Laterani,
866 3075 925 3146 Vll
942 3073 1022 3146 idus
1038 3075 1157 3170 aprilis
1175 3072 1241 3171 (2),
1263 3095 1355 3147 enno
1373 3074 1462 3147 XIII.

693 3344 1175 3354 m-—o—-n-—n—--n---unua-
1182 3339 1668 3352 -ω--ι-κ-...ιι--ι--ι--ι--Μ

354 3564 452 3652 Ψ
532 3541 738 3649 imperator
760 3539 891 3622 volens
913 3539 1061 3646 placere
1084 3535 1264 3620 omnibus
1282 3535 1330 3617 de
1352 3533 1518 3618 Marohia
1539 3542 1619 3616 toto
1642 3557 1754 3642 posse
1775 3530 1891 3640 equi-

479 3675 572 3757 tavit
607 3672 819 3756 Tarvisium
856 3671 922 3754 ubi
954 3669 1229 3753 honorabiliter
1263 3678 1321 3751 est
1357 3675 1544 3776 receptus.
1578 3666 1634 3749 Ibi
1666 3673 1888 3774 potestatem

480 3806 674 3889 constituit
691 3807 739 3888 de
760 3804 954 3887 voluntate
978 3803 1093 3885 totius
1120 3801 1252 3910 populi
1275 3799 1460 3882 Tarvisini
1481 3797 1664 3882 Iacobum
1686 3797 1735 3880 de
1764 3797 1890 3880 IlIorra

481 3939 664 4048 Apulum,
685 3937 836 4020 fidelem
870 3936 1040 4045 Imperii,
1057 3935 1183 4018 virum
1201 3933 1401 4041 providum
1421 3940 1459 4013 et
1474 3931 1715 4040 prudentem.
1736 3928 1889 4012 Ronan-

480 4099 575 4174 nrn,
599 4079 649 4154 lle
676 4070 767 4178 [oct.
800 4069 840 4149 ie
856 4069 1000 4154 March.
1026 4066 1183 4174 Tronis,
1214 4091 1275 4174 ep.
1300 4064 1507 4169 Mnemon,
1531 4061 1717 4171 scriptor.
1739 4069 1768 4142 t.
1787 4057 1887 4164 VIII,

480 4233 520 4316 p.
542 4207 637 4286 227.

517 4437 554 4606 III
572 4435 878 4602 IinssbIIIhtIongaIe,
893 4528 964 4586 sicut
977 4526 1063 4601 prima
1075 4525 1134 4616 vice
1148 4522 1268 4581 exhibuit
1281 4520 1435 4596 Raynaldus
1449 4535 1520 4577 nunc
1532 4519 1688 4589 inserimus,
1705 4517 1767 4575 licet
1785 4515 1844 4590 ipse
1855 4515 1889 4574 ad

481 4621 561 4686 finem
574 4629 781 4702 fragmentorum
798 4626 940 4699 epistolam
951 4623 1028 4697 quasi
1044 4622 1133 4678 idibus
1146 4621 1237 4695 aprilis
1252 4621 1295 4694 (43
1309 4617 1398 4694 april.)
1413 4618 1503 4675 datam
1518 4615 1625 4674 relerat.
1637 4613 1806 4690 Encyclicem
1823 4628 1890 4670 vero

478 4727 513 4784 ad
527 4727 629 4800 priores
642 4723 825 4783 nctesmelins
834 4721 1015 4796 reponendam
1028 4735 1088 4778 esse
1101 4733 1252 4777 censensu.
