4246 5906
239 619 336 680 lamet.
354 611 413 697 la]
665 607 860 669 HISTORIA
884 607 1178 672 tumultantes.
1588 605 1649 666 545

290 750 435 844 Signum
459 744 589 819 domini
615 743 775 816 Friderici
797 743 943 816 secundi
968 743 1030 816 Dei
1051 745 1161 837 gratia
1183 742 1398 816 invictissimi
1416 743 1649 816 Romanorum

240 871 455 971 imperatoris
474 889 610 964 semper
627 867 783 961 augusti,
802 867 988 939 Jerusalem
1006 877 1043 940 et
1059 867 1172 940 Sicilie
1188 867 1290 960 regis.
1312 865 1602 962 (monogramma.)

287 996 374 1069 Acta
392 1002 473 1067 snnt
487 993 552 1064 bec
567 1011 660 1063 anno
673 988 846 1062 dominice
863 989 1108 1062 incarnationis
1130 991 1311 1063 millesimo
1331 989 1567 1063 ducentesimo
1589 990 1650 1060 tri·

241 1121 370 1196 ossimo
401 1137 511 1208 nono,
545 1135 665 1188 mense
697 1112 909 1200 decembris,
944 1113 1180 1187 terciedecime
1211 1113 1427 1200 indictionis,
1462 1113 1652 1208 imperanto

243 1244 385 1318 domino
402 1249 519 1314 nostro
534 1237 713 1312 Frederico
729 1237 790 1308 Dei
814 1237 923 1328 gratia
946 1231 1173 1308 invictissimo
1195 1237 1425 1310 Romanorum
1447 1238 1652 1332 imperatore

241 1388 376 1463 semper
395 1373 561 1459 augusto,
583 1361 772 1436 ierusalem
793 1370 829 1432 et
845 1359 962 1431 Sicilie
977 1379 1074 1453 rege,
1105 1359 1240 1453 imperii
1259 1361 1334 1453 ejus
1352 1379 1444 1432 anno
1464 1359 1649 1444 vicesimo,

242 1491 340 1586 regni
353 1489 541 1562 Jerusalem
556 1486 680 1581 quinto
696 1483 850 1575 decimo,
870 1481 967 1576 regni
981 1503 1064 1556 vero
1082 1483 1196 1556 Sicilie
1208 1482 1461 1577 quatragesimo
1480 1481 1649 1570 secundo,

243 1614 398 1687 feliciter.
420 1612 544 1684 Amen.

290 1738 376 1808 Data
391 1735 575 1819 Cremona,
592 1753 699 1823 anno,
721 1751 840 1804 mense
856 1739 892 1802 et
907 1729 1094 1802 indictione
1111 1727 1286 1824 predictis.

294 2320 574 2425 Ferdinnndus,
594 2343 661 2400 ren
682 2315 880 2422 Castaliae,
902 2314 1083 2423 Gregorio
1100 2339 1221 2422 papae
1239 2314 1370 2398 scribit
1386 2341 1427 2398 se
1443 2317 1483 2397 in
1505 2316 1653 2400 ltaliam

242 2450 496 2554 Fredericum,
517 2450 640 2534 filium
660 2473 795 2554 suum,
814 2446 1085 2530 destinandum
1103 2445 1277 2553 duxisse,
1302 2447 1518 2556 supplicans
1537 2459 1581 2532 ut
1596 2449 1653 2531 illi

242 2584 292 2665 nd
310 2583 608 2692 recuperandam
631 2590 843 2663 maternam
865 2579 1136 2662 haereditatem
1155 2605 1274 2687 quam
1291 2579 1433 2663 detinet
1450 2581 1654 2690 imperator

242 2715 427 2798 auxilium
445 2715 635 2824 porrigat3
657 2723 863 2822 monetque
882 2739 922 2796 se
939 2713 1063 2795 eidem
1082 2711 1155 2794 sub
1172 2737 1295 2820 poena
1313 2721 1490 2820 paternae
1509 2716 1652 2823 gratiae

242 2845 453 2955 injunxisse
470 2856 514 2928 ut
536 2847 717 2929 devotum
735 2844 925 2927 Ecclesiae
944 2843 1136 2925 Romanae
1155 2867 1196 2924 se
1219 2867 1367 2951 semper
1386 2845 1571 2928 ostendat.

323 3045 426 3124 (sud.
457 3047 631 3117 nummo„
656 3041 769 3107 Annei.
795 3040 903 3122 cecla,
924 3043 964 3104 ed
988 3059 1060 3105 ann.
1083 3051 1174 3116 tlte,
1198 3040 1216 3123 5
1236 3044 1327 3124 XLV,
1350 3053 1494 3125 eregest.
1514 3048 1649 3128 Gregor„

360 3168 432 3215 nnn.
447 3152 531 3228 xlv,
545 3161 579 3214 n⁰
594 3150 658 3230 89.)

289 3321 512 3396 Sanctissimo
529 3323 618 3418 patri
642 3345 683 3395 ac
708 3322 850 3396 domino
869 3324 1033 3418 Gregorio
1055 3324 1175 3398 divina
1198 3325 1415 3420 providentia
1435 3341 1650 3406 sacrosancte

242 3445 397 3520 Romane
409 3446 561 3520 Ecclesia
579 3466 715 3518 summo
734 3446 905 3540 pontifici,
928 3448 1167 3521 Ferdinandus
1189 3449 1250 3520 Dei
1272 3452 1382 3540 gratia
1406 3473 1469 3523 rex
1487 3451 1647 3545 Castelle,

240 3572 363 3662 Toleti,
388 3571 563 3665 Legionis,
585 3570 706 3642 Galitie
723 3579 758 3642 et
773 3571 948 3658 Cordube,
970 3594 1050 3643 cum
1069 3572 1187 3644 debito
1210 3573 1372 3645 famulatu
1392 3575 1518 3668 pedum
1532 3579 1649 3651 oscula

241 3696 432 3768 beatorum.
458 3695 489 3766 Α
519 3694 707 3766 sanctitatis
732 3705 847 3766 vestre
874 3697 1039 3768 memoria
1068 3717 1136 3767 non
1162 3696 1334 3768 credimus
1358 3699 1529 3772 excidisse
1554 3703 1650 3796 quod

241 3839 321 3891 cnm
340 3827 493 3914 tempore
505 3816 617 3890 dulcis
631 3817 795 3889 memorie
812 3819 931 3912 regine
948 3819 1112 3891 Beatricis
1124 3819 1226 3890 filiole
1237 3827 1366 3910 vestre,
1387 3819 1564 3916 bonaque
1582 3826 1649 3899 sibi

238 3943 316 4034 jnre
330 3941 556 4015 successionis
573 3941 812 4034 competebant
829 3942 874 4014 ab
893 3943 1096 4036 imperatore
1111 3944 1173 4036 qui
1190 3964 1231 4015 ea
1249 3942 1424 4016 detinebat
1436 3967 1500 4040 pro
1517 3948 1649 4023 Frede-

240 4065 313 4137 rico
328 4063 398 4136 filio
414 4073 529 4137 nostru
545 4085 628 4158 sepe
645 4063 762 4159 sepius
781 4065 1003 4158 petissemus,
1024 4066 1107 4159 qnia
1129 4066 1203 4160 ipse
1222 4064 1367 4140 reddere
1384 4072 1582 4164 recusabat,
1602 4075 1648 4147 ad

241 4189 477 4282 paternitatem
496 4196 648 4260 vestram
666 4209 845 4259 recursum
861 4188 1064 4280 habuimus,
1082 4198 1237 4260 vestrum
1258 4211 1364 4286 super
1385 4193 1451 4266 boc
1467 4197 1647 4270 consilium

240 4322 275 4384 et
294 4311 462 4384 auxilium
486 4311 718 4405 implorantes.
745 4309 800 4382 Ad
825 4311 937 4404 quod,
961 4311 1051 4384 sicut
1074 4323 1205 4406 patrem
1234 4313 1334 4386 decet
1351 4317 1483 4409 justitie
1507 4329 1542 4393 et
1566 4323 1657 4414 lesu¹

240 4433 362 4506 Christi
380 4434 567 4524 vicarium,
587 4433 685 4505 solite
702 4433 923 4527 benignitatis
941 4434 1121 4506 clementia
1139 4435 1362 4530 respondistis
1382 4439 1479 4534 quod
1493 4452 1648 4518 vestrum

240 4556 340 4630 nobis
367 4577 436 4628 non
464 4555 598 4629 deesset
623 4556 821 4646 consilium,
850 4557 1080 4650 promittendo
1102 4557 1358 4656 nichilominus
1372 4564 1467 4656 quod
1489 4567 1649 4654 laceretis

242 4679 398 4751 exbiberi
434 4679 534 4752 nobis
566 4679 696 4772 justitie
733 4681 1033 4775 complementum.
1065 4682 1193 4754 ilerum
1225 4703 1304 4754 cum
1339 4683 1432 4758 idem
1465 4687 1649 4784 imperator

320 4801 355 4862 V.
1472 4817 1510 4871 os

1692 2324 1844 2426 offitiis
