4262 5910
524 626 585 688 608
1020 627 1236 690 ratbsalcl
1263 629 1438 690 sitellam
1750 624 1832 708 [dn.
1849 625 1932 688 1239.

534 819 539 827 .
572 761 707 834 Similes
725 759 771 836 ad
788 760 1031 856 compalatinm
1048 762 1211 859 Neapolis
1227 772 1266 836 ut
1278 763 1398 838 credat
1413 761 1540 836 eidem.

571 885 654 956 Item
670 911 681 956 .·

532 1067 536 1074 .
573 1007 791 1098 Frederious,
810 1015 894 1096 eto,
911 1007 1083 1082 universis
1094 1029 1156 1104 per
1169 1031 1318 1104 regnum
1330 1009 1447 1084 Sicilie
1463 1007 1657 1082 conditntis
1671 1006 1832 1081 lidelibns
1847 1007 1930 1078 suis.

526 1129 614 1215 Quia
633 1131 788 1224 captivos
803 1129 1014 1204 lumbardos
1042 1133 1078 1204 in
1102 1154 1249 1226 regnum
1276 1145 1433 1207 nostrum
1457 1132 1572 1205 Sicilie
1598 1131 1829 1220 destinamus,
1849 1151 1934 1225 qnos

525 1252 694 1344 oportebit
715 1251 840 1324 deduci
860 1275 921 1347 per
945 1267 1058 1348 partes
1082 1255 1199 1327 varim
1222 1255 1257 1326 in
1280 1256 1411 1350 quibus
1431 1261 1513 1328 snnt
1537 1253 1587 1324 illi
1609 1274 1757 1346 quornm
1780 1251 1935 1326 custodie

524 1374 679 1468 singulus
694 1359 813 1446 eornm
831 1373 1075 1448 mandavimus
1095 1375 1272 1472 deputari,
1291 1375 1446 1450 fidelitati
1469 1385 1585 1448 vestre
1600 1374 1826 1470 precipiendo
1843 1395 1934 1446 mao-

526 1497 651 1570 damus
670 1507 842 1590 quatenus
866 1496 912 1568 ad
930 1499 1188 1591 requisitionem
1209 1501 1249 1572 ll.
1272 1499 1318 1572 de
1342 1500 1590 1574 llontoinsonlo
1609 1497 1788 1590 justitiarii
1806 1497 1935 1593 Capiti-

525 1631 604 1694 nate
626 1619 737 1693 fidelis
761 1621 868 1694 nostri
885 1620 946 1714 qni
962 1621 1078 1716 plures
1100 1643 1148 1695 ex
1165 1623 1250 1718 ipsis
1272 1623 1415 1718 captivis
1432 1621 1633 1696 Lombardis
1651 1620 1756 1694 ducet
1772 1621 1819 1694 de
1839 1641 1933 1694 man·

525 1743 606 1818 dato
629 1754 746 1817 nostro
763 1743 809 1818 ad
833 1745 906 1818 loon
934 1745 1064 1838 quibus
1083 1745 1234 1822 debeant
1258 1745 1445 1837 custodiri,
1471 1767 1632 1820 securum
1650 1744 1862 1818 conductum
1887 1746 1933 1818 eis

525 1867 608 1940 dare
626 1867 753 1945 curetis
767 1868 814 1939 ita
831 1867 926 1961 quod
941 1889 1064 1942 secure
1074 1869 1247 1944 ducantur
1261 1877 1297 1942 et
1314 1867 1496 1942 commode
1509 1889 1572 1964 per
1587 1866 1763 1940 eumdem.

573 1993 696 2064 Datum
717 1989 767 2090 [ut
780 1992 913 2084 semul.

595 2113 601 2211 Ι
624 2117 669 2185 De
677 2113 843 2208 imperiali
852 2115 1009 2188 merloto
1018 2117 1105 2207 sueto
1111 2116 1378 2210 permoprbtrum
1386 2114 1932 2208 Ricoordumdelrnjectoaoripsit

530 2238 571 2314 G.
593 2239 632 2310 de
651 2239 833 2310 caecutio:

574 2361 795 2448 Fredericus,
811 2369 894 2450 ete,
916 2360 1083 2434 lliceardo
1104 2361 1150 2433 de
1172 2361 1389 2455 blontenigro
1408 2359 1595 2453 iustitinrio
1614 2361 1719 2432 Terra
1741 2359 1881 2432 laboris
1901 2367 1933 2429 et

527 2487 707 2560 comitatus
726 2483 868 2574 llolisii,
897 2493 963 2556 etc.
993 2485 1077 2556 Cum
1097 2483 1267 2580 quosdam
1290 2485 1336 2559 de
1359 2481 1578 2570 Mediolano,
1602 2483 1775 2556 Placentia
1796 2491 1832 2554 et
1854 2481 1934 2554 Cre-

528 2629 630 2682 mona
645 2604 697 2702 (u)
710 2625 798 2700 quos
818 2607 973 2702 captivos
990 2606 1174 2697 habemus,
1199 2607 1235 2678 in
1259 2625 1404 2700 regnum
1430 2605 1634 2678 duxerimus
1656 2603 1881 2678 destinandos
1902 2613 1935 2676 et

527 2755 573 2806 ex
590 2730 674 2824 ipsis
695 2727 865 2824 quosdam
886 2751 948 2825 per
967 2729 1113 2802 barones
1138 2730 1291 2824 ipsarum
1312 2729 1460 2824 partium
1479 2727 1600 2802 fideles
1617 2737 1751 2802 uosbns
1772 2726 1819 2800 de
1832 2727 1934 2820 juris·

529 2853 679 2928 dictione
695 2863 754 2924 lua
777 2853 925 2925 velimus
942 2873 1023 2926 cum
1047 2851 1229 2946 diligentia
1252 2851 1435 2937 custodiri,
1458 2851 1612 2938 fidelitati
1633 2861 1693 2924 tue
1714 2850 1934 2946 precipiendo

528 2975 733 3050 mandamns
753 2984 924 3070 quatenus
947 2975 1104 3070 captivos
1129 2974 1225 3069 ipsos
1240 2975 1302 3069 qni
1324 2975 1386 3046 tibi
1411 2975 1537 3048 inerint
1557 2973 1722 3069 assignati
1739 2973 1885 3069 recipias
1902 2982 1936 3045 et

529 3119 589 3172 eos
610 3097 804 3172 secundum
819 3107 972 3172 tenorem
996 3095 1119 3170 cadule
1140 3119 1247 3190 qnam
1273 3097 1334 3170 tibi
1354 3097 1527 3170 miotimus
1544 3098 1760 3192 presentibus
1778 3097 1935 3168 interclu-

529 3243 621 3313 sam,
645 3221 861 3316 captivorum
888 3223 1041 3316 ipsorum
1063 3229 1099 3293 et
1124 3221 1294 3292 baronum
1318 3221 1446 3314 quibus
1470 3219 1637 3313 assignari
1658 3219 1786 3292 debent
1812 3217 1934 3312 singuli

530 3347 669 3416 nomina
695 3344 944 3434 continentem,
963 3341 1150 3416 baronibus
1175 3343 1259 3438 ipsis
1281 3343 1455 3436 assignes,
1480 3343 1533 3416 eis
1553 3363 1600 3416 ex
1615 3351 1712 3437 parte
1730 3349 1846 3416 nostra
1867 3339 1934 3414 dis·

530 3468 628 3540 tricle
647 3467 838 3562 precipiens
854 3475 893 3540 ut
909 3467 1062 3561 captivos
1080 3466 1174 3560 ipsos
1198 3487 1278 3538 cnm
1297 3466 1392 3538 omni
1413 3465 1592 3559 diligentia
1604 3465 1731 3538 laniant
1744 3463 1933 3554 custodire,

531 3589 583 3664 eis
598 3589 634 3660 in
647 3589 743 3662 victu
764 3589 848 3662 dum
868 3590 904 3660 in
923 3590 1076 3684 ipsorum
1099 3589 1255 3664 custodia
1270 3589 1398 3662 luerint
1414 3588 1600 3684 provisuri.
1622 3590 1672 3660 lle
1693 3607 1843 3681 quorum
1856 3587 1937 3660 assi-

532 3712 695 3806 gnatione
711 3710 784 3785 lieri
800 3713 905 3788 laoias
926 3713 1067 3808 publica
1084 3715 1229 3808 scripta,
1251 3735 1361 3784 unum
1383 3732 1490 3806 penos
1507 3719 1541 3784 te
1558 3709 1777 3784 retinendum
1795 3720 1831 3784 et
1847 3708 1938 3784 alind

534 3834 580 3908 ad
594 3836 724 3907 curiam
739 3844 890 3918 nostram
901 3835 1129 3910 mictondum.
1143 3835 1290 3912 Ordines
1302 3837 1406 3908 etiam
1422 3836 1458 3908 in
1468 3833 1708 3927 jurisdictione
1721 3843 1780 3904 tna
1793 3834 1937 3927 aliquem

533 3959 649 4031 virum
679 3957 815 4032 fidelem
842 3961 904 4054 qni
929 3960 1075 4052 siugulis
1101 3958 1279 4032 mensibus
1306 3957 1399 4052 ipsos
1423 3957 1576 4054 requirat
1600 3966 1635 4036 cl
1660 3955 1778 4030 videat
1798 3955 1939 4050 qualiter

534 4081 773 4155 custodientur
785 4091 819 4152 et
836 4082 886 4154 eis
899 4081 1007 4154 vidui
1022 4081 1214 4156 necessaria
1228 4081 1478 4153 ministrentur.

583 4207 707 4276 Datum
724 4205 819 4298 apud
833 4205 945 4290 Pisas,
963 4206 1058 4278 XXV
1071 4203 1284 4292 decembris,
1305 4204 1383 4276 xlll
1402 4201 1611 4278 indictionis.

582 4327 717 4400 Similes
730 4327 866 4422 scripsit
878 4327 1081 4402 Boamundo
1097 4327 1238 4402 Pissono
1250 4325 1436 4418 justitiario
1451 4325 1599 4420 Aprutii.

577 4521 618 4601 (a)
641 4521 689 4584 Sic
707 4525 739 4584 ln
761 4525 901 4602 impresso
918 4529 949 4585 et
966 4525 998 4584 ln
1016 4523 1115 4584 codice
1131 4523 1349 4602 Philllppsensl.
1371 4521 1560 4584 Arbitramnr
1578 4521 1769 4582 nihilominus
1787 4517 1937 4598 legendnm

532 4645 597 4692 ease
610 4627 645 4688 dr
660 4629 774 4707 caman,
785 4631 857 4692 dum
866 4629 1078 4692 Cremonenses
1086 4630 1203 4692 amidae
1215 4629 1349 4707 partlbru
1364 4631 1548 4706 imperatoris
1559 4627 1744 4689 adhaeserint
1749 4645 1759 4702 3
1775 4628 1834 4686 nlsl
1846 4632 1937 4686 tomen

534 4735 583 4796 hle
596 4741 713 4797 tantum
727 4735 764 4796 de
777 4735 929 4798 obsidibus
942 4736 1103 4798 &emoneo
1115 4741 1232 4815 ugamr.
