4228 5892
993 576 1209 662 rnrnsnrcr
1233 577 1406 639 srcnnnr
1716 575 1797 660 [aaa.
1816 574 1902 639 reae.

324 1191 424 1250 rece·
556 1163 721 1264 Quidam
748 1117 905 1270 praelati
930 1159 1117 1270 principes
1144 1158 1293 1270 imperii
1321 1181 1514 1242 summum
1540 1155 1758 1266 pontificem
1783 1155 1906 1238 indu-

307 1245 467 1302 nimum-1
501 1304 594 1380 cunt
611 1296 661 1378 ad
678 1293 962 1378 reformandam
984 1317 1117 1402 pacem
1144 1291 1243 1374 inter
1269 1291 1479 1376 Romanam
1497 1288 1705 1376 Ecclesiam
1722 1299 1761 1374 et
1776 1287 1906 1398 impe-

501 1437 690 1534 ratorem,
719 1451 808 1508 cum
838 1425 888 1510 ad
919 1425 1047 1534 ipsum
1082 1423 1308 1508 accesserint
1334 1433 1372 1508 et
1405 1448 1495 1508 eum
1523 1422 1687 1508 viderint
1721 1421 1907 1531 quasdam

499 1561 625 1671 justas
651 1557 827 1670 querelae
859 1583 995 1642 causas
1025 1565 1298 1666 exponentem,
1323 1555 1545 1664 praesertim
1575 1556 1624 1640 de
1654 1553 1836 1665 Gregorio
1861 1553 1910 1637 de

502 1691 747 1802 Montelongo
764 1689 868 1800 apud
888 1687 1187 1776 Mediolanenses
1204 1697 1477 1773 commorante.

586 1891 699 1972 (Edidit
710 1889 806 1952 Fran
821 1891 944 1966 nim„
960 1885 1033 1952 cru.
1045 1905 1173 1952 memo.
1187 1893 1275 1951 ector.
1288 1893 1443 1966 cerame,
1453 1893 1476 1952 t.
1492 1887 1519 1968 l,
1532 1885 1636 1951 Littm.
1651 1885 1908 1967 pnndp,n⁰xx‚

624 2015 656 2076 p.
672 1995 828 2072 tet-tte.)

554 2172 774 2247 sanctissimo
791 2171 880 2266 patri
898 2179 932 2244 et
948 2169 1106 2262 domino,
1121 2179 1176 2242 etc
1179 2221 1431 2242 .......

554 2295 745 2370 Fundatam
760 2293 947 2385 Ecclesiam
972 2293 1174 2365 militantem
1192 2292 1324 2388 duplici
1348 2291 1470 2366 rubore
1483 2291 1701 2388 providentia
1719 2291 1839 2366 divina
1854 2291 1910 2365 lir-

507 2419 633 2505 mavit‚
653 2416 739 2489 dnm
761 2415 827 2510 ipsi
847 2414 1078 2489 sacerdotium
1102 2413 1147 2487 nd
1151 2466 1444 2488 ........
1462 2415 1600 2510 prebuit
1614 2423 1648 2488 et
1665 2415 1849 2511 imperium
1865 2414 1911 2489 ad

507 2541 665 2630 tutelam;
688 2560 757 2633 que
780 2538 851 2613 dno
876 2539 927 2610 sic
949 2537 1205 2611 indivisibiliter
1222 2537 1372 2611 invicem
1389 2559 1451 2634 per
1467 2538 1744 2632 designationem
1766 2538 1912 2634 duplicis

508 2664 618 2760 gladii
637 2663 819 2756 conjunxit
843 2661 939 2758 qnod
966 2663 1072 2735 altera
1098 2661 1221 2758 perimi
1241 2661 1300 2735 vel
1323 2661 1479 2736 enervari
1499 2683 1569 2735 nou
1586 2663 1699 2736 valeat
1718 2662 1795 2736 sine
1810 2660 1912 2735 detri-

508 2797 625 2863 mento
642 2787 804 2861 duorum.
825 2787 882 2860 Ex
897 2786 1026 2881 quibus
1039 2807 1111 2859 non
1127 2793 1199 2859 tam
1217 2785 1439 2882 probabiliter
1462 2807 1568 2880 quam
1585 2785 1779 2858 necessario
1790 2785 1912 2859 subse·

508 2912 626 3008 quitur
641 2921 675 2984 et
689 2912 834 2984 infertur
849 2919 888 2982 ut
903 2918 1090 3004 utrumque
1111 2918 1305 2984 contemnat
1325 2917 1386 2982 aut
1403 2907 1526 3004 diligat
1543 2907 1605 3002 qui
1621 2907 1813 3002 gladiorum
1831 2909 1912 2983 alte·

509 3057 586 3106 rum
606 3034 719 3128 diligit
736 3041 797 3107 aut
814 3033 1013 3107 contemnit.
1036 3032 1080 3106 Et
1097 3051 1160 3105 nos
1182 3053 1270 3126 qnos
1294 3031 1500 3108 mediatores
1521 3029 1779 3126 quodammodo
1794 3031 1859 3104 Dei
1882 3039 1914 3106 et

509 3158 657 3231 hominis
684 3157 835 3230 Ecclesia
864 3165 899 3229 et
925 3154 1108 3251 imperinm
1137 3153 1311 3251 principes
1339 3163 1549 3243 statuerunt,
1583 3153 1630 3228 ad
1653 3161 1841 3248 utrumque
1866 3155 1915 3228 sic

509 3290 642 3377 oportet
654 3290 689 3354 et
704 3279 845 3376 expedit
860 3279 988 3354 habere
1002 3289 1197 3374 respectum
1215 3278 1312 3374 quod
1326 3279 1465 3373 explere
1479 3287 1592 3376 partes
1605 3277 1710 3352 officii
1722 3281 1828 3352 noctu
1846 3299 1914 3352 nou

510 3425 693 3498 possumus
719 3403 749 3475 si
773 3403 997 3497 quantumvis
1019 3403 1056 3474 in
1076 3404 1182 3476 altem
1205 3400 1454 3475 claudicemus.
1479 3403 1604 3498 Igitur,
1629 3403 1913 3476 reverendissime

510 3537 625 3624 pater,
654 3527 887 3623 promissionis
915 3535 950 3600 et
979 3525 1061 3599 lidei
1085 3535 1200 3600 nosue
1225 3527 1336 3600 zelum
1360 3527 1542 3622 diligenter
1568 3527 1748 3623 inspicite,
1773 3547 1913 3622 presens

510 3811 652 3862 coronatus
664 3819 710 3862 ero
724 3803 747 3860 si
758 3808 949 3877 persequentes
962 3801 1085 3860 inimicos
1099 3815 1164 3860 snos
1175 3801 1267 3876 diliget
1278 3805 1361 3861 Deus.
1375 3803 1467 3862 Redde
1479 3803 1562 3862 cultui
1575 3803 1721 3862 christiam
1732 3808 1832 3860 terram
1843 3804 1915 3862 lere·

510 3901 697 3975 solymitrnam
709 3901 876 3974 redemptam
893 3899 1022 3973 sanguine
1033 3899 1176 3957 Nazareni.
1190 3899 1414 3974 inmemores
1427 3901 1513 3960 nostri
1526 3901 1650 3960 culminis
1661 3901 1828 3960 irascebu.»

548 3999 716 4056 cFrederieo
734 3999 890 4072 Mperatori
911 3999 1075 4056 Francorum
1088 3998 1134 4071 qui
1152 3997 1308 4056 crucifixum
1323 3999 1429 4072 adorat,
1449 3999 1615 4057 Narardinus
1628 3999 1714 4074 (olibi
1732 3997 1915 4074 zepbedinue)

510 4095 637 4154 soldanus
656 4095 814 4169 Babylonis,
830 4095 979 4168 capadocia
1000 4101 1028 4152 et
1041 4095 1166 4170 Ethiopie
1179 4111 1236 4153 rex.
1254 4098 1314 4154 Non
1334 4111 1506 4154 sumamma
1518 4096 1546 4152 in
1559 4096 1693 4155 thesamr's
1706 4096 1774 4154 meis
1788 4113 1840 4154 nec
1858 4096 1916 4171 glo-

511 4193 608 4251 riosus.
624 4193 652 4250 Si
664 4192 772 4250 beatius
785 4197 826 4248 est
838 4191 905 4249 dare
919 4207 1000 4264 quam
1012 4193 1131 4267 recipere
1146 4191 1226 4266 (olibi
1238 4192 1350 4266 tollere),
1361 4209 1410 4266 ego
1421 4193 1517 4252 beatus
1530 4209 1587 4267 ero,
1600 4199 1629 4252 et
1642 4193 1666 4252 si
1677 4193 1790 4250 hilarem
1798 4193 1914 4251 datorem

511 4289 595 4362 diligit
608 4290 688 4360 Deus,
704 4303 748 4345 me
763 4287 855 4360 diliget
871 4287 934 4361 quia
947 4288 1036 4346 omnia
1050 4305 1112 4346 mea
1125 4296 1189 4347 sunt
1200 4290 1353 4347 communie
1368 4289 1446 4348 meis.
1460 4289 1574 4349 Prohibe
1588 4291 1669 4364 igitur
1684 4289 1844 4348 christianos
1857 4294 1915 4347 tvos

512 4402 547 4442 ne
561 4385 665 4443 seviant
676 4385 705 4441 in
716 4384 865 4442 Saracenos
877 4399 969 4456 meos3
982 4385 1098 4458 alioquin
1110 4385 1233 4443 invenies
1245 4401 1289 4444 me
1301 4386 1350 4443 tibi
1361 4391 1503 4444 mutatum.
1516 4407 1530 4441 s

547 4479 652 4535 Nomen
665 4477 766 4535 soldani
782 4476 805 4534 si
823 4477 884 4550 quis
899 4477 1086 4550 disquisiverit,
1105 4478 1173 4536 duos
1186 4477 1309 4536 llelediui
1325 4479 1547 4552 illaleh-Kamai)
1559 4479 1637 4552 lilios,
1651 4478 1852 4552 Nodgemeddin
1866 4479 1914 4536 sci·

511 4573 574 4631 licet
586 4577 614 4631 et
628 4572 771 4643 Seileddin,
784 4572 835 4630 hec
854 4571 912 4646 ipso
924 4588 993 4632 anno
1009 4576 1089 4647 liti,
1103 4573 1138 4632 de
1152 4574 1321 4634 successere
1338 4591 1481 4650 regnorum
1498 4575 1620 4634 Demeam
1637 4581 1665 4634 et
1676 4574 1838 4650 Babylomee
1848 4575 1914 4632 inter

511 4685 542 4728 se
552 4669 731 4742 disceptantes
742 4667 867 4728 inveniet.
