4262 5910
531 601 593 661 eto
1036 607 1247 670 ratosutct
1272 609 1447 672 securta!
1754 617 1835 700 [Au
1854 621 1934 684 lem.

529 735 644 808 dilecti
666 733 725 808 lilii
744 738 850 812 nostri
866 739 1004 814 ilenrici
1022 741 1163 816 illustris
1179 745 1271 839 regis
1288 745 1453 819 ‘l'urrium
1474 758 1510 820 et
1524 749 1679 838 Gallure,
1703 752 1781 824 sine
1801 756 1937 849 spetiali

529 857 693 932 mandato
716 871 832 934 nostro
862 884 923 958 pro
953 865 1103 938 servitiis
1131 867 1257 940 nostris
1283 871 1463 943 contulisti
1490 879 1525 944 te
1549 875 1771 966 personaliter
1795 877 1936 950 Conna-

528 1003 688 1076 guerram
710 995 746 1057 st
766 986 910 1076 milites,
930 987 1123 1062 balistarios
1147 1001 1182 1063 ct
1206 993 1415 1066 &macanos
1434 995 1538 1084 iuxta
1556 995 1807 1070 ordinationem
1831 1001 1936 1094 ipsius

528 1109 688 1181 camilla
717 1111 863 1202 pecunia
887 1133 992 1204 qnam
1017 1112 1145 1186 habere
1167 1115 1309 1209 potuisti
1335 1117 1381 1190 ad
1407 1119 1591 1191 servitium
1617 1131 1771 1194 nostrum
1799 1124 1936 1198 micam

529 1232 734 1324 procurasti,
754 1243 848 1306 tanto
871 1245 904 1306 te
919 1235 1003 1307 inde
1026 1237 1258 1309 favorabiliter
1277 1239 1565 1313 commendamus
1589 1253 1720 1336 quanto
1742 1246 1845 1317 otiam
1867 1269 1935 1318 non

529 1363 666 1448 recepto
682 1353 844 1428 mandato
857 1367 987 1444 nostro,
1006 1369 1042 1430 te
1055 1360 1093 1429 in
1108 1361 1271 1434 omnibus
1285 1363 1438 1436 servitiis
1453 1365 1577 1436 nostris
1595 1367 1778 1440 sollicitum
1793 1370 1935 1444 mnino

530 1485 563 1549 et
581 1483 749 1571 paratum.
766 1479 817 1549 Tu
833 1501 917 1572 ergo
930 1501 1026 1554 more
1042 1483 1143 1554 solito
1156 1483 1248 1556 circa
1262 1485 1405 1558 servitia
1421 1497 1538 1560 nostra
1553 1497 1730 1582 promptus
1742 1499 1779 1562 et
1792 1489 1934 1564 devotus

527 1599 658 1674 existas
675 1611 713 1672 ut
726 1603 875 1676 debono
889 1603 923 1674 in
942 1605 1272 1700 meliusproindate
1292 1609 1413 1682 merito
1434 1610 1729 1684 commendemus.

576 1726 699 1796 ilatum
717 1727 813 1821 apud
830 1727 941 1819 Pisas,
962 1729 1085 1802 XXVII
1102 1728 1309 1822 decembris,
1330 1733 1411 1804 Xlll
1430 1733 1641 1808 indictionis.

578 2320 800 2404 Mandatum
818 2321 869 2404 ad
889 2319 1115 2404 Riocardum
1132 2321 1181 2404 de
1204 2320 1365 2405 Poleam
1388 2332 1426 2406 et
1450 2324 1501 2406 ad
1523 2323 1773 2432 justitiarium
1799 2325 1929 2408 Terrae

524 2451 681 2536 laboris
699 2455 747 2535 de
762 2453 881 2561 galeis
898 2453 1041 2562 pisanis
1054 2453 1156 2562 apud
1172 2451 1369 2562 Neapolim
1383 2453 1576 2539 frumento
1594 2457 1723 2540 curiae
1732 2457 1928 2538 onerandis

525 2611 603 2694 quo
630 2585 852 2668 muniantur
882 2597 1006 2670 castra
1033 2611 1131 2694 quae
1158 2595 1260 2668 tenet
1285 2586 1494 2694 imperator
1525 2588 1565 2668 in
1595 2587 1782 2672 territorio
1804 2588 1927 2672 Pontis

526 2717 691 2800 Tremuli
714 2729 752 2799 et
773 2717 812 2798 iu
836 2717 1055 2826 Lousonna,
1075 2729 1113 2800 et
1137 2717 1185 2800 de
1205 2717 1402 2800 mittendis
1419 2719 1593 2801 ducentis
1615 2721 1861 2804 servientibus
1881 2721 1927 2802 ad

524 2851 735 2934 custodiam
755 2851 924 2958 ipsorum
942 2861 1156 2933 castrorum
1174 2876 1242 2958 per
1259 2862 1335 2934 tres
1353 2875 1503 2934 mensos
1522 2851 1744 2936 solidandis.

604 3061 729 3142 (Repeti.
745 3062 848 3142 imper.
863 3059 978 3122 lvi-ader.
994 3061 1034 3132 11,
1049 3061 1101 3122 lol.
1118 3071 1156 3122 49
1170 3067 1267 3138 recto;
1282 3065 1315 3122 ln
1331 3063 1403 3124 edlt.
1421 3063 1557 3138 Qrcanq
1569 3079 1602 3141 p.
1619 3063 1699 3142 stt.)

572 3249 619 3318 lle
633 3250 799 3342 imperiali
812 3249 970 3322 mandato
983 3249 1113 3344 scripsit
1130 3247 1176 3319 G.
1195 3248 1235 3319 de
1255 3251 1379 3320 Tocco:

570 3371 787 3458 Fredericns,
807 3383 890 3464 eta,
910 3374 951 3446 ll.
973 3371 1018 3445 de
1041 3373 1199 3462 Puloaro,
1224 3381 1291 3442 oto.
1312 3371 1485 3444 fidelitati
1507 3379 1565 3443 tue
1584 3371 1806 3466 precipiendo
1828 3393 1925 3446 mau-

389 3565 391 3570 .
523 3493 648 3568 damus
672 3507 843 3589 quatenus
870 3495 1092 3568 venientibus
1116 3493 1294 3590 Neapolim
1323 3493 1432 3587 galeis
1458 3494 1640 3566 nostriset
1668 3495 1775 3586 galeis
1801 3495 1924 3568 Pisanis

522 3638 609 3711 quas
625 3617 728 3690 simul
745 3640 824 3690 oum
842 3615 1045 3690 Lombardis
1062 3617 1258 3712 prisonibus
1276 3613 1510 3702 destinamus,
1533 3617 1682 3708 loquaris
1698 3639 1778 3688 cum
1794 3617 1837 3686 Η.
1859 3615 1926 3687 Ab·

521 3739 600 3813 bate
617 3739 720 3813 fidele
741 3751 856 3814 nostro
873 3749 908 3814 et
922 3751 1052 3814 statuas
1071 3761 1151 3812 cum
1167 3739 1298 3814 Pisanis
1322 3738 1499 3829 magistris
1517 3739 1692 3832 galearum
1712 3739 1866 3832 ipsarum
1882 3739 1926 3812 ad

521 3863 643 3937 molius
662 3861 713 3958 (a)
731 3865 841 3936 lorum
859 3865 955 3958 quod
974 3863 1099 3958 poteris
1115 3863 1161 3936 ad
1181 3863 1362 3934 utilitatem
1384 3863 1479 3932 curie
1498 3871 1630 3951 nostre,
1650 3871 1686 3934 et
1702 3881 1823 3933 omnes
1839 3863 1927 3956 ipsos

520 3987 636 4078 galeas
659 3987 797 4060 Pisones
814 3986 954 4059 studeas
977 4008 1117 4059 onerare
1134 3987 1304 4057 frumento
1330 3995 1447 4056 nostro
1467 3983 1563 4077 quod
1577 3983 1683 4055 habes
1700 3982 1744 4056 de
1761 3985 1926 4057 frumento

521 4111 632 4200 curie;
653 4109 747 4202 quod
767 4111 796 4180 si
815 4131 883 4184 uon
902 4109 1093 4200 suffocarit,
1113 4131 1207 4181 emas
1231 4108 1276 4182 de
1295 4107 1444 4202 pecunia
1463 4107 1557 4178 curie
1576 4119 1690 4179 nostre
1711 4127 1781 4200 que
1801 4118 1852 4179 ast
1869 4127 1926 4202 per

519 4253 642 4304 manus
669 4241 761 4322 tuas,
786 4233 833 4304 ita
856 4231 952 4326 quod
973 4253 1092 4304 omnes
1114 4232 1188 4326 ipso
1209 4233 1306 4326 galee
1331 4209 1520 4304 onerentur
1546 4231 1715 4301 frumento
1738 4241 1871 4318 nostro,
1892 4239 1923 4300 et

517 4363 648 4427 statuas
664 4355 814 4448 aliquem
835 4355 1022 4428 discretum
1039 4363 1073 4426 et
1096 4351 1234 4428 fidelem
1253 4354 1386 4445 virum,
1413 4353 1473 4447 qui
1494 4352 1611 4425 veniat
1629 4374 1708 4424 cum
1722 4351 1831 4446 galeis
1846 4352 1921 4446 ipsis

518 4487 553 4550 et
580 4479 748 4549 frumento
775 4499 887 4572 usque
914 4480 1099 4552 Sarranum
1124 4477 1309 4549 interram
1337 4477 1570 4566 Luuesauam,
1595 4473 1733 4568 dequo
1757 4475 1919 4546 frumento

559 4695 600 4775 (a)
622 4697 657 4756 ln
669 4695 769 4756 codiee
782 4695 936 4776 Phllllppa.
951 4691 1071 4770 utana
1086 4697 1184 4758 mlnus
1194 4701 1282 4774 recte.
