4228 5892
206 557 304 618 lsnrcr.
323 555 382 640 la}
656 555 854 617 HISTORIA
879 554 1172 618 bretonarlca
1556 557 1618 618 tlt

207 691 426 784 postmodum
449 689 575 762 nostris
598 689 718 762 erariis
741 688 962 783 assignanda.
983 689 1098 774 Quare
1123 690 1167 764 de
1187 689 1372 784 prudentia
1398 699 1434 760 et
1454 687 1618 762 fidelitate

209 813 364 886 Silvestri
379 812 425 886 ds
447 814 572 886 Sancto
588 811 695 884 Paulo
718 810 830 886 fidelis
852 811 957 884 nostri
976 811 1113 904 conlisi,
1132 835 1213 886 sum
1233 811 1482 884 recollectorem
1499 815 1617 905 cujus·

207 931 291 1004 libet
309 931 457 1028 pecunie
474 929 590 1004 debite
616 939 729 1003 nostre
754 931 850 1004 curie
875 931 1098 1026 applicands,
1120 941 1159 1003 ut
1177 931 1307 1004 dictum
1329 929 1335 1027 Ι
1356 941 1426 1020 est,
1446 930 1617 1004 duximus
1642 943 1692 988 5⁰¹·
1702 944 1741 988 ¹¹¹
1750 953 1822 988 m.

207 1055 442 1128 statuendum.
460 1055 621 1127 Veientes
636 1062 671 1128 et
689 1055 800 1128 taliter
815 1054 1014 1128 ordinantes
1031 1055 1127 1148 quod
1143 1056 1190 1129 ad
1208 1056 1360 1148 aliquem
1374 1056 1528 1149 ipsorum
1541 1055 1617 1128 olli·

208 1177 347 1250 cialium
361 1179 455 1250 nulla
471 1177 611 1250 omnino
625 1178 773 1273 pecuma
789 1176 913 1250 debeat
928 1179 1120 1272 pervenire,
1134 1178 1196 1251 sed
1213 1179 1357 1272 singulis
1369 1177 1526 1250 kalendis
1536 1179 1616 1272 qui·

207 1300 291 1372 libet
307 1321 427 1372 eorum
443 1321 506 1396 per
519 1300 745 1374 suaslicteras
757 1301 910 1394 signatas
928 1311 962 1373 et
981 1301 1134 1396 ipsarum
1148 1303 1309 1396 exemplo
1325 1301 1506 1396 diligenter
1520 1301 1617 1396 apud

207 1445 245 1496 se
254 1425 290 1496 in
302 1425 528 1518 quaternione
537 1423 717 1498 retinendo
728 1433 763 1498 ct
777 1425 822 1498 ad
837 1447 916 1497 eum
930 1425 997 1498 snb
1012 1447 1075 1497 suo
1089 1425 1202 1518 sigillo
1212 1425 1370 1514 remisso,
1382 1425 1537 1498 studiose
1550 1425 1617 1498 sibi

207 1549 433 1642 quantitatem
448 1547 617 1642 significet
629 1549 871 1642 colligendam,
884 1549 1100 1642 distinguens
1113 1557 1230 1644 aperte
1243 1571 1284 1621 ex
1299 1571 1368 1642 qua
1381 1571 1485 1621 causa
1500 1557 1535 1622 et
1547 1570 1618 1643 quo

208 1671 354 1744 termino
375 1670 559 1760 debeatur,
579 1681 613 1744 et
638 1672 835 1766 exprimens
862 1671 1022 1744 distincta
1049 1673 1189 1744 nomina
1213 1671 1426 1763 debitorum;
1449 1671 1620 1766 significet

208 1815 446 1889 quoscumque
460 1815 523 1889 pro
541 1794 672 1868 eisdem
688 1793 909 1888 fidejussores
925 1795 1162 1889 ecquomodo,
1178 1794 1419 1868 nichilominus
1434 1805 1619 1888 quaternos

208 1939 291 1991 snos
309 1939 413 1990 manu
432 1918 575 1990 sollicita
590 1918 803 1992 revolvendo
816 1929 851 1992 et
864 1920 1018 2014 inspecta
1031 1919 1186 2014 qualibet
1202 1919 1347 2012 pecunie
1362 1939 1467 2014 quam
1482 1919 1621 1992 miserat

208 2042 416 2136 quantitate,
437 2041 591 2135 quolibet
608 2062 700 2113 anno
716 2063 835 2114 mense
850 2042 987 2136 augusti
1002 2042 1105 2113 totius
1123 2042 1271 2137 pecunie
1289 2063 1459 2115 summam
1474 2064 1545 2137 que
1558 2063 1620 2138 per

209 2163 371 2237 eumdem
385 2164 599 2236 collectorem
618 2165 729 2236 luerat
744 2165 918 2257 assignata
933 2165 1102 2236 voraciter
1119 2173 1153 2235 et
1175 2165 1334 2236 distincte
1356 2166 1429 2237 suis
1446 2165 1546 2237 nobis
1561 2166 1621 2238 lic·

209 2287 291 2360 teris
312 2287 523 2376 intimando,
544 2288 763 2361 recollectore
783 2289 926 2360 formam
948 2288 1122 2360 relationis
1143 2287 1300 2380 ejusdem
1325 2309 1387 2382 per
1408 2289 1525 2360 omnia
1547 2311 1622 2362 ser-

209 2419 345 2484 vaturo.
368 2411 404 2483 Si
429 2412 515 2484 torte
539 2411 664 2506 aliquis
686 2411 880 2484 debitorum
904 2411 940 2482 iu
962 2411 1128 2484 solvendo
1148 2410 1244 2504 quod
1262 2410 1421 2484 debuerit
1441 2433 1479 2484 ss
1493 2421 1622 2487 contu-

209 2555 342 2608 macem
364 2534 549 2608 ostenderit
576 2535 632 2608 vel
656 2534 857 2623 remissum,
875 2535 1029 2628 requisiti
1049 2534 1212 2607 officiales
1235 2533 1282 2607 ad
1309 2535 1407 2606 illum
1428 2536 1621 2629 cogendum

209 2679 271 2754 per
288 2679 469 2754 personam
483 2665 518 2730 et
532 2679 588 2730 res
603 2679 685 2730 suas
703 2658 887 2731 efficaciter
903 2657 969 2730 sibi
983 2658 1143 2729 assistere
1161 2657 1311 2730 debeant
1326 2679 1410 2752 ope,
1432 2659 1573 2732 consilio
1587 2670 1623 2732 et

210 2784 347 2874 lavore,
367 2791 469 2878 prout
492 2782 688 2854 recollector
703 2792 737 2854 st
758 2782 821 2876 ipsi
845 2782 968 2853 melius
990 2779 1140 2854 viderint
1163 2779 1342 2875 expedire.
1366 2781 1507 2876 Propter
1526 2783 1623 2876 quod

210 2906 385 2978 universis
401 2907 436 2980 el
450 2906 596 3000 singulis
611 2913 764 2978 vestrum
779 2904 933 2978 districte
948 2905 1158 3001 precipimus
1172 2913 1208 2976 et
1230 2903 1435 2977 mandamus
1452 2915 1623 2999 quatenus

210 3027 357 3124 quilibet
371 3037 525 3102 vestrum
549 3028 725 3100 nominato
741 3029 777 3098 S.
799 3025 892 3099 fideli
909 3037 1025 3100 nostro
1041 3048 1297 3120 quamcumque
1318 3028 1500 3121 pecuniam
1525 3037 1561 3101 et
1576 3051 1623 3101 ex

208 3173 431 3248 quacumque
446 3173 551 3226 causa
566 3153 663 3226 curie
679 3158 795 3222 nostre
811 3149 964 3223 debitam
980 3171 1022 3222 eo
1041 3149 1144 3222 modo
1165 3160 1200 3222 et
1217 3149 1338 3222 ordine
1354 3152 1444 3222 sicut
1464 3154 1623 3246 superius

209 3285 262 3350 est
272 3297 475 3370 expressum
488 3273 757 3367 recolligendam
770 3294 831 3368 per
847 3273 974 3368 ipsum,
992 3273 1065 3345 suis
1080 3272 1205 3344 lioteris
1217 3294 1365 3366 quarum
1382 3273 1476 3368 apud
1491 3296 1529 3346 se
1540 3295 1622 3348 con·

209 3398 389 3470 tinentiam
402 3398 603 3488 reservabit,
619 3395 814 3490 significare
830 3404 1001 3490 procuret,
1019 3393 1176 3488 cogendo
1190 3395 1431 3468 nichilominus
1444 3395 1490 3468 ad
1508 3399 1623 3492 requi·

210 3523 371 3596 sitionem
388 3522 544 3615 ejusdem
561 3521 771 3595 districtione
786 3542 858 3614 qua
876 3519 1038 3593 convenit
1051 3519 1233 3592 universos
1249 3529 1284 3591 st
1301 3520 1455 3613 singulos
1470 3523 1623 3617 ipsarum

210 3647 361 3742 partium
378 3647 440 3740 qui
456 3647 492 3718 in
507 3646 677 3718 solutione
697 3643 804 3716 debiti
820 3652 1038 3716 contumaces
1056 3644 1277 3740 apparuerint
1295 3651 1330 3715 et
1342 3645 1487 3717 remissi.

261 3766 399 3868 [Datum
415 3779 453 3840 ut
467 3766 603 3867 supra]

259 3894 390 3966 Eodem
407 3893 464 3966 dis
480 3894 609 3967 ibidem
625 3893 670 3966 de
683 3892 804 3966 eodem
822 3893 985 3966 mandato
1000 3895 1136 3988 scripsit
1152 3893 1244 3968 idem
1256 3894 1385 3967 similes
1400 3895 1537 3968 licteras
1553 3906 1623 3970 tam

211 4027 347 4112 apertas
363 4039 468 4112 quarn
488 4019 623 4090 clausas
641 4038 704 4112 pro
719 4017 894 4111 Stephano
912 4016 959 4088 de
976 4017 1163 4090 llcmoaldo
1182 4028 1309 4090 statuto
1329 4019 1546 4092 recollectore
1564 4041 1625 4115 per

211 4141 350 4211 Terram
366 4141 516 4233 Laboris,
534 4141 734 4212 comitatum
747 4141 884 4232 Molisii,
902 4140 1133 4235 Principatum
1147 4151 1181 4214 st
1192 4151 1316 4214 terram
1329 4145 1621 4234 Beneventanum,

211 4272 247 4335 et
260 4263 461 4336 mandatum
484 4273 536 4336 est
559 4265 626 4336 sibi
650 4273 688 4334 ut
705 4285 842 4337 omnem
859 4264 1041 4359 pecuniam
1057 4286 1163 4359 quam
1184 4266 1332 4358 conliget
1353 4266 1389 4337 in
1408 4275 1520 4340 castro
1534 4269 1623 4342 Nea·

212 4385 299 4481 polis
318 4387 420 4460 iaciat
433 4388 642 4460 conservari.

260 4510 394 4582 Similes
411 4522 481 4582 tam
502 4521 636 4606 apertas
652 4531 757 4604 quam
774 4512 909 4585 clausas
926 4512 1064 4607 scripsit
1087 4512 1180 4586 idem
1196 4536 1257 4608 pro
1269 4515 1389 4608 judice
1405 4516 1561 4613 Philippo
1579 4517 1625 4592 de

211 4633 344 4705 Aversa
361 4641 488 4706 statuto
510 4636 728 4707 recollectore
750 4656 811 4728 per
825 4635 1077 4730 Capitanatam‚
1096 4637 1330 4728 Basilicatam,
1348 4649 1475 4713 terram
1491 4643 1569 4715 Bari
1590 4654 1625 4718 et

293 4755 329 4817 v.
1425 4771 1462 4824 sa
