4242 5904
187 601 284 660 lsnrcr.
304 594 363 679 ta]
629 590 826 652 HISTORIA
853 587 1142 652 urrnottartea
1533 579 1594 640 949

189 731 289 806 dictis
304 725 576 803 civibusnostris
593 723 755 798 fidelibus
770 725 878 824 passis
902 723 1062 816 iniuriam
1082 718 1321 818 persolvenda.
1339 717 1384 790 Ut
1399 725 1513 790 antem
1530 715 1595 788 hec

188 864 303 928 nostra
316 851 482 950 protectio
499 861 535 922 et
549 848 762 922 confirmatio
778 849 883 920 robur
895 849 1047 943 optineat
1066 853 1229 940 perpetue
1248 842 1432 932 firmitatis,
1453 861 1595 936 presens

191 979 409 1074 privilegium
437 974 511 1046 fieri
533 983 568 1046 et
588 972 699 1066 sigillo
716 973 902 1064 majestatis
919 981 1034 1044 nostre
1053 971 1219 1064 jussimus
1236 967 1460 1056 communiri,
1481 986 1592 1056 anno,

189 1121 307 1172 mense
323 1108 357 1172 et
372 1097 558 1170 indictione
576 1095 788 1190 subscriptis.

237 1227 360 1296 Datum
378 1222 563 1310 Cremone,
584 1239 676 1292 auno
698 1217 870 1290 dominice
890 1215 1133 1288 incarnationis
1160 1213 1339 1285 millesimo
1362 1210 1596 1284 ducentesimo

189 1349 359 1420 tricesimo
375 1355 513 1432 octavo,
533 1363 651 1415 meuse
668 1341 836 1432 octobris,
862 1341 1065 1415 duodecime
1086 1337 1301 1426 indictionis,
1325 1336 1513 1430 imperante
1529 1334 1597 1407 do-

189 1473 282 1544 mino
299 1477 416 1542 nostro
433 1467 605 1540 Friderioo
627 1464 798 1552 secundo,
820 1453 882 1536 Dei
903 1465 1013 1556 gratia
1035 1462 1259 1534 invictissimo
1276 1461 1508 1532 Romanorum
1531 1459 1598 1528 im·

190 1605 344 1691 peratore
362 1613 498 1687 semper
518 1599 685 1684 augusto,
704 1589 889 1660 Jerusalem
907 1599 941 1660 et
955 1586 1069 1658 Sicilie
1083 1605 1165 1679 rege
1183 1582 1346 1680 pacifico,
1367 1582 1499 1677 imperii
1522 1583 1598 1674 ejus

190 1739 280 1790 anno
296 1716 430 1789 decimo
445 1724 589 1803 octavo,
608 1712 706 1806 regni
722 1711 909 1784 Jerusalem
927 1709 1153 1798 duodecimo,
1171 1708 1267 1802 regni
1281 1727 1364 1780 vero
1383 1706 1498 1779 Sicilie
1511 1727 1598 1800 qua·

193 1840 408 1934 dragesimo,
428 1839 580 1910 feliciter.
598 1837 720 1908 Amen.

982 2138 1237 2146 »am---q-
1245 2139 1262 2145 ..
1270 2139 1290 2146 ..ι
1300 2139 1354 2147 ua·-

416 2147 459 2160 ,..
472 2145 567 2152 .......-
589 2145 609 2152 ..
631 2141 837 2150 .-.-....-.....-..-
850 2139 976 2148 ..-...-....-

245 2405 546 2514 Herbipolensis,
581 2405 895 2508 Wormeciensis,
929 2404 1176 2486 vercellensis
1205 2415 1243 2486 et
1267 2405 1481 2486 Parmensis
1511 2406 1601 2514 epi·
1684 2423 1757 2510 κω·

197 2540 318 2647 scopi,
343 2564 366 2619 a
383 2564 483 2647 papa
500 2537 663 2646 delegati
681 2538 731 2619 ad
749 2537 1034 2620 admonendum
1051 2537 1318 2646 imperatorem
1335 2538 1383 2620 de
1401 2537 1602 2646 gravam-

198 2671 312 2754 nibus
338 2671 528 2753 Ecclesiae
551 2671 591 2750 in
616 2671 746 2754 Italiac
771 2670 943 2778 partibus
965 2670 1096 2776 illatis,
1121 2669 1334 2753 rescribunt
1351 2697 1470 2780 papae
1496 2697 1603 2781 qua-

196 2805 280 2887 liter
297 2806 398 2888 idem
417 2805 621 2914 imperator
638 2803 746 2912 ipsis,
767 2802 806 2885 in
825 2804 1037 2912 praesentia
1055 2803 1279 2910 multorum,
1300 2828 1414 2912 super
1430 2801 1604 2912 capitulis

197 2937 374 3022 omnibus
391 2963 491 3048 quae
512 2937 653 3019 ibidem
681 2937 947 3044 exprimuntur
965 2937 1220 3045 responderit,
1241 2961 1281 3018 se
1299 2937 1348 3017 ad
1371 2935 1551 3020 unionem
1569 2947 1606 3019 et

197 3080 520 3179 paoemparetum
540 3069 788 3152 ostendendo.
1385 3077 1388 3086 '

280 3267 824 3349 (EdiditMarr.Pan1s‚Hirt.maj.
841 3266 930 3350 Acyl.
951 3271 989 3329 ad
1002 3286 1072 3330 ann.
1095 3277 1184 3342 tatu,
1205 3287 1236 3346 p.
1261 3277 1404 3346 att-8³5,
1423 3270 1492 3332 edit.
1511 3272 1605 3333 Parls.

321 3383 406 3436 1644.
422 3377 521 3451 Quum
529 3382 617 3436 uotae
628 3375 849 3454 chronologicae
863 3375 972 3435 ibidem
981 3376 1094 3448 desint,
1104 3376 1159 3436 bas
1172 3376 1371 3452 supplevimus
1381 3394 1418 3437 ex
1428 3379 1605 3454 Monesen,

317 3479 418 3563 Antip.
433 3477 515 3559 Ital,
530 3489 554 3542 t.
569 3482 628 3556 Vl,
643 3499 675 3558 p.
691 3491 742 3554 st,
757 3482 809 3543 ubl
822 3483 974 3560 prlvllegta
985 3483 1129 3543 Ecclesiae
1141 3483 1293 3543 Romanae
1305 3499 1323 3542 e
1335 3484 1466 3561 catalogo
1479 3484 1605 3546 chartar.

321 3587 431 3648 srcblvl
444 3589 571 3649 Romani
587 3605 665 3648 anno
688 3597 765 3648 tatto
780 3587 913 3648 coniecto
936 3587 1094 3666 recenset.)

250 3759 470 3831 Sanctissimo
487 3759 574 3853 patri
590 3760 625 3829 in
641 3759 774 3832 Christo
791 3759 973 3852 Gregori0,
992 3761 1055 3832 Dei
1079 3759 1189 3852 gratia
1204 3783 1339 3834 summo
1361 3762 1533 3856 pontifici,
1554 3763 1610 3835 sui

205 3880 320 3953 devoti
336 3881 612 3976 Herbipolensis‚
630 3883 911 3974 Wormaciensis,
933 3885 1156 3957 vercellensis
1174 3895 1208 3958 et
1230 3887 1422 3958 Parmensis
1436 3886 1608 3982 episcopi,

206 4001 368 4076 humilem
388 4005 442 4075 sui
463 4004 797 4077 commendationem
815 4018 849 4077 et
868 4009 1093 4080 reverentiam
1116 4019 1185 4080 tam
1207 4008 1358 4082 debitam
1376 4033 1480 4104 quam
1500 4009 1612 4084 devo-

208 4137 288 4198 tam.
318 4125 404 4214 Cum
432 4129 525 4199 omni
554 4130 746 4200 reverentia
772 4139 806 4201 et
837 4129 1020 4203 devotione
1046 4133 1237 4226 recepimus
1270 4134 1400 4206 litteras
1424 4135 1612 4228 apostolice

208 4251 392 4324 sanctitatis
407 4273 468 4346 per
480 4274 568 4344 quas
588 4252 681 4324 missi
703 4251 832 4323 inimus
846 4252 1032 4327 admonere
1052 4256 1230 4327 dominum
1252 4267 1404 4328 nostrum
1422 4258 1613 4331 Romanum

209 4374 395 4470 principem
422 4396 527 4469 super
550 4375 760 4467 quibusdam
784 4375 941 4469 capitulis
960 4377 1010 4472 (a)
1026 4398 1095 4470 que
1115 4379 1216 4450 missa
1242 4390 1321 4451 sunt
1343 4380 1474 4453 eisdem
1495 4382 1614 4455 litteris

211 4496 401 4570 interclusa.
427 4499 497 4570 Nos
521 4509 636 4570 autem
666 4519 713 4570 ex
742 4497 939 4571 obedientie
963 4498 1081 4572 debito
1105 4521 1176 4595 qua
1203 4509 1377 4594 tenemur,
1406 4503 1452 4576 ad
1480 4513 1614 4576 tantum

251 4685 290 4767 (a)
311 4689 347 4748 ln
360 4690 502 4766 impresso
513 4687 664 4768 cupitline,
677 4688 763 4750 male.

274 4794 324 4856 ll.
1419 4807 1456 4859 ar
