4228 5892
269 544 446 630 lmlc'r.12.]
718 546 914 610 HISTORIA
939 545 1230 608 ulammaulas.
1617 535 1675 597 371

273 682 357 754 tales
374 681 467 752 missi
487 679 657 775 qualeset
677 681 896 776 recipientem
918 681 1035 754 decuit
1057 689 1092 754 et
1107 681 1308 754 mittentem.
1330 675 1543 751 llisissemns
1564 677 1680 743 autem

272 813 309 878 et
324 825 386 878 uos
399 825 460 899 per
478 803 624 875 nuncios
638 813 770 877 nostros
784 805 829 879 de
846 805 1002 900 partibus
1023 805 1096 877 istis
1110 804 1199 898 joias
1218 802 1313 896 regie
1334 795 1588 889 magnificentie
1603 815 1680 886 gra·

273 928 402 1019 cineas,
424 928 490 999 nisi
508 925 606 1021 quod
620 929 665 1000 ad
681 950 819 1022 presens
838 930 971 1002 viarum
992 928 1272 1022 discriminaque
1297 926 1333 996 in
1358 920 1569 1016 quibusdam
1595 917 1681 991 locis

274 1051 455 1124 imminent
485 1051 670 1123 vetuerint.
694 1053 782 1124 llooe
806 1065 920 1126 tamen
950 1051 1046 1146 qnod
1061 1050 1327 1124 bononiensium
1356 1045 1536 1118 rebellium
1566 1042 1682 1137 depo·

274 1173 451 1270 pulatione
475 1174 521 1246 ad
549 1195 653 1268 quarn
674 1185 816 1248 vorante
833 1175 915 1266 igne
936 1196 978 1247 ac
996 1184 1149 1247 vastante
1171 1173 1287 1268 gladio
1309 1179 1528 1266 prepotenter
1549 1167 1681 1240 insisti-

275 1317 371 1388 mus,
400 1296 436 1366 iu
461 1295 559 1368 brevi
587 1298 857 1392 circumquaque
879 1306 1031 1392 peracta,
1060 1296 1106 1370 ad
1133 1294 1381 1368 conterendum
1409 1303 1514 1387 caput
1536 1291 1681 1387 perfidie

273 1419 506 1493 Mediolanum
533 1420 709 1493 civitatem
734 1421 919 1494 victoriosa
945 1420 1105 1516 potencia
1136 1418 1375 1515 procedemus.
1400 1416 1466 1489 Ubi
1493 1424 1681 1489 extremam

274 1543 510 1615 confusionem
528 1553 562 1614 et
577 1541 839 1615 inestimabilem
861 1543 1101 1616 universorum
1117 1543 1295 1614 rebellium
1316 1549 1463 1634 stragem
1488 1539 1524 1611 in
1547 1538 1681 1612 coutri-

274 1666 370 1739 tioue
387 1666 507 1761 capitis
521 1667 688 1739 felicitatis
708 1667 807 1740 nobis
827 1667 946 1739 arrisio
964 1668 1013 1740 sic
1030 1667 1225 1739 continuata
1242 1663 1428 1760 promittit,
1446 1672 1481 1734 et
1497 1673 1579 1736 tunc
1601 1685 1681 1736 cum

274 1789 462 1864 viciniores
485 1785 631 1878 erimus,
662 1809 724 1884 per
749 1790 914 1884 speciales
940 1790 1085 1862 nuncios
1109 1797 1241 1861 nostros
1264 1787 1493 1859 salutabimus
1519 1786 1681 1860 dilectum

275 1935 391 2008 regem
420 1911 457 1985 iu
484 1913 653 1988 missiset
677 1913 916 1986 letificabimus
940 1915 974 1984 iu
1000 1913 1194 1987 victoriosis
1217 1931 1440 1984 successuum
1464 1911 1681 1984 felicitatibus

275 2037 472 2134 peroptatis.

1245 2249 1470 2260 -ι--ι-υι

325 2469 395 2552 Die
411 2468 603 2552 dominico
621 2469 687 2554 ΧΗ
703 2465 888 2552 kalendas
905 2469 1143 2580 septembris,
1158 2470 1363 2579 imperator
1374 2496 1463 2552 cum
1479 2479 1560 2553 toto
1578 2496 1686 2554 exer-

271 2601 350 2684 citu
370 2629 439 2686 suo
457 2601 559 2687 venit
576 2604 774 2710 Parmam,
794 2603 931 2686 deinde
954 2629 1043 2687 enm
1068 2603 1148 2686 suis
1170 2603 1356 2698 militibus
1378 2603 1559 2713 equitavit
1586 2605 1684 2688 Gre-

273 2759 443 2818 monam.
484 2735 638 2825 Interea
680 2736 884 2846 Gregorius
931 2737 981 2820 de
1018 2735 1261 2847 Montelongo
1298 2763 1387 2819 cum
1424 2736 1687 2824 Mediolanen-

274 2865 381 2949 sibus
410 2893 547 2950 cavum
572 2868 732 2952 Addnae
758 2868 955 2977 ludebant,
982 2877 1162 2952 conantes
1192 2869 1387 2952 ornabere
1408 2879 1446 2953 et
1472 2871 1686 2956 conducere

273 3024 416 3108 aquam
443 3000 602 3083 Adduae
632 3001 673 3082 iu
704 3000 927 3084 Lambrum.
966 3002 1136 3084 chronic.
1169 3005 1215 3084 de
1245 3004 1323 3085 rab.
1354 3002 1395 3083 ia
1419 3005 1527 3085 ltol..
1549 3005 1680 3112 pastis,

273 3157 313 3240 p.
339 3133 428 3213 179.

328 3577 556 3688 FridericuS,
576 3581 836 3664 Romanorum
855 3581 1076 3692 imperator,
1089 3582 1220 3665 scribit
1235 3582 1546 3669 Raveunensibus
1564 3615 1688 3698 quan·
1800 3620 1850 3654 m

275 3717 359 3794 tum
377 3711 537 3794 miretur
552 3713 656 3822 quod
673 3713 723 3797 ab
742 3713 1038 3824 antiquofideles
1050 3715 1103 3797 ita
1120 3716 1391 3814 declinaverint
1408 3744 1431 3799 a
1448 3718 1538 3826 fide,
1555 3721 1689 3804 mittit-
1754 3820 1765 3840 ·

276 3867 353 3950 que
369 3842 573 3928 Henricum
591 3845 714 3930 filium
736 3873 850 3929 suum
868 3847 1038 3958 legatum
1055 3848 1097 3928 in
1112 3849 1337 3932 Romaniole
1360 3852 1598 3960 generalem,
1620 3855 1688 3964 qni

276 3974 414 4057 iterum
434 3975 483 4058 ab
503 3977 557 4058 eis
572 3977 762 4061 fidelitatis
783 3979 1001 4089 juramenta
1026 3979 1200 4089 recipiat,
1221 4007 1290 4064 nec
1307 4008 1386 4068 uon
1410 3986 1596 4093 promittit
1617 4013 1687 4070 re-

278 4109 498 4191 missionem
523 4109 687 4196 offensae
711 4125 749 4196 et
771 4114 934 4224 gratiam
955 4113 1176 4224 pristinum,
1205 4115 1417 4222 dummodo
1445 4119 1616 4205 celeriter
1632 4123 1690 4206 ad

277 4267 391 4324 suum
409 4241 623 4326 dominium
640 4255 889 4359 revertantur.
1492 4266 1495 4283 ·

359 4440 495 4522 (Edlder.
513 4445 664 4506 Msnrurvn
677 4453 707 4507 et
720 4447 865 4527 Dorsuo,
880 4445 1017 4527 Amplior.
1032 4445 1153 4523 collect„
1166 4455 1190 4510 t.
1205 4450 1244 4523 ll,
1260 4452 1317 4514 ool.
1333 4461 1441 4514 11554
1450 4463 1517 4529 156,
1532 4465 1566 4515 n⁰
1578 4455 1689 4520 XXIV.

279 4587 281 4592 .
395 4581 436 4594 -
446 4549 492 4610 Ibl
504 4568 572 4612 vero
585 4556 743 4617 correctius
756 4571 795 4615 ex
808 4556 874 4616 cod.
884 4555 961 4617 Blbl.
977 4555 1075 4618 Cesar.
1090 4555 1298 4638 Paris.,sondr
1310 4559 1345 4621 S.
1365 4558 1461 4622 Germ
1478 4559 1603 4643 Harlnp,
1619 4573 1689 4642 45⁵,

397 4657 526 4734 parsll,
541 4668 575 4718 n⁰
588 4658 683 4740 LXI.)
1529 4687 1530 4692 ¹
