4228 5892
198 597 295 656 lunum.
315 589 375 674 12]
646 587 843 650 HISTORIA
868 585 1161 648 DlPLOMATICA.
1550 589 1606 650 381

199 739 299 804 antea
314 727 484 822 gratiora,
505 723 551 798 de
565 724 727 798 omnibus
740 723 947 810 honoribus,
962 723 1112 816 juribus,
1124 722 1266 815 justitiis
1284 730 1319 795 et
1332 721 1610 819 quibuscumque

199 852 438 946 dignitatibus,
452 849 613 940 castellis,
625 848 719 920 villis
729 847 970 922 ethominibus
983 867 1053 941 qne
1067 855 1136 918 tum
1150 847 1224 942 ipse
1235 867 1339 940 qnam
1353 847 1610 942 predecessores

197 977 252 1050 sui
266 999 286 1050 a
299 975 401 1048 uobis
414 983 448 1046 et
463 973 609 1069 imperio
622 971 791 1044 hactenus
806 979 1005 1052 tenuerunt,
1017 970 1132 1064 adepti
1147 979 1181 1042 et
1194 970 1247 1041 usi
1262 980 1342 1042 sunt
1353 969 1506 1063 quolibet
1516 973 1610 1063 juste

198 1101 296 1173 titolo
309 1121 378 1194 que
391 1099 428 1170 in
442 1097 581 1170 servitio
597 1097 633 1168 in
645 1095 825 1170 seruitium
841 1104 954 1189 etque
969 1095 1004 1166 in
1019 1094 1179 1166 demanio
1193 1094 1451 1184 indemanium,
1464 1095 1610 1168 investi-

198 1245 277 1296 mus
293 1224 407 1318 ipsum
422 1221 468 1294 de
484 1231 599 1294 nostre
619 1221 730 1315 gratia
746 1218 951 1312 meJestatis,
971 1191 1209 1290 confirmantes
1225 1217 1338 1290 eidem
1352 1218 1467 1289 omnia
1486 1239 1609 1314 supra·

198 1344 290 1417 dicta
306 1366 376 1440 que
391 1345 427 1415 iu
448 1343 554 1416 feudo
576 1366 597 1416 a
613 1343 714 1416 nobis
730 1351 764 1414 et
779 1341 924 1437 imperio
941 1339 1094 1413 marchio
1111 1340 1331 1434 supradictus
1347 1341 1500 1413 noscitur
1517 1341 1606 1412 deti·

197 1489 291 1540 nere.
324 1469 375 1538 De
406 1466 650 1540 abundantiori
682 1485 823 1560 qnoque
847 1461 1081 1536 munificentie
1114 1471 1229 1535 nostre
1263 1463 1375 1556 gratia
1403 1464 1609 1538 remittimus

197 1590 351 1684 predicto
363 1590 553 1662 marchioni
568 1599 603 1662 et
615 1569 802 1662 heredibus
819 1587 856 1659 in
873 1595 1076 1682 perpetuum
1090 1607 1191 1658 omne
1205 1587 1264 1678 jus
1281 1596 1317 1660 et
1331 1587 1499 1659 actionem
1513 1589 1608 1682 quod

196 1713 253 1786 vel
275 1735 381 1807 qnam
400 1713 570 1784 babemus
591 1713 649 1784 vel
670 1712 799 1784 babere
820 1731 1005 1805 possumus
1025 1710 1060 1780 iu
1088 1709 1187 1782 bonis
1207 1719 1277 1781 tam
1301 1710 1486 1782 mobilibus
1503 1733 1609 1807 quum

198 1836 446 1927 immobilibus,
459 1835 756 1930 patrimonialibus
764 1856 827 1907 sen
841 1833 1050 1924 feudalibus,
1062 1853 1108 1904 ex
1120 1834 1338 1906 successione
1349 1833 1525 1928 quondam
1538 1837 1610 1908 lle-

197 1960 310 2032 metrii
326 1961 418 2052 regis
436 1959 752 2032 Thessalonicensis
766 1958 828 2052 qui
848 1979 911 2029 nos
926 1957 991 2029 sibi
1006 1955 1170 2030 heredem
1189 1956 1234 2030 de
1251 1958 1413 2030 omnibus
1424 1959 1523 2032 bonis
1536 1961 1609 2032 suis

196 2084 232 2154 iu
249 2084 373 2156 ultima
389 2083 565 2156 voluntate
584 2082 721 2176 reliquit
737 2079 802 2174 (l).
821 2081 882 2153 Ius
899 2089 1055 2176 preterea
1076 2080 1295 2154 electionem
1313 2081 1408 2175 quod
1423 2082 1481 2153 vel
1504 2105 1607 2176 quam

197 2205 377 2279 moranus
398 2205 595 2278 carissimus
611 2203 704 2276 filius
728 2213 856 2294 noster,
877 2203 912 2274 in
934 2205 1165 2278 Romanorum
1182 2225 1298 2296 regem
1315 2205 1445 2276 electus
1458 2215 1494 2277 et
1510 2209 1608 2300 regni

196 2329 494 2425 Hierosolymitani
510 2349 701 2417 successor,
720 2328 757 2399 in
772 2328 873 2400 bonis
888 2328 1096 2399 marchionis
1107 2327 1251 2423 predicti
1262 2327 1387 2400 habere
1397 2328 1610 2422 dignoscitur

192 2453 272 2544 jure
289 2453 519 2525 successionis
545 2451 722 2546 qnondam
747 2451 864 2524 matris
878 2472 942 2523 sue
958 2451 1086 2546 inclyte
1105 2451 1353 2524 recordationis
1368 2453 1511 2526 lsabelle
1527 2453 1609 2527 dive

196 2583 344 2669 auguste
366 2575 545 2669 quondam
572 2576 737 2648 consortis
758 2583 891 2666 nostre,
909 2595 978 2668 que
997 2575 1063 2646 init
1078 2575 1149 2646 lilia
1167 2573 1237 2647 filie
1254 2576 1336 2648 olim
1358 2577 1503 2650 Gouradi
1517 2599 1608 2650 mar-

196 2699 329 2771 chionis
341 2700 566 2772 Montislerati
586 2699 680 2791 regis
698 2699 1016 2795 Hierosolymitaui,
1042 2697 1087 2771 de
1106 2697 1339 2772 munificentie
1360 2709 1476 2773 nostre
1498 2701 1609 2794 gratia

196 2822 365 2896 duximus
376 2822 592 2896 remittenda.
615 2823 665 2894 De
683 2823 822 2917 speciali
835 2823 938 2896 etiam
954 2831 989 2896 et
1004 2822 1155 2894 uberiori
1170 2822 1278 2915 gratia
1292 2824 1478 2916 majestatis
1496 2837 1609 2898 nostre

196 2943 444 3018 confirmamus
456 2947 588 3040 prelato
604 2945 793 3017 marchioni
812 2945 1033 3040 privilegium
1047 2945 1182 3018 dudum
1199 2944 1368 3017 Gulielmo
1384 2948 1471 3042 patri
1486 2968 1550 3022 suo
1563 2949 1609 3021 ab

195 3069 403 3141 excellentia
418 3078 534 3142 nostra
549 3089 750 3142 concessum
764 3069 800 3139 in
810 3067 1062 3164 Theutoniaffi)
1078 3077 1232 3163 tempore
1244 3070 1341 3162 regni
1353 3069 1479 3162 nostri,
1493 3074 1609 3145 omnia

195 3211 266 3284 que
281 3192 500 3265 continentur
515 3195 551 3264 in
570 3214 630 3285 eo,
651 3193 782 3266 scilieet
798 3201 948 3266 castmm
963 3191 1144 3276 Paciliani,
1165 3201 1314 3264 castrum
1329 3193 1469 3265 Torcelli
1488 3202 1523 3266 et
1538 3195 1610 3268 duo

196 3322 395 3409 castraque
411 3330 492 3388 eunt
514 3317 550 3387 in
570 3316 646 3410 ripa
664 3315 749 3388 Padi
769 3337 840 3410 qne
860 3324 1029 3391 vocantur
1046 3315 1191 3388 Cuuiola
1205 3337 1286 3387 cum
1299 3315 1412 3410 burgo
1424 3317 1607 3408 Pacilieni,

198 3459 278 3510 cum
304 3439 398 3510 villis
420 3450 455 3512 et
479 3439 633 3511 curtibus
656 3449 692 3512 et
715 3439 891 3513 territoriis
911 3439 1079 3512 dictorum
1105 3447 1293 3512 castrorum
1313 3439 1348 3510 in
1366 3438 1607 3532 fidelitatibus,

201 3561 423 3654 exercitibus,
443 3563 612 3656 angariis,
628 3563 749 3658 aquis,
766 3564 904 3660 pascuis
923 3571 958 3636 et
974 3563 1241 3658 piseationibus,
1261 3562 1519 3654 venationibus,
1535 3565 1610 3662 pla·

199 3686 294 3778 citis,
314 3685 457 3776 bannis,
484 3687 778 3776 successionibus,
796 3687 920 3783 pratis,
939 3686 1145 3784 paludibus,
1170 3687 1270 3758 cultis
1294 3695 1329 3758 et
1353 3686 1507 3778 incultis,
1531 3711 1611 3762 mo-

200 3809 351 3882 lendinis
360 3864 371 3903 ,
387 3811 550 3906 pontibus
564 3821 599 3883 et
614 3813 772 3906 pontium
792 3811 1041 3884 munitionibus
1057 3819 1091 3882 et
1103 3810 1298 3906 specialiter
1316 3811 1431 3906 pontis
1447 3811 1607 3905 Cuuiolii,

196 3951 276 4003 cum
293 3931 394 4027 aquis
418 3933 502 4006 Padi
521 3943 556 4006 et
579 3936 680 4008 alveo
704 3957 751 4006 ex
769 3943 916 4029 utraque
935 3942 1032 4028 parte
1053 3955 1132 4005 euru
1154 3933 1228 4028 ripa
1250 3933 1340 4005 sicut
1357 3933 1611 4029 pretenduntur

140 4133 145 4142 ,
196 4063 311 4126 curtes
324 4055 557 4151 predictorum
573 4066 814 4131 nostrorumst
836 4057 1042 4150 generaliter
1060 4057 1175 4131 omnia
1196 4057 1266 4128 alia
1286 4065 1320 4128 et
1341 4057 1479 4150 singula
1494 4060 1560 4134 sibi
1576 4073 1612 4134 et

194 4176 381 4252 heredibus
396 4181 433 4252 in
449 4189 657 4276 perpetuum
671 4203 719 4253 ex
735 4190 828 4254 certa
844 4182 986 4254 scientia
1007 4179 1261 4254 confirmamus.
1282 4182 1472 4256 Statnimns
1493 4185 1611 4280 itaque

196 4311 230 4374 et
241 4302 410 4398 imperiali
423 4304 596 4377 sancimus
608 4303 721 4378 edicto
734 4313 905 4399 quatenns
916 4306 1010 4378 nulla
1023 4326 1168 4400 persona
1184 4305 1252 4380 alta
1263 4307 1321 4379 vel
1334 4304 1488 4398 humilis,
1501 4310 1616 4382 eccle-¹

232 4590 270 4664 (l)
289 4591 396 4650 Scilicet
407 4607 479 4654 auno
493 4597 573 4654 ttt't.
588 4595 675 4668 Hujus
686 4593 838 4652 testamenti
849 4599 951 4654 textum
964 4595 1062 4654 frustra
1074 4595 1102 4652 in
1112 4596 1226 4655 diversis
1236 4597 1302 4656 locis
1313 4598 1521 4672 disquisivimus.

229 4688 267 4762 lt)
285 4687 326 4747 Cl.
339 4705 423 4765 snpra
434 4691 649 4764 instrumentum,
663 4697 685 4749 t.
698 4693 720 4763 l,
733 4708 761 4766 p.
777 4695 840 4750 599.
