4226 5900
198 593 296 656 issia.
316 593 376 676 ra]
643 592 838 654 nrsronra
864 561 1157 658 nrrnouarrca
1546 592 1606 654 aar

198 751 260 822 per
275 730 412 802 lieteras
434 736 570 800 nostras
589 724 722 820 angelo
736 727 782 800 de
794 728 905 802 Marra
925 729 1159 826 predecessori
1178 739 1237 802 tuo
1261 738 1300 800 ut
1317 728 1491 825 predictos
1508 749 1606 800 mer-

197 862 330 926 catores
348 852 393 925 de
412 851 560 947 pecunia
585 851 661 944 ipsa
680 849 871 924 secuudum
894 853 1039 926 lormam
1063 853 1258 926 lieterarum
1275 861 1469 926 nostrarum
1485 861 1608 946 peten-

199 976 286 1048 tium
305 985 472 1049 eteorum
490 995 579 1070 quas
600 974 666 1046 sibi
687 973 862 1066 misimus,
885 975 921 1046 in
940 976 1095 1071 predicto
1111 976 1256 1050 termino
1274 976 1456 1068 quietarct.
1478 976 1607 1049 Verum

198 1099 282 1191 quia
302 1097 420 1172 medio
446 1109 600 1193 tempore
627 1098 822 1192 predictum
838 1096 1008 1192 Angelum
1034 1098 1079 1172 dc
1101 1100 1211 1172 Murra
1228 1099 1273 1172 ab
1291 1099 1404 1172 officio
1425 1099 1520 1193 quod
1538 1099 1609 1171 ba-

199 1219 305 1294 bebat
321 1221 488 1313 contingit
505 1221 671 1306 amoveri,
692 1231 829 1315 propter
848 1221 944 1314 quod
960 1222 1122 1294 volumus
1140 1231 1345 1294 mercatores
1363 1222 1534 1317 predictos
1548 1245 1609 1318 per

200 1354 235 1418 te
249 1345 311 1438 qni
328 1345 535 1416 substitutus
559 1365 597 1416 as
623 1344 671 1415 illi
690 1344 735 1418 dc
757 1344 912 1439 predicto
933 1355 1054 1418 mutuo
1077 1345 1239 1438 quietari;
1262 1343 1416 1418 fidelitati
1445 1354 1504 1418 tue
1528 1369 1610 1441 pre-

200 1465 363 1562 cipiendo
380 1465 586 1538 mandamus
603 1476 792 1560 quatenus,
815 1469 844 1540 si
863 1477 1069 1540 mercatores
1090 1469 1155 1563 ipsi
1178 1467 1349 1564 predictas
1375 1469 1512 1542 lictores
1529 1492 1610 1543 nos·

200 1602 271 1662 tras
292 1599 363 1663 tam
381 1599 536 1685 patentes
556 1612 660 1684 quam
679 1590 764 1662 alias
781 1613 868 1684 quas
887 1592 1043 1664 misimus
1062 1591 1195 1686 Augclo
1213 1601 1413 1688 pretaxato,
1438 1595 1501 1667 tibi
1524 1597 1610 1669 assi·

201 1714 448 1808 graverinum
466 1714 558 1807 ipsas
576 1713 756 1807 recipiens,
771 1715 864 1809 ipsos
876 1715 911 1786 in
927 1715 1080 1809 predicto
1097 1717 1242 1790 termino
1256 1717 1449 1790 secundum
1466 1720 1610 1794 formum

201 1838 395 1910 lieterarum
416 1838 567 1930 ipsarum
591 1837 636 1910 de
659 1837 814 1930 predicta
839 1840 985 1932 pecunia
1006 1839 1135 1912 debeas
1160 1841 1333 1933 quietare,
1359 1851 1428 1914 tam
1454 1841 1611 1918 desorto

203 1983 309 2054 quam
327 1960 373 2034 de
390 1961 568 2050 interesse,
585 1961 614 2032 si
632 1963 729 2049 lorte,
748 1961 844 2055 qnod
861 1963 1000 2034 omnino
1017 1963 1190 2054 nolumus,
1210 1974 1286 2058 post
1302 1965 1484 2038 terminum
1499 1968 1610 2062 ipsum

203 2085 327 2158 solutio
348 2084 554 2158 differretur.
575 2085 625 2156 Tu
650 2096 765 2157 tamen
788 2085 973 2179 provideas
1000 2086 1183 2179 diligenter
1206 2107 1251 2158 ne
1274 2089 1441 2162 terminus
1465 2099 1614 2164 transeat

203 2219 341 2305 propter
363 2209 415 2280 tui
438 2209 683 2302 negligentiam
703 2208 800 2303 quod
819 2209 1008 2302 dampnum
1029 2210 1111 2282 inde
1134 2211 1228 2284 ouria
1253 2222 1369 2284 nostra
1390 2213 1557 2303 incorrat,
1580 2227 1614 2288 et

203 2333 348 2426 receptis
380 2332 542 2427 predictis
571 2333 718 2422 licteris,
749 2333 992 2406 nichilominus
1019 2333 1256 2408 desolatione
1286 2337 1360 2430 ipsa
1390 2337 1495 2410 iacias
1518 2340 1615 2414 aliud

205 2457 369 2549 scripturn
383 2465 581 2551 competens
595 2455 641 2528 ad
657 2456 825 2528 cautelam
841 2458 935 2529 curie
953 2465 1082 2530 nostre.

254 2581 379 2652 Datum
392 2580 428 2650 in
445 2580 566 2652 castris
581 2601 691 2675 prope
705 2578 950 2670 Mediolanum,
967 2581 1045 2652 XXI
1057 2581 1218 2672 octobris,
1233 2582 1310 2654 Xlll
1327 2582 1537 2658 indictionis.

434 2887 1360 2900 mutu—mm
1372 2889 1384 2900 ι

263 3162 491 3273 Gregorius,
530 3190 654 3274 papa,
692 3167 883 3252 Ludovieo
921 3169 1003 3279 regi
1043 3167 1275 3252 Francorum
1308 3170 1439 3255 scribit
1478 3172 1620 3284 quibus
1665 3191 1805 3290 ,pffl
1889 3259 1894 3264 .

209 3295 334 3376 causis
352 3295 585 3380 Fridericum
603 3299 748 3382 dictum
772 3301 1038 3410 imperatorem
1065 3303 1434 3387 excommunicatum
1459 3305 1618 3387 denun—

208 3427 375 3534 tiaverit,
395 3429 645 3539 hortaturque
667 3443 711 3514 ut
732 3433 897 3543 benigue
921 3433 1183 3516 Prcncstinum
1204 3435 1423 3544 episcopum
1446 3437 1618 3545 Aposto-

208 3557 304 3642 lioae
321 3559 430 3644 Sedis
447 3560 618 3671 legatum
637 3565 686 3647 ad
705 3575 832 3673 partes
850 3565 1031 3649 Franciae
1053 3567 1322 3650 transmissum
1341 3569 1509 3678 recipiat.

292 3770 415 3850 (lnedlt.
432 3776 464 3835 lu
474 3776 595 3838 archlvo
610 3777 717 3840 Frauc.
737 3782 912 3856 praecipuo,
932 3781 1036 3842 Trtcor
1050 3779 1098 3842 der
1114 3779 1240 3860 atarto,
1255 3790 1327 3846 curt
1344 3785 1374 3848 J.
1391 3793 1465 3859 352,
1480 3795 1512 3846 ιιο
1530 3794 1563 3864 t,
1582 3803 1620 3848 ex

329 3881 464 3957 originall
478 3881 558 3943 unde
569 3884 677 3960 pendet
688 3885 828 3962 plumbea
840 3885 946 3966 bulla.)

260 4055 460 4152 Gregorius,
485 4064 685 4159 episcopus,
707 4087 828 4140 servus
848 4089 1027 4143 seruorum
1048 4071 1128 4162 Dei,
1153 4071 1327 4145 caussimo
1346 4073 1382 4145 in
1403 4073 1535 4148 Christo
1552 4074 1621 4150 lilio

214 4232 223 4251 .
249 4232 259 4250 .
285 4233 294 4250 .
315 4180 438 4254 illustri
456 4187 529 4280 regi
545 4189 686 4263 Francia
702 4191 846 4264 salutern
861 4201 895 4265 et
908 4193 1131 4288 apostolicam
1146 4195 1434 4270 benedictionem.
1453 4200 1516 4273 llei
1530 4198 1623 4273 lilius

212 4303 313 4395 cujus
330 4303 485 4400 imperiis
505 4311 585 4383 totis
598 4313 692 4386 orbis
708 4313 921 4409 obsequitur,
942 4318 1041 4408 cujus
1060 4317 1285 4414 beneplacitis
1301 4322 1435 4394 celestis
1449 4324 1623 4397 exercitus

211 4427 352 4519 agmina
376 4432 596 4524 famulantur,
622 4437 815 4510 &undum
841 4439 1032 4514 divisiones
1053 4442 1250 4534 linguarum
1277 4454 1312 4518 et
1337 4447 1490 4540 gentium
1513 4449 1549 4519 in
1572 4450 1623 4520 si-

212 4571 321 4644 gnum
340 4551 459 4628 divine
477 4559 628 4652 potentie
650 4559 789 4634 diversa
807 4584 915 4657 regnu
933 4565 1124 4658 constituit,
1143 4567 1282 4642 diversa
1305 4572 1508 4665 populorum
1533 4574 1625 4664 regi-

213 4672 309 4746 mina
332 4674 369 4747 in
391 4677 619 4754 ministerium
646 4682 888 4756 mandatorum
910 4687 1087 4761 celestium
1109 4689 1301 4780 ordinavit,
1325 4693 1518 4788 interque,
1538 4697 1627 4768 sicut

293 4795 331 4857 v.
1429 4827 1466 4878 ss
