4246 5906
211 635 312 696 nuru.
333 632 391 716 li’al
659 635 858 696 HISTORIA
885 629 1176 696 otctoltttrtca.
1568 629 1628 690 565

213 770 260 843 da
284 767 708 864 promissis‚prerat0s1t.
734 779 770 844 et
793 770 983 844 Orlandnm
1006 767 1052 840 ab
1072 761 1378 838 amministratione
1398 761 1628 857 predictarum

212 913 330 966 rerum
346 912 525 978 amoveas,
543 893 696 965 etrebus
711 893 920 968 eisdemillis
935 893 1067 988 quires
1083 889 1168 962 aliae
1184 885 1258 959 fisci
1272 887 1379 961 nostri
1391 899 1574 982 procurant
1591 890 1628 960 in

212 1015 329 1110 Capua
352 1015 554 1106 assignatis,
575 1015 623 1088 ad
643 1037 733 1112 opus
750 1027 865 1091 nostre
888 1017 985 1112 curie
1004 1014 1149 1089 fideliter
1170 1011 1423 1107 procurandis,.
1435 1011 1629 1106 sepedictus

211 1139 253 1210 B.
271 1137 506 1212 etOrlandum
520 1137 632 1212 taliter
645 1139 769 1234 punire
783 1138 924 1214 studeas
940 1139 986 1214 de
1000 1137 1162 1212 omnibus
1176 1135 1385 1229 supradictis
1397 1135 1493 1230 quod
1510 1157 1628 1209 sumas

212 1261 260 1334 ab
273 1261 356 1356 ipsis
372 1260 518 1356 proinde
534 1283 659 1357 penam
676 1261 793 1336 debite
807 1262 958 1338 ultionis.
981 1263 1031 1336 lta
1044 1261 1142 1356 quod
1157 1259 1290 1332 eisdem
1305 1258 1486 1333 commissa
1503 1259 1628 1352 lugen-

212 1385 308 1458 tibus
324 1385 383 1456 alii
401 1395 592 1458 torreantur
607 1380 668 1482 [et]
685 1386 789 1458 ceteri
807 1387 868 1480 qui
887 1407 942 1458 res
957 1384 1032 1458 iisci
1046 1384 1152 1458 nostri
1165 1381 1355 1478 receperint
1368 1383 1624 1477 procurandas,

211 1510 248 1580 in
269 1509 494 1604 procurandis
510 1507 642 1581 eisdem
660 1520 816 1581 nontam
834 1510 1064 1580 inutilitatem
1081 1529 1201 1580 eorum
1220 1527 1326 1600 quam
1348 1506 1384 1578 in
1406 1505 1626 1582 commodum

208 1641 243 1704 et
262 1642 488 1723 augmentum
506 1642 621 1704 nostre
642 1632 738 1705 curie
757 1630 904 1706 lideliter
927 1643 961 1706 et
984 1632 1167 1727 diligenter
1187 1629 1390 1723 intendant,
1410 1641 1444 1704 et
1464 1651 1529 1706 nos
1551 1640 1623 1703 stu·

211 1752 312 1827 dium
330 1765 427 1826 tuum
446 1751 594 1848 proinde
612 1754 853 1827 commendare
869 1755 1053 1849 possimus.

263 1878 388 1950 Datum
406 1877 501 1972 apud
515 1877 667 1971 burgum
681 1877 841 1970 Sarzani,
859 1877 936 1951 xlv
953 1875 1165 1968 decembris,
1184 1875 1262 1948 Xlll
1278 1875 1488 1950 indictionis.

265 2462 427 2546 Litterae
449 2463 688 2573 responsales
715 2463 765 2544 ad
780 2462 1030 2572 justitiarium
1059 2463 1209 2574 Aprutii
1237 2464 1286 2547 de
1310 2463 1542 2548 desolatione
1569 2464 1630 2546 ci-
1662 2475 1827 2586 ”W

208 2595 338 2678 vitetis
356 2595 484 2678 Sancti
502 2596 653 2705 Angeli
674 2596 723 2678 de
741 2596 902 2704 pecunia
924 2596 1086 2681 Henrioo
1104 2596 1184 2707 regi
1209 2596 1390 2680 Turrium
1414 2609 1451 2680 ct
1474 2597 1629 2682 Gallnre
1662 2583 1825 2630 “dmm

209 2726 445 2836 exhibenda,
475 2728 524 2811 de
549 2729 711 2836 pecunia
738 2729 787 2812 ab
815 2729 1041 2812 officialibus
1062 2741 1100 2812 et
1128 2729 1336 2812 baronibus
1363 2729 1484 2838 ipsius
1507 2740 1628 2814 terrae

210 2861 412 2972 exigenda,
432 2862 481 2944 de
499 2861 652 2944 servitio
669 2859 841 2969 militari,
863 2863 911 2944 de
928 2861 1242 2971 quaternionibus
1260 2861 1430 2945 Hectoris
1443 2861 1492 2944 de
1510 2863 1627 2948 Mon-

209 2992 398 3077 tefusculo
414 2995 610 3103 quondam
625 2993 821 3102 justitiarii
840 2995 1004 3103 Aprutii.

292 3194 421 3276 (licoat.
436 3196 540 3276 imper.
555 3194 676 3258 Frcdcr.
691 3197 732 3272 11,
746 3197 796 3258 iol.
814 3207 852 3257 ot
867 3213 967 3268 verso3
983 3199 1015 3256 ln
1029 3197 1100 3257 edit.
1116 3195 1255 3268 Curcum,
1269 3213 1300 3272 p.
1317 3193 1400 3274 286.)

258 3367 306 3436 Dc
324 3367 481 3437 cendato
501 3367 670 3462 imperiali
688 3370 777 3459 [octo
795 3389 859 3460 por
875 3368 1072 3459 mopistrom
1096 3366 1299 3438 Riccordum
1322 3367 1451 3460 scripsit
1472 3370 1625 3440 notorius

210 3487 399 3560 Gooltcrioa
416 3489 457 3560 dc
473 3490 561 3561 Ocra
579 3489 711 3562 tictcrus
726 3492 989 3584 infrascriptos:

257 3611 477 3704 Fredericus,
494 3624 578 3705 etc,
599 3615 801 3687 Boamundo
818 3615 960 3687 Pissone
974 3614 1160 3706 justitiario
1179 3613 1316 3710 Aprutii
1338 3613 1432 3687 lideli
1450 3636 1535 3704 suo,
1554 3625 1621 3688 etc.

87 3759 88 3762 ¹
209 3737 363 3830 Benigne
379 3737 509 3831 recepit
532 3737 736 3812 excellentia
757 3748 872 3810 nostra
894 3738 1030 3810 lieteras
1053 3758 1141 3829 quas
1159 3746 1219 3808 tna
1241 3735 1340 3810 nobis
1359 3737 1500 3810 devotio
1519 3737 1625 3812 desti·

209 3860 306 3932 navit
319 3860 457 3954 etquod
472 3859 671 3954 significasti
687 3884 747 3955 per
764 3883 824 3934 eae
842 3860 1077 3933 intelleximus
1089 3859 1135 3932 ad
1154 3861 1310 3954 plenum,
1332 3859 1488 3932 studium
1505 3871 1540 3934 et
1552 3865 1626 3936 sol-

208 3981 422 4056 licitudinem
440 3993 534 4055 tuam
555 4005 661 4078 quam
685 3985 721 4055 in
744 3984 896 4056 servitiis
921 3981 1047 4055 nostris
1064 3981 1192 4054 babere
1214 3993 1248 4054 te
1267 3982 1429 4056 novimus
1449 4004 1625 4057 commen-

208 4105 336 4180 dando.
365 4108 475 4200 Super
500 4127 543 4178 co
562 4118 678 4179 autam
701 4107 798 4200 quod
826 4107 984 4178 intimare
1000 4105 1145 4195 curasti,
1168 4103 1329 4178 videlicet
1357 4104 1402 4178 de
1427 4105 1626 4180 bominibus

206 4229 309 4300 castri
336 4228 433 4322 quod
457 4228 584 4318 dicitur
611 4229 734 4302 civitas
764 4229 879 4301 Sancti
910 4227 1052 4321 Angeli,
1082 4224 1146 4324 [in]
1174 4249 1263 4321 quos
1287 4229 1449 4321 exigente
1472 4231 1625 4325 ipsorum

205 4351 336 4422 malitia
359 4351 449 4424 sicut
476 4352 594 4425 decuit
614 4353 825 4448 processisti,
853 4349 1026 4423 diruendo
1050 4370 1166 4422 muros
1189 4351 1345 4442 ejusdem
1366 4353 1451 4444 loci,
1475 4354 1625 4428 combu-

205 4471 325 4544 rendo
339 4495 515 4568 cauponas
539 4485 574 4547 et
595 4475 739 4564 domus,
767 4473 923 4546 bomines
949 4473 1216 4568 suspendendo,
1239 4473 1452 4566 mutilando,
1479 4477 1625 4550 lorban-

206 4595 336 4670 niendo
361 4606 396 4669 et
421 4607 589 4693 perpetuo
613 4596 862 4686 ammovendo,
888 4595 1083 4668 celsitudini
1106 4607 1222 4669 nostre
1246 4597 1375 4692 placet,
1404 4608 1439 4670 et
1462 4601 1624 4674 volumus

205 4719 301 4814 qnod
322 4719 417 4794 locus
440 4721 515 4815 ipse
539 4733 705 4818 perpetuo
734 4721 920 4796 desoletur.
949 4723 1060 4816 Super
1087 4722 1155 4794 alio
1177 4720 1272 4816 quod
1296 4720 1498 4817 significasti
1524 4725 1625 4799 nobis
