4350 5922
465 645 483 704 8
963 641 1180 703 llllllllllllCl
1205 644 1384 704 SllClJllllll
1695 642 1776 720 [Anu.
1796 643 1883 704 1237.

466 791 582 852 nostra
594 788 807 872 exemptum.
819 777 900 849 Paci
915 777 1057 873 iusuper
1073 788 1108 848 et
1119 778 1328 851 immunitati
1340 779 1451 873 ipsius
1467 775 1512 849 de
1525 777 1693 873 imperiali
1704 779 1886 851 clementia

466 903 703 999 providentes,
726 901 923 972 inhibemus
946 902 1087 972 omnino
1105 925 1149 974 ne
1167 903 1354 997 quisquam
1381 901 1465 974 dicti
1488 901 1685 974 monasterii
1703 911 1765 973 ant
1782 902 1888 976 ullius

466 1024 576 1120 predii
595 1025 650 1096 sui
669 1023 885 1096 advocatiam
905 1023 941 1094 in
957 1022 1064 1096 leudo
1077 1044 1286 1118 aquoquam
1300 1023 1427 1096 babeat
1440 1024 1496 1096 vel
1514 1023 1642 1097 babere
1658 1023 1730 1096 ullo
1746 1024 1887 1098 nomine

467 1159 529 1221 aut
546 1151 623 1242 jure
639 1149 768 1238 valeat,
790 1167 855 1220 nec
880 1146 1074 1219 donationis
1098 1146 1243 1240 alicujus
1268 1147 1377 1242 predii
1401 1148 1533 1220 ratione
1548 1169 1611 1220 seu
1626 1148 1809 1221 commisse
1826 1159 1887 1222 aut

468 1274 631 1368 expedite
645 1271 855 1347 defensionis
870 1271 1050 1344 occasione
1062 1272 1118 1343 vel
1134 1271 1235 1364 quasi
1252 1293 1273 1344 a
1291 1272 1568 1368 progenitoribus
1583 1267 1793 1346 hereditaria
1808 1295 1887 1346 suo·

468 1401 622 1473 cessione
641 1419 768 1470 nomen
785 1405 819 1469 et
830 1396 890 1488 jus
902 1394 1064 1468 advocati
1082 1395 1190 1468 ineos
1208 1405 1269 1468 aut
1284 1395 1375 1469 bona
1395 1397 1595 1470 eornm'sibi
1609 1397 1781 1492 quispiam
1799 1419 1887 1470 ven-

469 1525 560 1598 dicet
588 1523 645 1594 vel
679 1528 850 1608 assumat,
885 1518 949 1591 sed
982 1518 1230 1614 quodcumque
1263 1517 1422 1615 predium
1452 1519 1567 1594 eidem
1599 1521 1807 1595 monastario
1837 1531 1890 1594 est

468 1650 636 1722 hactenus
660 1645 717 1718 vel
739 1646 866 1719 amodo
889 1645 994 1716 inerit
1016 1645 1052 1716 iu
1074 1645 1307 1742 elemosynam
1324 1645 1445 1718 datum
1473 1655 1534 1718 aut
1552 1645 1655 1740 justis
1675 1644 1789 1718 modis
1812 1647 1888 1719 aliis

469 1771 678 1866 acquisitum
695 1767 866 1864 imperiali
881 1767 1015 1840 tuitioni
1032 1789 1074 1841 eo
1089 1768 1166 1862 ipso
1178 1769 1355 1861 subjaceat
1367 1769 1451 1863 quia
1465 1769 1661 1842 monasterii
1682 1789 1758 1841 esse
1780 1769 1884 1863 oepit.

469 1897 597 1968 Verum
620 1916 664 1966 nc
688 1894 893 1989 plerumque
920 1891 1022 1964 nobis
1047 1891 1249 1964 absentibus
1271 1891 1406 1990 aliquid
1426 1893 1498 1984 juri
1519 1901 1553 1966 et
1581 1893 1785 1965 utilitatibus
1804 1891 1888 1966 dicti

470 2017 669 2092 monasterii
683 2018 798 2090 valeat
816 2014 949 2090 exinde
968 2015 1145 2111 deperire,
1161 2017 1377 2091 defensorem
1391 2017 1440 2088 eis
1456 2017 1571 2112 ipsum
1594 2016 1769 2090 duntaxat
1786 2039 1891 2112 quem

471 2144 579 2218 abbas
600 2151 634 2215 et
650 2149 843 2216 conventus
859 2140 1004 2237 predicti
1022 2141 1069 2214 ad
1088 2141 1156 2213 hoc
1172 2141 1354 2236 elegerint,
1377 2141 1584 2236 deputamus
1599 2149 1635 2213 et
1653 2141 1783 2213 babere
1806 2162 1891 2214 con·

472 2269 642 2358 cedimus,
660 2267 716 2339 cui
734 2265 770 2337 in
785 2286 906 2339 eorum
918 2264 1120 2339 defensione
1132 2266 1169 2337 in
1183 2267 1432 2357 contractibus,
1454 2266 1490 2336 in
1505 2266 1620 2339 causis
1633 2265 1796 2338 civilibus
1809 2266 1891 2338 etin

472 2392 548 2466 aliis
564 2390 719 2463 civilium
735 2390 950 2484 negotiorum
966 2390 1253 2463 transactionibus
1271 2399 1387 2463 nostre
1401 2389 1489 2463 vicis
1509 2389 1750 2463 executionem
1769 2386 1838 2461 non
1856 2388 1892 2460 in

474 2512 581 2588 leudo
599 2513 815 2603 habandam,
838 2535 907 2586 non
925 2523 1093 2608 perpetuo
1110 2512 1335 2587 obtinendam
1357 2534 1472 2608 nequa
1486 2513 1674 2587 heredibus
1692 2513 1893 2608 relinquen·

475 2640 576 2728 dam,
596 2637 659 2711 sed
675 2639 772 2711 salva
791 2637 875 2711 dicti
892 2637 1089 2710 monasterii
1103 2637 1261 2711 libertato
1278 2639 1543 2730 committimus;
1565 2640 1612 2711 ita
1626 2648 1666 2710 ut
1678 2639 1824 2712 liberum
1842 2638 1893 2711 eis

474 2785 551 2836 esse
568 2762 693 2835 debeat
717 2782 876 2833 recusare
894 2782 974 2833 eum
1001 2771 1037 2834 et
1053 2763 1195 2835 alterius
1220 2763 1412 2836 defensioni
1436 2785 1474 2836 se
1494 2773 1529 2835 et
1550 2785 1614 2836 sua
1632 2764 1844 2836 committere
1864 2763 1894 2834 si

475 2887 542 2960 sub
565 2886 706 2959 nomine
732 2886 924 2958 defensoris
948 2907 987 2958 se
1015 2886 1100 2980 ipsis
1128 2887 1327 2980 exhibuerit
1355 2887 1576 2980 offensuram,
1608 2888 1638 2959 si
1668 2885 1894 2960 immunitatis

476 3033 594 3086 eorum
614 3011 834 3106 privilegium
852 3012 923 3082 ullo
941 3011 1168 3084 vexationum
1186 3021 1248 3084 aut
1264 3011 1486 3085 exactionum
1504 3031 1632 3104 genere
1652 3011 1895 3104 intringere'et

478 3157 649 3209 evacuare
679 3136 838 3208 voluerit.
869 3135 1038 3208 Volumus
1064 3135 1157 3208 cuim
1190 3145 1307 3209 nostre
1334 3137 1511 3231 potestatis
1541 3145 1748 3209 executores
1780 3144 1896 3208 nostre

477 3270 660 3334 sectatores
689 3259 827 3354 pietatis
855 3258 1003 3348 habere,
1036 3261 1263 3355 precipientes
1293 3270 1333 3332 ut
1353 3260 1415 3356 qui
1439 3269 1555 3332 nostra
1580 3259 1737 3352 jussione
1766 3260 1822 3332 vel
1849 3281 1896 3332 ex

477 3405 598 3458 eorum
621 3382 787 3478 petitione
814 3403 878 3454 seu
905 3387 1125 3477 quacumque
1152 3385 1333 3457 occasione
1364 3383 1459 3478 ipsos
1483 3393 1518 3456 et
1538 3403 1657 3456 eorum
1673 3384 1753 3476 jura
1770 3382 1897 3456 delen-

478 3507 583 3596 dum,
604 3507 809 3596 liberaliter,
829 3506 962 3579 sincere
983 3515 1018 3579 et
1042 3528 1104 3602 pro
1128 3507 1201 3580 sola
1216 3508 1278 3579 Dei
1297 3507 1523 3580 retributione
1550 3503 1756 3599 defendant,
1785 3507 1833 3579 ita
1858 3516 1897 3579 ut

478 3651 593 3725 neque
624 3631 740 3703 banna
768 3651 883 3724 nequa
910 3631 1092 3726 petitiones
1124 3653 1212 3725 quas
1244 3642 1377 3704 stouras
1406 3639 1532 3704 vocant
1565 3651 1681 3726 neque
1714 3639 1897 3726 pernocta·

480 3757 589 3828 tiones
606 3777 720 3850 neque
740 3755 917 3850 operarios
934 3777 999 3828 nec
1017 3757 1087 3828 ulla
1105 3757 1246 3829 omnino
1271 3755 1411 3828 servitia
1432 3731 1484 3828 eis
1506 3754 1626 3827 invitis
1648 3757 1745 3829 vela
1767 3755 1899 3829 colonis

479 3901 598 3954 eorum
614 3879 681 3950 sub
696 3879 839 3950 obtentu
854 3878 1063 3952 detensionis
1074 3880 1219 3974 exigant
1229 3887 1290 3952 aut
1303 3887 1552 3974 extorqueant;
1572 3879 1742 3972 colloquia
1758 3879 1798 3950 in
1814 3879 1898 3953 locis

479 4005 552 4076 suis
568 4002 692 4110 placita
711 4025 791 4076 cum
809 4003 939 4075 colonis
953 4003 1106 4098 ipsorum
1121 4005 1216 4076 nulla
1227 4025 1367 4098 prorsus
1383 4003 1554 4093 babeant3
1566 4003 1612 4076 dc
1627 4004 1763 4099 placitis
1777 4024 1897 4077 eorum

479 4149 549 4220 que
567 4147 647 4197 cum
674 4125 807 4198 colonis
829 4126 903 4198 suis
924 4125 1054 4199 babere
1078 4127 1253 4200 voluerint
1274 4127 1340 4200 nisi
1357 4129 1403 4200 ab
1426 4127 1478 4200 eis
1502 4127 1614 4220 rogati
1638 4149 1676 4200 se
1702 4129 1900 4202 nullatanus

480 4250 706 4323 intromittant
724 4258 759 4322 et
783 4249 919 4322 indulta
943 4249 1010 4322 sibi
1033 4252 1295 4346 exemptionum
1319 4251 1504 4345 privilegia
1522 4250 1619 4323 nulla
1641 4251 1678 4322 vi
1700 4251 1758 4324 vel
1777 4253 1900 4326 fraude
1963 4279 1966 4286 ¹

479 4375 756 4448 convellant'De
769 4373 1013 4447 abundantiori
1032 4397 1177 4470 quoque
1195 4375 1305 4465 gratia
1318 4383 1434 4448 nostra
1456 4375 1507 4448 eis
1522 4374 1747 4450 concedimus
1764 4385 1804 4448 ut
1818 4399 1899 4472 pm·

480 4500 556 4594 pria
572 4499 736 4572 victualia
751 4499 933 4572 domorum
950 4520 1106 4590 suarum,
1120 4499 1282 4573 videlicet
1295 4521 1484 4591 annonam,
1504 4521 1635 4585 naseos,
1646 4501 1750 4593 sales,
1770 4501 1896 4594 pisces,

480 4625 608 4714 oleum,
623 4623 745 4695 vinum
759 4631 794 4696 et
807 4623 972 4717 pecudes,
984 4623 1031 4697 ad
1046 4645 1130 4696 usus
1145 4645 1227 4696 suos
1238 4632 1372 4696 tantum
1387 4624 1506 4695 tamin
1520 4624 1785 4719 aquisquamin
1799 4625 1899 4698 terris

480 4748 556 4820 sine
571 4749 723 4842 teloniis,
736 4749 963 4844 vectigalibus
978 4756 1012 4822 et
1029 4748 1106 4822 aliis
1124 4747 1366 4821 exactionibus
1379 4746 1487 4820 libere
1500 4747 1629 4822 ducere
1645 4749 1896 4844 permittantur,
