4242 5904
205 519 304 579 lnrcr.
324 515 383 598 tl]
654 515 851 578 HISTORIA
875 515 1170 592 placentulas.
1558 517 1616 576 175

206 651 371 724 secularis
394 649 451 722 vel
478 649 730 736 ecclesiastica,
760 650 850 728 hanc
875 649 986 744 ipsam
1009 647 1240 722 concessionis
1265 647 1321 719 vel
1349 644 1617 722 confirmationis

208 783 323 848 nostre
346 773 509 869 paginam
527 771 654 844 audeat
679 772 807 844 violare
830 793 893 844 uec
915 773 1089 866 aliquibus
1113 770 1248 863 injuriis
1270 791 1332 842 seu
1353 770 1512 866 dampnis
1534 794 1616 875 pve-

207 905 323 968 sumat
339 917 415 968 eam
430 903 644 989 attemptare.
663 895 765 980 Quod
778 895 807 966 si
823 896 904 988 quis
920 895 1038 968 lecerit
1055 894 1242 987 maiestatis
1263 914 1344 965 rens
1357 901 1494 965 centum
1511 894 1616 967 libras

207 1021 282 1093 auri
308 1019 388 1114 puri
408 1039 472 1114 pro
496 1039 583 1113 pena
601 1028 799 1113 componat,
828 1018 1012 1091 dimidium
1040 1017 1207 1113 imperiali
1231 1038 1365 1090 camere
1389 1025 1423 1090 et
1445 1017 1615 1112 reliquum

206 1144 351 1217 ecclesie
363 1142 523 1236 injuriam
536 1162 650 1236 passe,
669 1142 766 1214 salva
780 1142 815 1212 in
830 1141 992 1214 omnibus
1009 1142 1176 1236 imperiali
1188 1140 1339 1234 justicia.

253 1269 365 1360 Hujus
385 1266 435 1338 rei
453 1275 555 1338 taetes
578 1273 659 1336 sont
680 1291 689 1354 a
715 1263 923 1340 Godelridus
943 1264 1137 1359 patriarcba
1160 1263 1419 1358 Aquilegensis,
1438 1264 1615 1338 Courados

205 1389 429 1482 Mogontinus
462 1387 759 1482 archiepiscopus,
787 1387 865 1460 Otto
893 1386 1155 1479 Bambergeusis
1186 1386 1387 1482 episcopus,
1417 1387 1614 1460 bonifacius

205 1512 424 1584 Novariemis
449 1511 652 1606 episcopus,
681 1511 847 1584 lonathas
870 1508 1129 1608 concordiensis
1152 1508 1352 1603 episcopus,
1379 1510 1497 1581 Pastor
1522 1511 1613 1582 llin-

204 1635 365 1708 centinus
392 1635 592 1730 episcopus,
619 1633 796 1706 Conradus
825 1633 1032 1706 Lubecunsis
1061 1633 1205 1719 electus,
1235 1631 1405 1704 liedulfus
1430 1631 1613 1728 imperialis

204 1759 283 1830 aule
319 1757 591 1852 protonotarius,
616 1757 813 1830 Ludovicus
842 1757 1069 1850 landgravius
1095 1755 1300 1848 Thuringie,
1328 1755 1505 1828 Corradus
1535 1756 1612 1830 dux

204 1881 345 1974 Spoleti,
366 1880 542 1954 Corradus
560 1879 714 1952 marchio
728 1879 978 1969 Anconitauus,
993 1878 1196 1951 bertholdus
1208 1877 1359 1950 marchio
1376 1877 1420 1950 de
1440 1878 1608 1968 Andeble,

203 2025 319 2076 comes
334 2003 551 2076 Theobaldus
566 2003 611 2076 de
628 2002 913 2096 Lechsgesmind,
934 2023 1050 2074 comes
1068 2001 1261 2074 berhardus
1276 2000 1321 2074 de
1335 2001 1426 2093 Lon,
1444 2003 1611 2074 Honricus

201 2127 431 2200 marescalcus
456 2126 501 2200 de
525 2128 646 2217 Lutra,
673 2125 844 2198 lludullus
872 2125 1102 2212 camerarius,
1132 2123 1310 2204 Conradus
1338 2127 1541 2198 castellanus
1565 2126 1609 2199 de

200 2250 450 2344 Nucrymbere,
468 2259 503 2321 et
517 2249 577 2321 alii
593 2250 828 2344 quamplures,
840 2269 988 2344 quorum
1008 2247 1202 2320 testimonio
1214 2249 1434 2342 privilegium
1449 2250 1515 2323 hoc
1527 2272 1609 2323 con-

200 2373 304 2444 scribi
321 2372 489 2464 jussimus
502 2381 537 2444 et
555 2371 742 2464 majestatis
757 2381 871 2444 nostre
888 2371 1087 2444 authentico
1102 2371 1214 2462 sigillo
1229 2371 1446 2444 communiri.

248 2494 405 2588 Sigillum
423 2494 553 2566 domini
569 2493 755 2584 Frederici,
775 2495 1005 2566 Romanorum
1023 2494 1238 2600 imperatoris
1252 2494 1482 2567 invictissimi.

248 2618 323 2712 Ego
344 2616 540 2690 Gotolridus
561 2617 747 2711 imperialis
767 2617 847 2689 aule
863 2617 1104 2706 cancellarius,
1132 2617 1210 2688 vioe
1234 2617 1382 2713 Philippi
1398 2619 1608 2692 Coloniensis

199 2740 446 2836 archiepiscopi
466 2750 502 2814 et
515 2741 612 2813 ltalia
627 2740 933 2828 archicancellarii,
953 2741 1149 2833 recognovi.

246 2861 1603 2956 Actasuntbecaunodominiceiucarnationisll.C.LXXXllIl,indiotionelll,

198 2995 366 3079 regnante
388 2986 528 3060 domiuo
550 2986 741 3073 undenos,
759 2985 987 3068 Romanorum
1012 2986 1215 3081 imperatore
1233 2985 1494 3080 gloriosissimo,
1515 3009 1605 3062 anuo

196 3110 296 3202 regni
314 3111 390 3202 eJus
405 3109 574 3200 XXXlll⁰,
591 3109 723 3204 imperii
741 3130 824 3180 vero
841 3110 917 3200 ejus
931 3109 1041 3180 XXX.

245 3233 370 3305 Datum
388 3233 555 3321 Vioentie,
573 3234 648 3304 Xlll
664 3231 827 3304 kalendas
847 3232 1056 3324 decembris,
1072 3233 1227 3304 feliciter.
1244 3231 1368 3304 Amen.

244 3357 314 3428 Nos
329 3357 435 3450 igitur
448 3357 510 3451 qui
526 3357 635 3428 Deum
653 3355 821 3428 babemus
843 3379 904 3450 pre
919 3357 1028 3428 oculis
1051 3365 1085 3428 et
1104 3377 1268 3451 personas
1286 3357 1464 3448 religiosas
1482 3367 1516 3430 et
1531 3359 1605 3432 loca

196 3481 409 3552 venerabilia
426 3479 533 3574 ipsius
551 3480 675 3551 intuitu
701 3501 742 3551 ac
763 3480 977 3552 humanitate
997 3480 1097 3552 uobis
1123 3488 1329 3572 suggerente
1352 3483 1532 3573 levemus,
1555 3493 1605 3554 at·

196 3601 374 3675 tendentes
395 3601 499 3676 fidem
519 3611 553 3676 ot
573 3600 791 3675 devotionem
813 3604 980 3675 sinceram
1000 3625 1104 3696 quam
1128 3601 1242 3674 dictus
1266 3603 1373 3675 abbas
1397 3605 1509 3676 Sancti
1533 3607 1604 3677 Eu·

195 3725 301 3818 geudi
323 3725 437 3800 fidelis
456 3736 571 3798 noster
589 3727 635 3799 ad
658 3727 844 3818 majestatis
864 3738 979 3798 nostre
1000 3748 1182 3822 personam
1203 3735 1238 3798 et
1259 3747 1396 3797 sacrum
1420 3727 1604 3823 imperium

196 3847 319 3937 habet,
335 3849 514 3942 ipsiusque
528 3849 835 3943 supplicationibus
856 3850 1027 3940 inclinati,
1049 3847 1211 3921 eumdem
1229 3849 1390 3921 abbatem
1412 3859 1446 3921 et
1463 3853 1601 3941 fratres,

196 3971 439 4042 monasterium
461 3980 495 4042 et
518 3971 632 4043 omnia
653 3972 744 4043 bona
762 3971 871 4066 ipsius
893 3995 962 4066 que
983 3994 1075 4042 nuno
1088 3973 1167 4062 juro
1191 3979 1307 4042 tenent
1328 3981 1363 4043 et
1378 3972 1553 4066 possident
1572 3983 1605 4046 et

194 4115 264 4186 que
282 4094 318 4164 in
337 4103 436 4165 antea
447 4095 542 4186 justo
556 4094 654 4166 titulo
666 4103 827 4189 poterunt
841 4094 1015 4185 obtinere,
1036 4096 1102 4166 sub
1121 4095 1228 4166 nostri
1243 4095 1376 4190 imperii
1394 4097 1604 4190 protectione

194 4215 386 4311 recepimus
408 4218 566 4311 speciali;
590 4218 809 4312 privilegium
834 4239 928 4290 vcro
943 4217 1074 4290 domiui
1102 4219 1243 4312 augusti
1278 4220 1493 4314 imperatoris
1523 4221 1601 4292 Fri-

195 4337 301 4410 derici
326 4339 385 4411 avi
409 4339 516 4412 nostri
541 4341 704 4413 memorie
727 4341 908 4413 recolende
935 4341 1109 4413 indultum
1137 4341 1229 4414 dicto
1254 4343 1459 4415 monasterio
1486 4345 1602 4415 Sancti

191 4461 348 4556 Eugendi
365 4462 410 4535 de
426 4463 534 4536 verbo
550 4463 595 4536 ad
612 4464 756 4536 verbum
779 4465 880 4536 inseri
894 4465 1078 4556 jussimus,
1099 4465 1215 4537 omnia
1238 4487 1307 4559 que
1323 4465 1540 4538 continentur
1564 4465 1599 4535 iu

194 4607 234 4658 co
254 4585 300 4658 de
325 4587 513 4683 imperialis
538 4589 782 4684 praeminentia
809 4589 919 4682 gratia
944 4589 1196 4662 confirmantes.
1228 4589 1417 4690 Statuimus
1440 4588 1544 4682 igitur
1567 4598 1600 4659 et
