4262 5910
221 577 322 637 lnntm.
342 575 403 651 la]
671 571 871 632 HISTORIA
890 569 1185 632 lllPLOltlll'l'lGll.
1574 571 1634 634 583

226 708 328 781 cunia
357 706 495 802 propria
520 704 726 790 onerandis,
753 705 978 777 immittendis
999 715 1032 777 et
1056 703 1280 776 extrahendis
1305 704 1341 776 in
1369 697 1636 800 quibuscunque

225 841 259 903 et
272 830 316 910 de
329 830 609 924 quibuscumque
622 827 789 922 portubus
801 828 903 900 licitis
917 827 1165 900 maritimarum
1183 825 1318 914 Sicilie,
1335 827 1470 898 nullum
1488 830 1548 920 jus
1562 829 1636 901 sol-

225 975 309 1026 vere
326 961 361 1026 ct
377 952 518 1024 alterius
539 951 776 1044 cujuscunque
794 951 937 1024 dirictns
960 949 1141 1022 abeodem
1159 948 1339 1021 ammirato
1364 958 1399 1020 et
1412 951 1485 1022 suis
1504 952 1636 1024 nuntiis

226 1076 368 1168 exigant
385 1095 450 1146 nec
465 1095 527 1168 per
542 1073 627 1146 alios
643 1072 738 1166 exigi
752 1073 937 1168 patiantur.
957 1073 1001 1144 Ut
1017 1081 1132 1146 autem
1153 1072 1189 1144 in
1208 1080 1339 1144 armate
1358 1081 1474 1146 nostre
1490 1075 1637 1168 negotiis

229 1193 328 1295 [que]
350 1218 412 1292 pre
434 1196 700 1293 quibuscunque
720 1196 796 1266 aliis
822 1195 948 1291 uostris
970 1195 1122 1268 servitiis
1146 1195 1386 1290 principaliora
1413 1207 1448 1270 et
1474 1198 1637 1292 precipua

226 1341 302 1392 asse
320 1329 508 1392 noscuntur
527 1327 561 1392 et
583 1319 694 1420 magis
714 1317 866 1391 insident
883 1319 981 1392 cordi
998 1327 1132 1411 nostro,
1159 1321 1328 1414 cujusque
1349 1321 1539 1394 occasionis
1559 1343 1637 1416 pre·

227 1452 325 1514 textu
346 1443 462 1514 nullus
482 1439 637 1516 delectus
660 1441 796 1514 eveniat
817 1441 1099 1536 quoquomodo,
1118 1442 1281 1514 volumus
1297 1451 1332 1514 st
1349 1442 1449 1514 vobis
1467 1444 1638 1515 universis

227 1575 261 1638 et
277 1565 424 1659 singulis
442 1563 646 1636 officialibus
664 1571 698 1634 et
725 1564 879 1658 personis
899 1584 960 1659 per
981 1585 1128 1656 regnum
1145 1564 1261 1636 Sicilie
1281 1565 1474 1636 constitutis
1499 1587 1637 1660 presen-

227 1689 314 1760 tium
331 1696 449 1763 tenore
465 1687 673 1760 mandamus
688 1685 735 1780 (a)
751 1686 847 1780 quod
861 1685 974 1758 eidem
997 1687 1177 1760 ammirato
1194 1696 1229 1758 et
1247 1687 1412 1760 ordinatis
1430 1689 1502 1760 suis
1527 1709 1637 1783 pecn-

229 1811 321 1883 niam
339 1821 373 1883 et
395 1831 517 1883 omncs
537 1833 592 1883 res
610 1812 695 1883 alias
716 1831 804 1904 quas
819 1808 911 1881 idem
930 1809 1131 1882 ammiratus
1154 1831 1218 1904 pro
1241 1820 1372 1883 armate
1394 1820 1510 1884 nostre
1526 1811 1637 1882 servi-

228 1935 284 2006 tiis
309 1945 343 2006 et
370 1935 515 2029 negotiis
539 1956 561 2006 a
587 1933 735 2028 singulis
763 1941 915 2006 vestrum
941 1932 1153 2026 requisierit,
1184 1933 1229 2006 dc
1251 1932 1407 2028 predicta
1431 1935 1578 2028 pecunia
1604 1943 1638 2007 et

230 2058 333 2131 rebus
348 2058 425 2130 aliis
438 2067 553 2130 nostre
571 2058 666 2130 curie
684 2078 754 2150 que
774 2066 855 2128 sunt
874 2065 909 2128 et
924 2066 1026 2128 erunt
1041 2077 1101 2152 per
1117 2077 1241 2130 manus
1257 2065 1388 2130 vestras
1405 2065 1440 2128 et
1462 2057 1498 2128 in
1519 2077 1638 2128 earum

231 2181 367 2254 delectu
387 2181 612 2275 quantitatem
627 2179 772 2274 pecunie
787 2201 892 2273 quam
910 2177 1004 2252 idem
1021 2179 1222 2252 ammiratus
1246 2201 1307 2274 pro
1329 2180 1485 2254 emendis
1506 2181 1638 2252 eisdem

231 2325 251 2374 a
276 2304 434 2398 quolibet
454 2313 606 2376 vestrum
630 2299 771 2374 duxerit
790 2301 1051 2397 requirendam,
1083 2301 1275 2376 decadem
1299 2303 1446 2398 pecunia
1473 2304 1639 2396 presentis

231 2427 431 2502 anctoritate
448 2426 590 2522 capituli
607 2425 775 2499 exhibere
796 2434 831 2498 et
858 2425 1037 2520 assignare
1058 2425 1134 2498 sine
1155 2435 1305 2498 morast
1330 2426 1467 2500 delectu
1487 2427 1640 2520 quolibet

232 2549 388 2622 debeatis
404 2559 440 2622 et
455 2549 501 2622 ab
518 2571 560 2622 oo
576 2558 611 2621 et
630 2549 797 2622 ordinatis
814 2547 898 2621 indo
913 2549 1067 2644 recipere
1082 2548 1270 2643 apodixas,
1291 2549 1364 2621 suis
1383 2558 1498 2622 tomen
1519 2549 1641 2644 sigillis

232 2673 395 2764 munitas,
414 2683 449 2746 et
461 2673 528 2746 sibi
544 2683 579 2745 ct
593 2672 638 2746 de
653 2673 731 2745 aliis
745 2673 988 2766 omnibusque
1000 2671 1047 2744 ad
1061 2672 1170 2768 ipsius
1183 2679 1313 2744 armate
1330 2673 1468 2767 negotia
1485 2682 1642 2768 spectare

232 2804 422 2868 noscuntur
441 2795 488 2868 ad
507 2796 671 2870 honorem
688 2805 721 2868 et
739 2794 938 2870 fidelitatem
956 2795 1065 2868 nostri
1089 2794 1269 2888 culminis,
1290 2794 1417 2870 devote
1435 2795 1583 2892 pareatis
1607 2803 1642 2866 et

232 2919 416 2992 efficaciter
429 2920 626 2993 intendatis.

282 3045 419 3133 Datum,
439 3051 507 3116 etc.

444 3240 1429 3259 manau-„mm-

290 3509 450 3593 Litterae
467 3510 704 3619 responsales
725 3511 774 3594 ad
789 3509 1038 3620 justitiarium
1056 3509 1194 3594 Terrae
1214 3509 1371 3594 Laboris
1389 3510 1437 3592 de
1458 3506 1643 3590 militibus
1761 3515 1776 3545 ¹¹

238 3639 439 3724 feudorum
462 3643 723 3750 summonitis,
743 3644 791 3726 de
810 3643 979 3752 piscibus
997 3650 1035 3725 et
1051 3643 1167 3726 rebus
1191 3641 1276 3724 aliis
1295 3666 1373 3726 non
1390 3639 1586 3722 mittendis
1604 3639 1644 3720 in

240 3772 512 3881 Campaniam,
532 3776 581 3858 de
609 3785 733 3858 castro
753 3775 856 3859 Cerri
881 3785 919 3858 et
945 3775 1101 3870 domino
1127 3773 1210 3883 ejus
1230 3783 1340 3858 caute
1363 3772 1578 3882 capiendis,
1598 3774 1646 3856 de

239 3928 373 4011 grassa
402 3929 480 3988 non
505 3907 751 4012 extrahenda,
785 3908 833 3990 de
859 3906 1032 3991 custodia
1059 3906 1230 3992 locorum
1256 3915 1294 3988 et
1318 3929 1426 3988 arma
1456 3904 1647 4014 prohibita

238 4032 461 4119 ferentibus.
581 4077 582 4080 Ν

323 4209 449 4292 (licque.
462 4211 563 4292 imper.
577 4211 695 4274 medor.
707 4215 748 4291 ll,
762 4209 815 4276 iol.
832 4223 869 4275 ao
884 4230 981 4294 remo,
995 4223 1030 4276 st
1043 4220 1138 4289 mcto;
1153 4217 1186 4275 in
1197 4213 1270 4277 edlt.
1280 4213 1416 4288 Curcum,
1431 4229 1461 4291 p.
1476 4213 1559 4291 292.)

290 4363 372 4431 ltcm
389 4385 402 4431 :

292 4483 509 4574 badericus,
527 4493 611 4572 etc,
629 4485 794 4560 Riccardo
810 4485 855 4558 de
870 4487 1084 4580 Montenigro
1097 4485 1283 4579 justitiario
1296 4487 1397 4558 Terre
1409 4485 1562 4575 Laboris,
1580 4495 1648 4559 etc.

286 4644 328 4728 (a)
346 4649 383 4709 ln
395 4650 536 4726 impresso
549 4647 730 4712 wadnam.
