4278 5920
473 611 516 674 94
972 611 1186 674 rnlbtttttct
1210 611 1385 674 sncbnnt
1694 609 1773 694 [Au.
1791 611 1876 674 1237.

472 766 568 818 arma
584 747 700 817 furens
722 745 905 840 imperium
929 745 1057 840 exigit,
1075 746 1203 818 vellent
1223 743 1434 818 lombardos
1456 745 1602 840 imperio
1625 745 1749 837 subjici
1775 755 1810 818 et
1833 743 1879 818 ad

473 867 659 962 imperialis
674 867 833 940 culminis
849 866 1013 940 mandata
1028 866 1152 942 redire.
1171 869 1241 941 Vix
1256 879 1370 940 tamen
1385 867 1432 940 ad
1447 867 1643 940 instantiam
1661 877 1812 940 nostram
1835 867 1879 940 ab

472 991 604 1066 eisdem
621 991 782 1064 fratribus
808 991 945 1082 nostris,
970 1001 1161 1064 asserentes
1185 993 1237 1064 eis
1256 990 1353 1086 quod
1368 989 1415 1064 de
1431 1012 1515 1086 pace
1538 990 1717 1064 bacanda
1736 992 1836 1064 nobis
1858 1013 1879 1062 a

473 1116 614 1189 domino
639 1137 728 1211 papa
752 1114 873 1188 datum
895 1116 1007 1188 iuerat
1033 1116 1069 1188 in
1092 1115 1282 1208 mandatis,
1311 1115 1466 1187 obtinere
1486 1112 1537 1210 (o)
1560 1123 1599 1186 ut
1620 1115 1723 1188 modo
1747 1124 1878 1188 tanturn

472 1239 651 1314 redeundo
674 1238 720 1311 ad
744 1259 808 1312 vos
834 1240 1113 1334 compositionem
1144 1240 1256 1335 ipsam
1283 1247 1427 1312 tractare
1454 1239 1638 1334 possimus.
1659 1239 1731 1311 Vos
1747 1239 1880 1334 ergosi

471 1364 629 1437 videritis
644 1363 739 1457 quod
761 1363 962 1457 compositio
976 1363 1052 1458 ipsa
1076 1363 1205 1435 deduci
1223 1364 1335 1434 valeat
1357 1361 1404 1434 ad
1424 1361 1602 1453 effectum,
1622 1361 1832 1435 lombardos
1850 1363 1880 1434 si

471 1491 583 1586 placet
601 1487 637 1559 in
658 1486 863 1582 competenti
882 1487 960 1558 loco
979 1487 1091 1559 taliter
1112 1486 1307 1559 convocetis
1326 1495 1364 1557 ut
1379 1507 1459 1557 cum
1477 1485 1641 1558 veneritis
1657 1485 1727 1556 sint
1741 1484 1819 1579 ipsa
1834 1483 1881 1581 (l)

472 1621 658 1709 presentes.
681 1612 745 1683 Pro
770 1619 862 1684 certo
886 1611 978 1682 onim
1001 1620 1119 1684 tenere
1145 1611 1285 1706 potestis
1311 1609 1408 1704 quod
1425 1609 1527 1684 Cesar
1551 1609 1798 1682 invictissimus
1819 1631 1882 1682 nos

473 1736 574 1810 dictis
590 1734 758 1808 exercitui
778 1732 824 1830 (o)
845 1734 1118 1828 competentibus
1139 1735 1308 1828 sequitur.
1329 1735 1367 1805 ln
1393 1735 1499 1829 pratis
1523 1733 1657 1806 Verone
1683 1733 1773 1805 sieut
1791 1755 1883 1806 anno

471 1859 634 1957 preterito
649 1879 779 1931 moram
801 1879 872 1929 uon
889 1857 1066 1930 contrahet
1085 1879 1151 1930 nco
1168 1857 1315 1930 detineri
1337 1879 1407 1931 non
1423 1858 1546 1953 poterit
1560 1857 1676 1930 verbis
1693 1865 1728 1928 et
1744 1857 1883 1930 astuciis

471 1981 756 2070 lombardorum,
774 1981 979 2052 vacantibus
998 1980 1133 2052 interim
1160 1981 1304 2054 ensibus
1324 1991 1359 2053 ct
1383 1981 1512 2054 lanceis
1534 1981 1795 2053 Germanorum.
1814 1978 1881 2052 Sed

472 2129 555 2180 mox
573 2127 653 2178 cum
666 2103 880 2200 applicuerit,
897 2104 927 2174 si
943 2125 1012 2175 non
1024 2104 1175 2176 extiterit
1185 2105 1387 2200 compositio
1402 2113 1594 2200 preparata,
1610 2103 1752 2200 incipiet
1766 2113 1884 2177 contra

472 2229 618 2303 rebelles
639 2227 732 2300 vires
749 2249 831 2299 suas
851 2235 990 2300 strenue
1007 2249 1186 2319 exercere,
1208 2227 1494 2302 Theotonicorum
1511 2251 1655 2302 suorum
1675 2229 1804 2302 furioso
1818 2229 1883 2300 im·

473 2363 554 2448 petn
571 2350 749 2424 dissoluto.
777 2347 814 2423 Si
833 2350 976 2444 quidem
993 2373 1055 2446 per
1072 2352 1306 2424 interventum
1324 2353 1419 2448 pacis
1441 2352 1641 2447 hujusmodi
1658 2361 1773 2448 posset
1796 2351 1885 2424 abo-

472 2477 535 2550 leri
550 2497 743 2570 processus,
762 2473 983 2548 crederemus
996 2476 1117 2570 ntiqne
1132 2477 1320 2569 gloriosum
1333 2477 1429 2572 apud
1443 2479 1551 2549 Deum
1566 2485 1601 2548 et
1611 2475 1768 2549 homines
1782 2475 1886 2549 laude

474 2599 632 2693 dignum.
648 2599 778 2671 Verum
797 2598 826 2670 si
843 2598 909 2670 bac
925 2599 1002 2672 vioe
1017 2599 1118 2671 nobis
1137 2609 1271 2672 tautum
1286 2599 1415 2672 bonum
1433 2600 1625 2672 zelantibus
1640 2621 1702 2694 pro
1714 2599 1886 2672 Lcmbar-

475 2723 549 2814 dis,
568 2723 633 2818 ipsi
660 2723 876 2816 neglexerint
893 2721 1054 2813 credere,
1073 2723 1228 2797 volentes
1249 2723 1286 2795 iu
1310 2725 1472 2820 superbia
1496 2732 1661 2797 consucta
1682 2722 1882 2818 persistere,

475 2869 540 2920 nos
568 2845 613 2920 de
637 2846 790 2941 ipsorum
820 2847 965 2940 negocio
991 2845 1049 2918 vel
1069 2847 1187 2940 quiete
1212 2856 1357 2920 tractare
1384 2858 1500 2920 eontra
1527 2849 1670 2920 iratrnrn
1693 2855 1886 2920 nostrorum

475 2969 632 3042 omnium
652 2969 844 3042 voluntates
859 2977 895 3042 et
911 2979 992 3041 vota
1009 2969 1202 3067 principum
1214 2992 1283 3044 non
1300 2971 1427 3044 licebit.
1448 2972 1536 3044 Ecce
1547 2973 1660 3067 palam
1677 2992 1791 3044 coram
1815 2972 1886 3042 Deo

475 3103 510 3167 et
530 3093 727 3166 bominibus
751 3115 814 3165 nos
837 3093 884 3166 dc
902 3093 1064 3167 omnibus
1082 3116 1293 3167 excusamus
1317 3095 1413 3190 quod
1431 3095 1476 3168 ad
1499 3095 1745 3191 procreandam
1765 3117 1885 3191 pacem

476 3218 622 3290 libenter
643 3216 871 3309 intendimus,
893 3239 974 3288 nam
994 3217 1178 3310 debemus,
1196 3229 1232 3291 et
1255 3217 1303 3292 ad
1324 3221 1528 3293 arctandum
1543 3241 1725 3316 processus
1746 3219 1887 3293 bellicos

475 3341 702 3414 libentissime
717 3341 914 3413 laboremus
929 3349 964 3412 et
983 3341 1021 3412 in
1037 3351 1204 3435 quantum
1219 3363 1404 3438 possumus
1422 3345 1616 3417 satisfacere
1629 3344 1771 3417 nitimur
1785 3365 1888 3438 apos-

329 3485 335 3494 ’
476 3459 587 3532 tolicis
606 3459 743 3532 monitis
761 3469 795 3532 et
813 3460 992 3555 preceptis.
1014 3460 1173 3533 Ceterum
1189 3463 1277 3534 scire
1297 3483 1362 3536 vos
1379 3464 1540 3536 volumus
1557 3463 1654 3558 quod
1677 3487 1699 3537 a
1715 3464 1888 3559 proposito

476 3583 699 3680 premittendi
712 3585 827 3656 virum
845 3583 997 3656 nobilem
1013 3582 1233 3659 Gaboardum
1247 3587 1405 3660 comitem
1423 3587 1468 3662 de
1483 3589 1684 3662 Harneisten
1701 3611 1780 3661 cnm
1797 3588 1888 3660 mili-

477 3716 550 3778 turn
567 3707 728 3780 comitiva
744 3707 906 3780 dominus
923 3707 1108 3804 imperator
1122 3709 1253 3783 destitit
1269 3733 1349 3784 cum
1366 3713 1540 3808 adipsum
1554 3713 1788 3808 pervenimus,
1806 3711 1890 3806 quia

478 3839 630 3925 tompore
653 3841 784 3926 partem
808 3830 869 3927 (d)
890 3841 942 3905 est
965 3841 1144 3906 venturus.
1166 3834 1410 3909 Verumtamen
1440 3835 1553 3931 ipsum
1577 3859 1658 3910 oum
1689 3835 1889 3909 testinancia

477 3954 641 4048 premittit
660 3955 696 4026 in
713 3955 890 4044 Tusciam,
913 3956 949 4027 in
966 3956 1171 4030 Lcmbardia
1196 3959 1263 4030 sibi
1286 3982 1365 4032 cum
1388 3961 1496 4034 multa
1511 3962 1631 4033 militia
1647 3981 1886 4033 occursurum.

476 4077 689 4172 Presumptio
703 4078 846 4172 quidem
859 4087 960 4152 estet
976 4079 1076 4170 signa
1087 4101 1214 4171 magna
1228 4083 1419 4177 procedunt
1432 4082 1528 4178 quod
1541 4083 1636 4156 idem
1648 4083 1810 4157 domiuus
1825 4083 1890 4154 im·

478 4209 613 4295 perator
629 4222 693 4274 neo
708 4210 815 4274 estate
830 4223 895 4275 nec
916 4223 1017 4299 yeme
1033 4203 1194 4299 disponet
1208 4206 1403 4300 relinquere
1428 4207 1690 4299 Lcmbardiam,
1711 4205 1821 4280 donec
1844 4205 1889 4280 ad

521 4391 562 4470 (a)
583 4393 640 4454 liic
653 4393 735 4454 deest
747 4393 870 4454 verbnm
882 4397 1031 4474 protelatae
1047 4397 1095 4457 vel
1108 4397 1289 4474 hujusmodl.

521 4497 562 4578 (b)
583 4499 680 4560 Mons
693 4501 816 4560 mutilos
830 4503 893 4561 slve
905 4503 983 4563 male
997 4503 1201 4580 transcriptus.

521 4605 558 4684 (c)
581 4606 676 4667 Locus
691 4605 787 4666 denno
801 4607 941 4687 mutilus,
957 4610 1014 4667 ntsl
1028 4609 1185 4687 legendum
1199 4611 1237 4671 slt
1251 4607 1335 4671 dietis
1347 4629 1401 4688 pro
1414 4611 1507 4674 dictis.

520 4709 564 4790 (d)
585 4711 652 4774 Vox
665 4715 696 4772 ln
715 4712 815 4774 codice
828 4729 934 4790 parurn
948 4714 1087 4793 leglbllls;
1103 4715 1228 4777 lorsltan
1236 4713 1424 4796 momente.
