4226 5900
500 536 564 598 teo
1006 537 1219 602 salutator
1246 537 1420 602 sscttttttt
1731 541 1809 626 [Aa
1829 545 1915 610 1239.

551 671 634 744 ltem
652 671 787 766 scripsit
810 671 980 748 lticcardu
996 673 1040 748 dc
1060 673 1294 768 Montenigro‚
1311 683 1351 747 ut
1370 675 1531 750 homines
1553 675 1649 772 ipsos
1672 698 1753 748 cnm
1771 679 1819 752 ad
1836 702 1916 754 eum

501 796 720 889 pervenerint
737 805 864 871 statuat
881 798 916 870 in
933 798 1050 872 waldo
1068 801 1190 896 patric,
1206 809 1241 872 et
1254 797 1367 874 donec
1389 800 1438 872 ibi
1458 821 1588 874 moram
1605 802 1773 874 traxerint
1795 803 1856 876 det
1868 807 1916 879 eis

500 941 684 1013 expensas,
705 931 740 995 et
756 931 876 998 caveat
888 945 942 997 vne
964 933 1136 998 venentur
1152 925 1236 998 alias
1257 926 1365 1018 teras3
1387 947 1475 1019 quas
1492 925 1626 998 licturus
1645 928 1795 1022 portavit
1810 929 1914 1003 Nico-

499 1044 576 1118 laus
590 1043 636 1118 de
649 1045 840 1120 Calochuro
857 1046 922 1144 (c).

551 1587 772 1672 Mandatum
790 1587 840 1670 ad
859 1587 1110 1696 justitiarium
1128 1587 1277 1696 Aprutii
1296 1587 1402 1698 quud
1424 1587 1539 1672 faciat
1562 1589 1847 1699 inquisitionem
1864 1594 1911 1675 de

498 1719 683 1803 fructibus
709 1719 894 1829 perceptis
920 1746 988 1828 per
1005 1719 1247 1830 Raynaldum
1270 1731 1309 1802 et
1334 1720 1505 1803 Blasium
1531 1721 1580 1804 de
1607 1722 1841 1833 Transaquis
1864 1725 1911 1808 de

497 1853 702 1936 tenimento
720 1853 919 1962 quondam
937 1852 1036 1934 Petri
1061 1853 1333 1936 Transmundi.

577 2065 706 2148 (nepot.
721 2067 822 2146 imper.
838 2063 958 2128 Freder.
974 2067 1014 2142 ΙΙ,
1030 2066 1083 2128 tul.
1101 2077 1137 2128 tt
1149 2083 1250 2144 vcrso;
1265 2071 1298 2130 tn
1308 2067 1380 2130 edit.
1396 2068 1534 2146 crucan,
1548 2087 1580 2149 p.
1597 2069 1683 2151 2⁵8.)
1720 2101 1727 2114 ·

547 2241 597 2324 De'
620 2253 777 2326 mundam
806 2253 973 2348 imperiali
1003 2256 1092 2344 [acto
1119 2277 1181 2348 per
1209 2256 1389 2348 liopertum
1415 2255 1455 2326 dc
1478 2257 1748 2328 Petrcsturrnioo
1781 2259 1908 2351 sorpsit

497 2377 693 2450 Grritctmus
710 2377 750 2447 de
766 2379 863 2449 Tocco
880 2405 891 2447 :
1333 2380 1337 2390 '

545 2500 766 2588 Fredericus‚
783 2511 865 2591 eto,
887 2501 927 2572 B.
946 2500 1090 2574 Pissono
1110 2502 1296 2594 justitiario
1316 2501 1470 2597 Aprutii,
1487 2511 1555 2576 etc.
1575 2503 1759 2598 Scripsisse
1774 2504 1908 2578 dudum

496 2624 678 2696 recolimus
696 2624 881 2696 Tholomeo
901 2623 946 2697 de
961 2623 1166 2698 castellione
1190 2635 1274 2698 tunc
1296 2625 1488 2716 justiciario
1508 2625 1651 2721 Aprucii
1676 2625 1909 2720 predecessori

497 2757 556 2820 tuo
580 2757 619 2819 ut
643 2747 726 2840 quia
747 2747 947 2842 Raynaldus
972 2757 1007 2820 ot
1029 2749 1162 2822 Blasius
1187 2748 1233 2822 de
1256 2749 1467 2842 Transaquis
1486 2751 1606 2822 iratres
1624 2750 1751 2846 privati
1773 2752 1909 2824 luerunt

496 2893 558 2968 per
586 2872 788 2945 sententiam
819 2872 916 2944 curie
948 2881 1063 2944 nostre
1088 2873 1222 2945 honore
1252 2872 1400 2946 baronio
1429 2895 1535 2967 quam
1561 2865 1812 2968 protendebant
1842 2876 1907 2948 sibi

495 2995 686 3090 specialiter
705 2995 741 3064 in
759 2995 948 3066 tenimento
966 2993 1144 3087 quondam
1165 2995 1255 3068 Petri
1275 2995 1523 3084 Transmundi,
1548 2995 1615 3067 sibi
1637 2997 1727 3068 sicut
1747 2995 1909 3070 dicebant

494 3141 515 3192 a
534 3129 650 3192 nostra
664 3121 841 3211 majestate
862 3138 1046 3201 concesso,
1064 3118 1148 3212 quia
1165 3117 1388 3214 privilegium
1406 3119 1636 3193 concessionis
1654 3129 1770 3193 nostre
1788 3131 1907 3194 osten-

495 3241 577 3315 dere
588 3242 833 3336 nequiverunt,
849 3249 884 3316 et
903 3241 1052 3314 restabat
1067 3241 1207 3315 terenda
1224 3242 1394 3314 sententia
1412 3249 1529 3315 contra
1544 3263 1604 3316 eos
1616 3263 1721 3337 super
1739 3244 1906 3317 fructibus

495 3377 530 3439 et
546 3366 771 3462 proventibus
786 3366 831 3439 de
846 3365 923 3460 ipsa
939 3365 1081 3438 baronia
1098 3366 1272 3462 perceptis
1289 3387 1310 3438 a
1328 3375 1482 3460 tempore
1499 3387 1570 3460 quo
1585 3365 1717 3438 dictum
1735 3368 1907 3440 tenimen-

493 3502 566 3562 tum
591 3491 628 3561 in
653 3490 796 3562 baronia
822 3499 939 3562 tenere
961 3483 1145 3586 ceperunt,
1172 3510 1238 3562 ncc
1267 3498 1381 3562 tamen
1408 3488 1482 3562 fleri
1505 3499 1637 3584 poterat
1659 3511 1844 3584 quousque
1864 3491 1906 3564 dc

490 3613 683 3706 quantitate
710 3615 883 3685 fructuum
912 3623 946 3685 et
973 3623 1205 3708 proventuum
1232 3613 1386 3708 ipsorum
1415 3611 1511 3686 tieret
1537 3613 1632 3686 curie
1653 3621 1769 3686 nostre
1790 3613 1906 3687 debita

492 3737 676 3826 certitudo,
699 3736 792 3810 idem
818 3745 901 3808 tunc
915 3736 1127 3829 justiciarius
1151 3737 1380 3832 quantitatem
1402 3738 1553 3830 ipsorum
1573 3738 1748 3809 fructuum
1767 3747 1802 3810 et
1818 3759 1905 3831 pro-

491 3869 659 3933 ventuum
686 3869 903 3956 receptorum
933 3881 996 3955 per
1022 3881 1082 3932 eos
1106 3869 1178 3933 tuto
1207 3859 1363 3955 predicto
1391 3868 1548 3955 tempure
1576 3859 1759 3954 diligenter
1787 3861 1905 3955 inqui·

491 3994 579 4056 reret
599 3993 633 4058 et
648 3983 694 4058 ad
711 3993 864 4056 nostrum
886 3963 1016 4058 curiam
1037 3983 1245 4074 destinaret,
1270 3981 1443 4080 prefigens
1465 3983 1711 4056 nichilominus
1735 3993 1904 4078 peremto*

489 4109 580 4180 rium
605 4107 789 4179 torminum
820 4106 950 4180 eisdem
981 4106 1163 4202 Raynuldo
1189 4116 1224 4180 et
1253 4106 1366 4180 Blasio
1393 4127 1465 4202 quo
1491 4115 1727 4202 comparerent
1746 4107 1782 4177 in
1809 4107 1903 4179 curia

488 4241 605 4302 nostra
621 4229 824 4302 seutentiam
842 4228 1013 4321 audituri3
1030 4229 1091 4323 qui
1108 4229 1199 4302 sicut
1212 4228 1258 4303 de
1277 4229 1454 4304 evidentia
1467 4229 1548 4302 tacti
1563 4229 1734 4323 apparuit,
1751 4230 1902 4303 mandati

488 4353 594 4426 nostri
608 4353 708 4448 quasi
726 4351 854 4424 surdus
868 4351 1006 4425 auditor
1025 4361 1059 4424 et
1077 4351 1300 4425 commodum
1314 4361 1431 4426 nosue
1455 4352 1552 4426 curie
1572 4353 1784 4446 negligenter
1798 4353 1901 4426 omio-

488 4488 563 4550 teus
589 4477 743 4573 predicta
770 4477 883 4550 tacere
911 4497 981 4550 non
1004 4477 1150 4550 curavit.
1180 4475 1265 4550 Cum
1292 4476 1399 4574 igitur
1428 4476 1599 4551 defectum
1628 4477 1720 4550 illius
1743 4486 1806 4552 tuo
1829 4498 1899 4551 crs·

529 4643 570 4724 (a)
592 4645 628 4706 In
641 4645 741 4706 cudtce
753 4643 908 4724 Phtlltpps.
927 4640 1094 4707 Galotdaro.
