4262 5910
208 657 305 712 lsnrcr.
325 646 384 729 la]
657 640 851 702 HISTORIA
878 641 1168 706 llll‘noltltllctt.
1553 641 1613 704 639

254 783 473 868 Fredericus,
498 791 584 865 ctu,
610 776 757 850 Iohanni
779 776 824 850 de
847 778 1059 853 Romaldicic
1083 789 1119 854 et
1142 779 1289 854 iohanni
1302 797 1304 800 ·
1311 778 1441 872 judicis
1466 779 1612 874 Sparodi

208 908 385 1003 qnondam
400 903 571 999 magistris
585 908 746 997 pomunm
764 899 800 972 in
815 899 958 996 Apulia,
975 914 1041 976 ate.
1064 903 1140 978 Non
1160 905 1236 977 sine
1255 903 1491 978 ammiratione
1513 903 1613 976 intel·

207 1033 357 1104 lenimus
369 1029 466 1122 quod
478 1047 543 1100 vos
559 1024 606 1099 ad
621 1023 781 1118 generale
798 1023 1000 1098 mandatnm
1016 1035 1169 1100 nostrum
1187 1025 1282 1122 qnod
1295 1027 1455 1100 omnibus
1473 1027 1612 1100 officia-

208 1155 300 1224 libus
326 1152 450 1224 nostris
477 1149 612 1224 dudum
644 1147 787 1220 lecimus
815 1167 878 1242 per
903 1157 1058 1242 patentes
1085 1151 1220 1224 licteras
1245 1159 1396 1239 nostrus,
1428 1151 1611 1245 pecuniam

208 1278 305 1350 curia
325 1283 440 1348 nosue
459 1294 529 1367 que
549 1271 712 1344 remansit
735 1289 841 1365 penes
865 1291 928 1344 vos
951 1269 996 1344 de
1015 1272 1127 1346 officio
1149 1274 1308 1347 introitus
1330 1282 1491 1368 portuum
1515 1274 1610 1368 quod

208 1398 427 1489 exercuistis,
444 1394 554 1489 judici
575 1395 695 1488 ltan'ori
712 1392 807 1467 lideli
825 1401 941 1466 nostru
959 1395 1135 1488 assignare
1152 1396 1293 1470 minime
1312 1397 1486 1486 voluistis;
1504 1398 1609 1469 immo

206 1525 316 1618 ipsam
332 1530 450 1595 contra
466 1518 669 1592 mandatum
684 1527 838 1590 nostrum
853 1527 969 1592 tenere
986 1527 1114 1592 temere
1129 1520 1383 1616 presumpsistis
1401 1521 1437 1592 in
1455 1529 1609 1594 vestrum

206 1645 425 1718 commodum
444 1653 479 1718 et
498 1653 613 1717 nostre
631 1642 726 1715 curie
749 1641 927 1715 lesionem.
945 1642 1022 1728 Quo
1044 1642 1135 1715 circa
1156 1641 1310 1717 fidelitati
1329 1653 1443 1717 vestre
1468 1643 1609 1716 lirmiter

206 1769 426 1865 precipiendo
443 1768 650 1842 mandamns
668 1775 839 1861 quatenus
859 1767 889 1838 si
906 1775 958 1839 ast
975 1767 1042 1858 ita,
1064 1769 1209 1863 receptis
1223 1768 1289 1864 hys
1306 1768 1450 1855 lictoris,
1470 1789 1607 1842 omnem

205 1895 386 1989 pecuniam
404 1913 508 1986 quam
526 1891 658 1964 habetis
675 1891 770 1963 curie
789 1901 919 1982 nostra,
942 1911 1013 1985 que
1030 1893 1186 1987 pervenit
1203 1893 1303 1965 vobis
1327 1902 1398 1964 tam
1423 1913 1469 1964 cx
1495 1893 1607 1966 officio

205 2016 402 2112 supradicto
422 2038 527 2111 quam
550 2013 794 2108 undecumque
819 2013 978 2104 aliunde,
1003 2015 1101 2088 latori
1123 2016 1332 2110 presentium
1350 2015 1462 2110 judici
1487 2017 1606 2107 Majori

205 2161 284 2212 cnm
302 2139 396 2212 omni
414 2139 607 2232 integritate
625 2137 802 2228 assignare
820 2136 960 2229 curetis,
982 2137 1077 2209 omni
1093 2159 1188 2210 mora
1203 2147 1237 2212 et
1254 2138 1432 2211 occasione
1451 2141 1604 2228 remotis,

204 2263 291 2334 sicut
311 2263 455 2362 gratiam
482 2271 632 2333 nostrum
658 2260 799 2353 diligitis
822 2269 856 2332 et
880 2258 1154 2354 indignationem
1178 2261 1303 2355 cupitis
1321 2261 1467 2353 evitare,
1487 2272 1524 2334 ut
1544 2285 1608 2357 per

205 2405 283 2455 eum
302 2383 350 2456 ad
368 2391 517 2456 nostram
534 2403 704 2455 cameram
722 2383 907 2456 deleratur.
927 2367 997 2455 Vos
1018 2391 1133 2455 autem
1157 2385 1329 2480 recipiatis
1351 2385 1396 2458 ab
1413 2393 1459 2458 ¹eo
1482 2385 1527 2459 da
1542 2385 1607 2482 hys

203 2515 272 2600 qua
298 2505 365 2578 sihi
390 2505 553 2588 dederitis
575 2504 784 2601 apodixem,
810 2515 845 2578 et
866 2503 1068 2599 significetis
1091 2507 1191 2579 nobis
1224 2528 1288 2604 per
1317 2507 1450 2582 licteros
1476 2519 1607 2582 vestras

202 2631 428 2725 quantitatem
449 2632 597 2726 pecunie
615 2651 720 2724 quam
735 2630 801 2702 sibi
818 2630 988 2703 duxeritis
1009 2629 1265 2724 assignandam.

250 2757 376 2829 Datum
393 2753 493 2843 Pisis,
512 2755 636 2828 XXVII
652 2754 857 2845 decembris,
876 2755 951 2826 Xlll
970 2753 1180 2828 indictionis.

434 3059 1387 3075 ...u-—u—...n—-ffl

254 3335 415 3420 Litterae
431 3336 669 3444 responsales
688 3336 738 3418 ad
753 3335 946 3420 Andream
962 3335 1011 3421 de
1022 3309 1171 3445 cicula,
1186 3337 1385 3424 laudantes
1398 3363 1485 3422 enm
1505 3340 1608 3450 quod

201 3467 252 3548 od
273 3467 557 3578 requisitionem
577 3467 726 3552 Henrici
744 3468 845 3578 regis
863 3469 1042 3554 Turrium
1065 3481 1102 3554 et
1121 3471 1298 3555 Gallurue
1315 3471 1454 3554 milites
1476 3481 1514 3554 et
1531 3497 1606 3581 pe-

200 3599 354 3683 cuniam
371 3600 486 3684 etiam
504 3600 586 3684 sine
603 3601 784 3686 mundato
801 3601 950 3686 mittere
967 3603 1237 3714 procuraverit.

217 3861 221 3868 ,
282 3797 409 3880 (Repert.
421 3801 524 3880 imper.
539 3797 657 3862 mete.
670 3800 711 3878 11,
725 3799 779 3862 iol.
795 3809 832 3862 49
847 3807 940 3876 recto;
953 3803 985 3863 ln
997 3803 1068 3864 edlt.
1083 3803 1216 3879 Curcum,
1230 3819 1261 3880 p.
1279 3801 1362 3880 att.)

248 3973 295 4044 De
308 3973 463 4046 melloto
474 3975 643 4068 imperiali
660 3977 749 4066 scoto
759 3997 823 4070 por
835 3975 1028 4069 magistrum
1041 3975 1082 4047 ll.
1098 3973 1138 4046 de
1150 3975 1249 4068 Supte
1263 3973 1399 4070 scripsit
1408 3975 1548 4049 Iacobus
1566 3977 1606 4048 dc

198 4096 327 4168 Borttrc
341 4098 471 4169 licturus
488 4098 714 4192 responsales.-

247 4219 464 4311 Fredericus,
485 4230 567 4313 ctu,
591 4220 728 4294 Andree
745 4219 790 4294 de
805 4219 933 4310 Cicala,
955 4229 1022 4294 etc.
1045 4221 1199 4315 Benigne
1216 4224 1299 4295 satis
1321 4224 1513 4319 recepimus
1535 4225 1604 4297 lio-

198 4352 288 4414 terss
309 4365 398 4436 quas
419 4353 477 4416 tna
497 4343 597 4416 nobis
617 4342 756 4416 devotio
781 4341 967 4416 destinavit
991 4353 1026 4415 et
1051 4365 1170 4417 earnm
1194 4355 1346 4418 tenorem
1372 4347 1604 4419 intelleximus

200 4463 393 4554 diligenter.
421 4466 581 4538 Studium
606 4475 723 4538 autem
746 4475 782 4537 el
807 4465 1072 4540 sollicitudinem
1098 4476 1194 4568 tuam
1218 4488 1323 4562 quam
1347 4467 1383 4538 in
1410 4468 1604 4543 ordinanda

198 4587 354 4660 custodia
374 4597 409 4660 et
428 4589 618 4662 munitione
635 4597 823 4660 castrorum
847 4597 1039 4660 nostrorum
1059 4599 1092 4662 te
1107 4589 1235 4663 habere
1257 4589 1469 4684 significasti,
1487 4595 1603 4687 pluri-

200 4729 295 4780 mum
313 4712 607 4784 commendamus.
626 4712 736 4806 Super
748 4732 791 4784 eo
806 4731 890 4792 vero
905 4711 1002 4806 quod
1018 4711 1066 4784 ud
1079 4713 1334 4806 requisitionem
1349 4723 1384 4788 ct
1400 4713 1603 4790 mandatum

1649 3345 1713 3399 lpnd
1723 3348 1798 3403 l’lm,

1652 3401 1811 3448 erumnae.
