<?xml version="1.0" encoding="UTF-8"?>
<!DOCTYPE html PUBLIC "-//W3C//DTD XHTML 1.0 Transitional//EN"
    "http://www.w3.org/TR/xhtml1/DTD/xhtml1-transitional.dtd">
<html xmlns="http://www.w3.org/1999/xhtml" xml:lang="en" lang="en">
 <head>
  <title>
</title>
<meta http-equiv="Content-Type" content="text/html;charset=utf-8" />
  <meta name='ocr-system' content='tesseract 3.04.00' />
  <meta name='ocr-capabilities' content='ocr_page ocr_carea ocr_par ocr_line ocrx_word'/>
</head>
<body>
  <div class='ocr_page' id='page_1' title='image "./historiadiploma02fredgoog_0584.png"; bbox 0 0 4246 5906; ppageno 0'>
   <div class='ocr_carea' id='block_1_1' title="bbox 232 623 1645 703">
    <p class='ocr_par' dir='ltr' id='par_1_1' title="bbox 232 623 1645 703">
     <span class='ocr_line' id='line_1_1' title="bbox 232 623 1645 703; baseline 0.002 -20"><span class='ocrx_word' id='word_1_1' title='bbox 232 624 410 703; x_wconf 75' lang='lat' dir='ltr'><strong>lanrcr.13.]</strong></span> <span class='ocrx_word' id='word_1_2' title='bbox 683 623 880 685; x_wconf 78' lang='lat' dir='ltr'><strong>HISTORIA</strong></span> <span class='ocrx_word' id='word_1_3' title='bbox 906 623 1198 690; x_wconf 74' lang='lat' dir='ltr'><strong>uranonarlca</strong></span> <span class='ocrx_word' id='word_1_4' title='bbox 1587 625 1645 686; x_wconf 79' lang='lat'><strong>5¹11</strong></span> 
     </span>
    </p>
   </div>
   <div class='ocr_carea' id='block_1_2' title="bbox 164 758 1763 2970">
    <p class='ocr_par' dir='ltr' id='par_1_2' title="bbox 231 758 1649 980">
     <span class='ocr_line' id='line_1_2' title="bbox 231 758 1649 856; baseline 0.001 -24"><span class='ocrx_word' id='word_1_5' title='bbox 231 761 396 856; x_wconf 80' lang='lat' dir='ltr'><strong>gulariter</strong></span> <span class='ocrx_word' id='word_1_6' title='bbox 428 768 463 833; x_wconf 91' lang='lat' dir='ltr'><strong>et</strong></span> <span class='ocrx_word' id='word_1_7' title='bbox 490 759 648 832; x_wconf 87' lang='lat' dir='ltr'><strong>distincte</strong></span> <span class='ocrx_word' id='word_1_8' title='bbox 674 758 871 833; x_wconf 87' lang='lat' dir='ltr'><strong>debitorum</strong></span> <span class='ocrx_word' id='word_1_9' title='bbox 898 762 1060 849; x_wconf 89' lang='lat' dir='ltr'><strong>nomina,</strong></span> <span class='ocrx_word' id='word_1_10' title='bbox 1095 771 1129 833; x_wconf 89' lang='lat' dir='ltr'><strong>et</strong></span> <span class='ocrx_word' id='word_1_11' title='bbox 1159 761 1385 855; x_wconf 73' lang='lat' dir='ltr'><strong>quantitatem</strong></span> <span class='ocrx_word' id='word_1_12' title='bbox 1415 758 1524 832; x_wconf 92' lang='lat' dir='ltr'><strong>debiti</strong></span> <span class='ocrx_word' id='word_1_13' title='bbox 1552 761 1649 833; x_wconf 86' lang='lat' dir='ltr'><strong>curie</strong></span> 
     </span>
     <span class='ocr_line' id='line_1_3' title="bbox 232 883 1546 980; baseline 0 -24"><span class='ocrx_word' id='word_1_14' title='bbox 232 894 348 958; x_wconf 88' lang='lat' dir='ltr'><strong>nostre</strong></span> <span class='ocrx_word' id='word_1_15' title='bbox 363 884 493 956; x_wconf 83' lang='lat' dir='ltr'><strong>scribas</strong></span> <span class='ocrx_word' id='word_1_16' title='bbox 509 892 543 956; x_wconf 88' lang='lat' dir='ltr'><strong>et</strong></span> <span class='ocrx_word' id='word_1_17' title='bbox 557 884 603 957; x_wconf 87' lang='lat' dir='ltr'><strong>ad</strong></span> <span class='ocrx_word' id='word_1_18' title='bbox 622 884 853 979; x_wconf 80' lang='lat' dir='ltr'><strong>recolligenda</strong></span> <span class='ocrx_word' id='word_1_19' title='bbox 866 883 984 958; x_wconf 87' lang='lat' dir='ltr'><strong>debita</strong></span> <span class='ocrx_word' id='word_1_20' title='bbox 1003 886 1077 980; x_wconf 90' lang='lat' dir='ltr'><strong>ipsa</strong></span> <span class='ocrx_word' id='word_1_21' title='bbox 1094 884 1236 958; x_wconf 81' lang='lat' dir='ltr'><strong>studeas</strong></span> <span class='ocrx_word' id='word_1_22' title='bbox 1253 893 1421 979; x_wconf 90' lang='lat' dir='ltr'><strong>quantum</strong></span> <span class='ocrx_word' id='word_1_23' title='bbox 1437 893 1546 980; x_wconf 88' lang='lat' dir='ltr'><strong>poles.</strong></span> 
     </span>
    </p>

    <p class='ocr_par' dir='ltr' id='par_1_3' title="bbox 281 1007 1205 1102">
     <span class='ocr_line' id='line_1_4' title="bbox 281 1007 1205 1102; baseline 0.002 -22"><span class='ocrx_word' id='word_1_24' title='bbox 281 1011 407 1080; x_wconf 90' lang='lat' dir='ltr'><strong>Datum</strong></span> <span class='ocrx_word' id='word_1_25' title='bbox 425 1007 578 1099; x_wconf 87' lang='lat' dir='ltr'><strong>Sarzani,</strong></span> <span class='ocrx_word' id='word_1_26' title='bbox 596 1008 660 1081; x_wconf 86' lang='lat' dir='ltr'><strong>XV</strong></span> <span class='ocrx_word' id='word_1_27' title='bbox 678 1007 883 1102; x_wconf 87' lang='lat' dir='ltr'><strong>decembris,</strong></span> <span class='ocrx_word' id='word_1_28' title='bbox 899 1011 977 1082; x_wconf 84' lang='lat' dir='ltr'>XIII</span> <span class='ocrx_word' id='word_1_29' title='bbox 995 1008 1205 1082; x_wconf 75' lang='lat' dir='ltr'><strong>indictionis,</strong></span> 
     </span>
    </p>

    <p class='ocr_par' dir='ltr' id='par_1_4' title="bbox 283 1133 1140 1226">
     <span class='ocr_line' id='line_1_5' title="bbox 283 1133 1140 1226; baseline -0.001 -22"><span class='ocrx_word' id='word_1_30' title='bbox 283 1135 330 1204; x_wconf 82' lang='lat' dir='ltr'><strong>Ile</strong></span> <span class='ocrx_word' id='word_1_31' title='bbox 347 1134 512 1226; x_wconf 60' lang='lat' dir='ltr'><strong>superiori</strong></span> <span class='ocrx_word' id='word_1_32' title='bbox 529 1133 685 1204; x_wconf 76' lang='grc'><strong>(66661616</strong></span> <span class='ocrx_word' id='word_1_33' title='bbox 702 1134 836 1226; x_wconf 74' lang='lat' dir='ltr'><strong>scalpsit</strong></span> <span class='ocrx_word' id='word_1_34' title='bbox 859 1133 947 1204; x_wconf 81' lang='lat' dir='ltr'><strong>idem</strong></span> <span class='ocrx_word' id='word_1_35' title='bbox 965 1135 1140 1205; x_wconf 70' lang='grc'><strong>6616616666</strong></span> 
     </span>
    </p>

    <p class='ocr_par' dir='ltr' id='par_1_5' title="bbox 164 1235 1763 2841">
     <span class='ocr_line' id='line_1_6' title="bbox 281 1235 1763 1352; baseline 0 -24"><span class='ocrx_word' id='word_1_36' title='bbox 281 1255 496 1346; x_wconf 88' lang='lat' dir='ltr'><strong>Frederions,</strong></span> <span class='ocrx_word' id='word_1_37' title='bbox 515 1265 599 1346; x_wconf 82' lang='lat' dir='ltr'><strong>etc,</strong></span> <span class='ocrx_word' id='word_1_38' title='bbox 617 1258 801 1329; x_wconf 90' lang='lat' dir='ltr'><strong>castellano</strong></span> <span class='ocrx_word' id='word_1_39' title='bbox 813 1257 930 1352; x_wconf 90' lang='lat' dir='ltr'><strong>palatii</strong></span> <span class='ocrx_word' id='word_1_40' title='bbox 942 1258 1114 1346; x_wconf 87' lang='lat' dir='ltr'><strong>Panormi,</strong></span> <span class='ocrx_word' id='word_1_41' title='bbox 1130 1267 1197 1330; x_wconf 91' lang='lat' dir='ltr'><strong>etc.</strong></span> <span class='ocrx_word' id='word_1_42' title='bbox 1212 1256 1426 1352; x_wconf 79' lang='lat' dir='ltr'><strong>Significavit</strong></span> <span class='ocrx_word' id='word_1_43' title='bbox 1444 1255 1649 1328; x_wconf 85' lang='lat' dir='ltr'><strong>excellentie</strong></span> <span class='ocrx_word' id='word_1_44' title='bbox 1761 1235 1763 1247; x_wconf 19' lang='grc' dir='ltr'>Α</span> 
     </span>
     <span class='ocr_line' id='line_1_7' title="bbox 235 1380 1648 1477; baseline 0.001 -25"><span class='ocrx_word' id='word_1_45' title='bbox 235 1391 349 1455; x_wconf 87' lang='lat' dir='ltr'><strong>nostre</strong></span> <span class='ocrx_word' id='word_1_46' title='bbox 367 1381 539 1454; x_wconf 91' lang='lat' dir='ltr'><strong>Obbertus</strong></span> <span class='ocrx_word' id='word_1_47' title='bbox 554 1380 839 1456; x_wconf 82' lang='lat' dir='ltr'><strong>Fallamonacbus</strong></span> <span class='ocrx_word' id='word_1_48' title='bbox 855 1391 1009 1454; x_wconf 88' lang='lat' dir='ltr'><strong>secretus</strong></span> <span class='ocrx_word' id='word_1_49' title='bbox 1023 1383 1180 1455; x_wconf 86' lang='lat' dir='ltr'><strong>Panormi</strong></span> <span class='ocrx_word' id='word_1_50' title='bbox 1199 1383 1294 1476; x_wconf 91' lang='lat' dir='ltr'><strong>qnod</strong></span> <span class='ocrx_word' id='word_1_51' title='bbox 1313 1383 1349 1453; x_wconf 92' lang='lat' dir='ltr'><strong>in</strong></span> <span class='ocrx_word' id='word_1_52' title='bbox 1363 1382 1648 1477; x_wconf 84' lang='lat' dir='ltr'><strong>quaternionibus</strong></span> 
     </span>
     <span class='ocr_line' id='line_1_8' title="bbox 234 1505 1649 1602; baseline -0.002 -24"><span class='ocrx_word' id='word_1_53' title='bbox 234 1515 270 1578; x_wconf 90' lang='lat' dir='ltr'><strong>et</strong></span> <span class='ocrx_word' id='word_1_54' title='bbox 301 1505 492 1578; x_wconf 88' lang='lat' dir='ltr'><strong>rationibus</strong></span> <span class='ocrx_word' id='word_1_55' title='bbox 522 1505 600 1576; x_wconf 91' lang='lat' dir='ltr'><strong>aliis</strong></span> <span class='ocrx_word' id='word_1_56' title='bbox 623 1505 760 1601; x_wconf 89' lang='lat' dir='ltr'><strong>scriptis</strong></span> <span class='ocrx_word' id='word_1_57' title='bbox 780 1505 960 1601; x_wconf 90' lang='lat' dir='ltr'><strong>quondam</strong></span> <span class='ocrx_word' id='word_1_58' title='bbox 984 1506 1180 1602; x_wconf 83' lang='lat' dir='ltr'><strong>Raymnndi</strong></span> <span class='ocrx_word' id='word_1_59' title='bbox 1206 1507 1327 1578; x_wconf 89' lang='lat' dir='ltr'><strong>secreti</strong></span> <span class='ocrx_word' id='word_1_60' title='bbox 1354 1505 1512 1578; x_wconf 89' lang='lat' dir='ltr'><strong>Panormi</strong></span> <span class='ocrx_word' id='word_1_61' title='bbox 1536 1505 1649 1578; x_wconf 91' lang='lat' dir='ltr'><strong>conti-</strong></span> 
     </span>
     <span class='ocr_line' id='line_1_9' title="bbox 234 1629 1649 1724; baseline 0 -24"><span class='ocrx_word' id='word_1_62' title='bbox 234 1640 360 1702; x_wconf 89' lang='lat' dir='ltr'><strong>nentur</strong></span> <span class='ocrx_word' id='word_1_63' title='bbox 377 1629 528 1724; x_wconf 88' lang='lat' dir='ltr'><strong>quedam</strong></span> <span class='ocrx_word' id='word_1_64' title='bbox 551 1629 692 1702; x_wconf 88' lang='lat' dir='ltr'><strong>residua</strong></span> <span class='ocrx_word' id='word_1_65' title='bbox 711 1652 781 1724; x_wconf 89' lang='lat' dir='ltr'><strong>que</strong></span> <span class='ocrx_word' id='word_1_66' title='bbox 799 1630 894 1702; x_wconf 89' lang='lat' dir='ltr'><strong>curie</strong></span> <span class='ocrx_word' id='word_1_67' title='bbox 912 1641 1027 1702; x_wconf 92' lang='lat' dir='ltr'><strong>nostre</strong></span> <span class='ocrx_word' id='word_1_68' title='bbox 1055 1630 1226 1703; x_wconf 83' lang='lat' dir='ltr'><strong>dabantur</strong></span> <span class='ocrx_word' id='word_1_69' title='bbox 1254 1639 1288 1702; x_wconf 92' lang='lat' dir='ltr'><strong>et</strong></span> <span class='ocrx_word' id='word_1_70' title='bbox 1309 1629 1461 1723; x_wconf 87' lang='lat' dir='ltr'><strong>quedam</strong></span> <span class='ocrx_word' id='word_1_71' title='bbox 1489 1629 1557 1701; x_wconf 88' lang='lat' dir='ltr'><strong>alia</strong></span> <span class='ocrx_word' id='word_1_72' title='bbox 1579 1651 1649 1722; x_wconf 92' lang='lat' dir='ltr'><strong>que</strong></span> 
     </span>
     <span class='ocr_line' id='line_1_10' title="bbox 234 1753 1649 1848; baseline -0.004 -21"><span class='ocrx_word' id='word_1_73' title='bbox 234 1754 396 1827; x_wconf 79' lang='lat' dir='ltr'><strong>dIcnntnr</strong></span> <span class='ocrx_word' id='word_1_74' title='bbox 412 1763 567 1848; x_wconf 81' lang='lat' dir='ltr'><strong>spectare</strong></span> <span class='ocrx_word' id='word_1_75' title='bbox 580 1753 626 1827; x_wconf 92' lang='lat' dir='ltr'><strong>ad</strong></span> <span class='ocrx_word' id='word_1_76' title='bbox 635 1754 858 1827; x_wconf 90' lang='lat' dir='ltr'><strong>commodum</strong></span> <span class='ocrx_word' id='word_1_77' title='bbox 869 1763 904 1826; x_wconf 89' lang='lat' dir='ltr'><strong>et</strong></span> <span class='ocrx_word' id='word_1_78' title='bbox 918 1754 1098 1826; x_wconf 80' lang='lat' dir='ltr'><strong>utilitatem</strong></span> <span class='ocrx_word' id='word_1_79' title='bbox 1111 1755 1206 1826; x_wconf 88' lang='lat' dir='ltr'><strong>curie</strong></span> <span class='ocrx_word' id='word_1_80' title='bbox 1217 1765 1350 1843; x_wconf 87' lang='lat' dir='ltr'><strong>nostra;</strong></span> <span class='ocrx_word' id='word_1_81' title='bbox 1366 1765 1400 1825; x_wconf 89' lang='lat' dir='ltr'><strong>et</strong></span> <span class='ocrx_word' id='word_1_82' title='bbox 1411 1776 1489 1824; x_wconf 87' lang='lat' dir='ltr'><strong>cnm</strong></span> <span class='ocrx_word' id='word_1_83' title='bbox 1501 1753 1649 1824; x_wconf 86' lang='lat' dir='ltr'><strong>velimus</strong></span> 
     </span>
     <span class='ocr_line' id='line_1_11' title="bbox 233 1877 1649 1974; baseline 0 -24"><span class='ocrx_word' id='word_1_84' title='bbox 233 1878 331 1974; x_wconf 93' lang='lat' dir='ltr'><strong>quod</strong></span> <span class='ocrx_word' id='word_1_85' title='bbox 356 1879 495 1952; x_wconf 90' lang='lat' dir='ltr'><strong>residua</strong></span> <span class='ocrx_word' id='word_1_86' title='bbox 521 1880 595 1973; x_wconf 87' lang='lat' dir='ltr'><strong>ipsa</strong></span> <span class='ocrx_word' id='word_1_87' title='bbox 622 1901 683 1974; x_wconf 92' lang='lat' dir='ltr'><strong>per</strong></span> <span class='ocrx_word' id='word_1_88' title='bbox 712 1878 873 1952; x_wconf 91' lang='lat' dir='ltr'><strong>eumdem</strong></span> <span class='ocrx_word' id='word_1_89' title='bbox 898 1879 1087 1951; x_wconf 90' lang='lat' dir='ltr'><strong>Obbertnm</strong></span> <span class='ocrx_word' id='word_1_90' title='bbox 1113 1879 1353 1972; x_wconf 81' lang='lat' dir='ltr'><strong>recolligantur</strong></span> <span class='ocrx_word' id='word_1_91' title='bbox 1375 1887 1409 1950; x_wconf 90' lang='lat' dir='ltr'><strong>et</strong></span> <span class='ocrx_word' id='word_1_92' title='bbox 1435 1877 1529 1950; x_wconf 88' lang='lat' dir='ltr'><strong>dicat</strong></span> <span class='ocrx_word' id='word_1_93' title='bbox 1553 1877 1649 1972; x_wconf 91' lang='lat' dir='ltr'><strong>quod</strong></span> 
     </span>
     <span class='ocr_line' id='line_1_12' title="bbox 234 1998 1649 2097; baseline -0.001 -23"><span class='ocrx_word' id='word_1_94' title='bbox 234 2001 391 2097; x_wconf 81' lang='lat' dir='ltr'><strong>quaterni</strong></span> <span class='ocrx_word' id='word_1_95' title='bbox 414 2001 482 2096; x_wconf 90' lang='lat' dir='ltr'><strong>ipsi</strong></span> <span class='ocrx_word' id='word_1_96' title='bbox 504 2009 587 2072; x_wconf 90' lang='lat' dir='ltr'><strong>sunt</strong></span> <span class='ocrx_word' id='word_1_97' title='bbox 610 2001 646 2072; x_wconf 96' lang='lat' dir='ltr'><strong>in</strong></span> <span class='ocrx_word' id='word_1_98' title='bbox 665 2002 794 2097; x_wconf 89' lang='lat' dir='ltr'><strong>palatio</strong></span> <span class='ocrx_word' id='word_1_99' title='bbox 823 2011 958 2092; x_wconf 88' lang='lat' dir='ltr'><strong>nostro,</strong></span> <span class='ocrx_word' id='word_1_100' title='bbox 985 1999 1192 2073; x_wconf 89' lang='lat' dir='ltr'><strong>mandamus</strong></span> <span class='ocrx_word' id='word_1_101' title='bbox 1214 1998 1369 2073; x_wconf 86' lang='lat' dir='ltr'><strong>fidelitati</strong></span> <span class='ocrx_word' id='word_1_102' title='bbox 1394 2009 1453 2071; x_wconf 90' lang='lat' dir='ltr'><strong>tue</strong></span> <span class='ocrx_word' id='word_1_103' title='bbox 1477 2009 1649 2094; x_wconf 88' lang='lat' dir='ltr'><strong>quatenns</strong></span> 
     </span>
     <span class='ocr_line' id='line_1_13' title="bbox 164 2123 1651 2222; baseline -0.002 -24"><span class='ocrx_word' id='word_1_104' title='bbox 164 2159 166 2164; x_wconf 96' lang='lat'>·</span> <span class='ocrx_word' id='word_1_105' title='bbox 235 2133 423 2220; x_wconf 88' lang='lat' dir='ltr'><strong>quaternos</strong></span> <span class='ocrx_word' id='word_1_106' title='bbox 436 2125 531 2219; x_wconf 90' lang='lat' dir='ltr'><strong>ipsos</strong></span> <span class='ocrx_word' id='word_1_107' title='bbox 545 2133 580 2198; x_wconf 89' lang='lat' dir='ltr'><strong>et</strong></span> <span class='ocrx_word' id='word_1_108' title='bbox 595 2125 743 2200; x_wconf 89' lang='lat' dir='ltr'><strong>rationes</strong></span> <span class='ocrx_word' id='word_1_109' title='bbox 761 2127 846 2200; x_wconf 90' lang='lat' dir='ltr'><strong>alias</strong></span> <span class='ocrx_word' id='word_1_110' title='bbox 860 2149 930 2220; x_wconf 87' lang='lat' dir='ltr'><strong>qne</strong></span> <span class='ocrx_word' id='word_1_111' title='bbox 948 2124 1125 2220; x_wconf 90' lang='lat' dir='ltr'><strong>quondam</strong></span> <span class='ocrx_word' id='word_1_112' title='bbox 1140 2127 1280 2199; x_wconf 84' lang='lat' dir='ltr'><strong>luerunt</strong></span> <span class='ocrx_word' id='word_1_113' title='bbox 1295 2125 1380 2197; x_wconf 91' lang='lat' dir='ltr'><strong>dieti</strong></span> <span class='ocrx_word' id='word_1_114' title='bbox 1400 2123 1599 2222; x_wconf 82' lang='lat' dir='ltr'><strong>Ilaymundi</strong></span> <span class='ocrx_word' id='word_1_115' title='bbox 1616 2133 1651 2196; x_wconf 90' lang='lat' dir='ltr'><strong>et</strong></span> 
     </span>
     <span class='ocr_line' id='line_1_14' title="bbox 236 2248 1651 2349; baseline -0.001 -27"><span class='ocrx_word' id='word_1_116' title='bbox 236 2250 413 2322; x_wconf 85' lang='lat' dir='ltr'><strong>continent</strong></span> <span class='ocrx_word' id='word_1_117' title='bbox 431 2248 569 2322; x_wconf 88' lang='lat' dir='ltr'><strong>residua</strong></span> <span class='ocrx_word' id='word_1_118' title='bbox 589 2258 623 2320; x_wconf 92' lang='lat' dir='ltr'><strong>et</strong></span> <span class='ocrx_word' id='word_1_119' title='bbox 639 2250 792 2323; x_wconf 86' lang='lat' dir='ltr'><strong>ratlenes</strong></span> <span class='ocrx_word' id='word_1_120' title='bbox 811 2252 909 2324; x_wconf 89' lang='lat' dir='ltr'><strong>curie</strong></span> <span class='ocrx_word' id='word_1_121' title='bbox 928 2260 1060 2342; x_wconf 87' lang='lat' dir='ltr'><strong>nostre,</strong></span> <span class='ocrx_word' id='word_1_122' title='bbox 1076 2251 1240 2349; x_wconf 88' lang='lat' dir='ltr'><strong>ostendas</strong></span> <span class='ocrx_word' id='word_1_123' title='bbox 1255 2249 1369 2325; x_wconf 89' lang='lat' dir='ltr'><strong>eidam</strong></span> <span class='ocrx_word' id='word_1_124' title='bbox 1388 2249 1537 2322; x_wconf 89' lang='lat' dir='ltr'><strong>Obberto</strong></span> <span class='ocrx_word' id='word_1_125' title='bbox 1555 2257 1590 2321; x_wconf 88' lang='lat' dir='ltr'><strong>et</strong></span> <span class='ocrx_word' id='word_1_126' title='bbox 1604 2270 1651 2322; x_wconf 84' lang='lat' dir='ltr'><strong>ex</strong></span> 
     </span>
     <span class='ocr_line' id='line_1_15' title="bbox 235 2373 1652 2470; baseline 0 -26"><span class='ocrx_word' id='word_1_127' title='bbox 235 2373 287 2444; x_wconf 89' lang='lat' dir='ltr'><strong>eis</strong></span> <span class='ocrx_word' id='word_1_128' title='bbox 301 2373 367 2467; x_wconf 91' lang='lat' dir='ltr'><strong>ipsi</strong></span> <span class='ocrx_word' id='word_1_129' title='bbox 385 2373 519 2468; x_wconf 90' lang='lat' dir='ltr'><strong>copiam</strong></span> <span class='ocrx_word' id='word_1_130' title='bbox 535 2373 642 2446; x_wconf 81' lang='lat' dir='ltr'><strong>facias</strong></span> <span class='ocrx_word' id='word_1_131' title='bbox 656 2384 695 2446; x_wconf 90' lang='lat' dir='ltr'><strong>nt</strong></span> <span class='ocrx_word' id='word_1_132' title='bbox 707 2375 802 2469; x_wconf 90' lang='lat' dir='ltr'><strong>ipsos</strong></span> <span class='ocrx_word' id='word_1_133' title='bbox 816 2397 879 2470; x_wconf 89' lang='lat' dir='ltr'><strong>per</strong></span> <span class='ocrx_word' id='word_1_134' title='bbox 895 2373 1015 2448; x_wconf 86' lang='lat' dir='ltr'><strong>fideles</strong></span> <span class='ocrx_word' id='word_1_135' title='bbox 1029 2376 1178 2447; x_wconf 89' lang='lat' dir='ltr'><strong>notarios</strong></span> <span class='ocrx_word' id='word_1_136' title='bbox 1191 2395 1307 2448; x_wconf 82' lang='lat' dir='ltr'><strong>reram</strong></span> <span class='ocrx_word' id='word_1_137' title='bbox 1324 2374 1440 2470; x_wconf 88' lang='lat' dir='ltr'><strong>probis</strong></span> <span class='ocrx_word' id='word_1_138' title='bbox 1452 2373 1538 2445; x_wconf 89' lang='lat' dir='ltr'><strong>viris</strong></span> <span class='ocrx_word' id='word_1_139' title='bbox 1551 2383 1652 2446; x_wconf 89' lang='lat' dir='ltr'><strong>tran-</strong></span> 
     </span>
     <span class='ocr_line' id='line_1_16' title="bbox 236 2495 1653 2593; baseline 0.001 -25"><span class='ocrx_word' id='word_1_140' title='bbox 236 2496 339 2568; x_wconf 89' lang='lat' dir='ltr'><strong>scribi</strong></span> <span class='ocrx_word' id='word_1_141' title='bbox 362 2497 482 2585; x_wconf 76' lang='grc'><strong>166166,</strong></span> <span class='ocrx_word' id='word_1_142' title='bbox 503 2507 541 2568; x_wconf 89' lang='lat' dir='ltr'><strong>nl</strong></span> <span class='ocrx_word' id='word_1_143' title='bbox 562 2497 703 2570; x_wconf 90' lang='lat' dir='ltr'><strong>residua</strong></span> <span class='ocrx_word' id='word_1_144' title='bbox 728 2498 824 2572; x_wconf 87' lang='lat' dir='ltr'><strong>corle</strong></span> <span class='ocrx_word' id='word_1_145' title='bbox 848 2508 966 2571; x_wconf 89' lang='lat' dir='ltr'><strong>nostre</strong></span> <span class='ocrx_word' id='word_1_146' title='bbox 988 2498 1230 2591; x_wconf 81' lang='lat' dir='ltr'><strong>recolligantur</strong></span> <span class='ocrx_word' id='word_1_147' title='bbox 1252 2519 1315 2593; x_wconf 91' lang='lat' dir='ltr'><strong>per</strong></span> <span class='ocrx_word' id='word_1_148' title='bbox 1332 2519 1413 2572; x_wconf 85' lang='lat' dir='ltr'><strong>enm</strong></span> <span class='ocrx_word' id='word_1_149' title='bbox 1433 2498 1536 2590; x_wconf 86' lang='lat' dir='ltr'><strong>juxta</strong></span> <span class='ocrx_word' id='word_1_150' title='bbox 1556 2495 1653 2592; x_wconf 94' lang='lat' dir='ltr'><strong>qnod</strong></span> 
     </span>
     <span class='ocr_line' id='line_1_17' title="bbox 236 2619 1651 2718; baseline -0.001 -24"><span class='ocrx_word' id='word_1_151' title='bbox 236 2620 303 2694; x_wconf 90' lang='lat' dir='ltr'><strong>sibi</strong></span> <span class='ocrx_word' id='word_1_152' title='bbox 320 2621 445 2693; x_wconf 89' lang='lat' dir='ltr'><strong>damus</strong></span> <span class='ocrx_word' id='word_1_153' title='bbox 459 2642 521 2716; x_wconf 94' lang='lat' dir='ltr'><strong>per</strong></span> <span class='ocrx_word' id='word_1_154' title='bbox 538 2629 671 2694; x_wconf 89' lang='lat' dir='ltr'><strong>nostras</strong></span> <span class='ocrx_word' id='word_1_155' title='bbox 685 2619 820 2695; x_wconf 87' lang='lat' dir='ltr'><strong>licteras</strong></span> <span class='ocrx_word' id='word_1_156' title='bbox 835 2624 871 2694; x_wconf 94' lang='lat' dir='ltr'><strong>in</strong></span> <span class='ocrx_word' id='word_1_157' title='bbox 890 2622 1074 2714; x_wconf 90' lang='lat' dir='ltr'><strong>mandatis,</strong></span> <span class='ocrx_word' id='word_1_158' title='bbox 1090 2623 1219 2715; x_wconf 92' lang='lat' dir='ltr'><strong>quibus</strong></span> <span class='ocrx_word' id='word_1_159' title='bbox 1234 2623 1448 2718; x_wconf 86' lang='lat' dir='ltr'><strong>transcriptis</strong></span> <span class='ocrx_word' id='word_1_160' title='bbox 1463 2631 1598 2695; x_wconf 87' lang='lat' dir='ltr'><strong>veteres</strong></span> <span class='ocrx_word' id='word_1_161' title='bbox 1616 2623 1651 2693; x_wconf 94' lang='lat' dir='ltr'><strong>in</strong></span> 
     </span>
     <span class='ocr_line' id='line_1_18' title="bbox 237 2745 1050 2841; baseline 0 -21"><span class='ocrx_word' id='word_1_162' title='bbox 237 2745 360 2820; x_wconf 85' lang='lat' dir='ltr'><strong>eodem</strong></span> <span class='ocrx_word' id='word_1_163' title='bbox 378 2746 505 2841; x_wconf 91' lang='lat' dir='ltr'><strong>palatio</strong></span> <span class='ocrx_word' id='word_1_164' title='bbox 522 2759 639 2819; x_wconf 88' lang='lat' dir='ltr'><strong>nostro</strong></span> <span class='ocrx_word' id='word_1_165' title='bbox 654 2746 836 2841; x_wconf 85' lang='lat' dir='ltr'><strong>diligenter</strong></span> <span class='ocrx_word' id='word_1_166' title='bbox 853 2769 1050 2821; x_wconf 87' lang='lat' dir='ltr'><strong>conserves.</strong></span> 
     </span>
    </p>

    <p class='ocr_par' dir='ltr' id='par_1_6' title="bbox 285 2866 629 2970">
     <span class='ocr_line' id='line_1_19' title="bbox 285 2866 629 2970; baseline 0.009 -30"><span class='ocrx_word' id='word_1_167' title='bbox 285 2871 410 2942; x_wconf 88' lang='lat' dir='ltr'><strong>Datum</strong></span> <span class='ocrx_word' id='word_1_168' title='bbox 430 2866 480 2968; x_wconf 82' lang='lat' dir='ltr'><strong>[at</strong></span> <span class='ocrx_word' id='word_1_169' title='bbox 496 2867 629 2970; x_wconf 62' lang='lat' dir='ltr'><strong>supra}</strong></span> 
     </span>
    </p>
   </div>
   <div class='ocr_carea' id='block_1_3' title="bbox 470 3121 1414 3136">
    <p class='ocr_par' dir='ltr' id='par_1_7' title="bbox 470 3121 1414 3136">
     <span class='ocr_line' id='line_1_20' title="bbox 470 3121 1414 3136; baseline -0.002 -2"><span class='ocrx_word' id='word_1_170' title='bbox 470 3121 1414 3136; x_wconf 56' lang='lat' dir='ltr'><strong>n———n—-n—m—-m—-n-—b—un</strong></span> 
     </span>
    </p>
   </div>
   <div class='ocr_carea' id='block_1_4' title="bbox 236 3318 1713 4093">
    <p class='ocr_par' dir='ltr' id='par_1_8' title="bbox 236 3318 1713 4093">
     <span class='ocr_line' id='line_1_21' title="bbox 290 3318 1655 3429; baseline -0.001 -25"><span class='ocrx_word' id='word_1_171' title='bbox 290 3319 452 3404; x_wconf 85' lang='lat' dir='ltr'><strong>Litterae</strong></span> <span class='ocrx_word' id='word_1_172' title='bbox 468 3319 709 3429; x_wconf 88' lang='lat' dir='ltr'><strong>responsales</strong></span> <span class='ocrx_word' id='word_1_173' title='bbox 723 3320 772 3402; x_wconf 91' lang='lat' dir='ltr'><strong>ad</strong></span> <span class='ocrx_word' id='word_1_174' title='bbox 791 3328 979 3402; x_wconf 88' lang='lat' dir='ltr'><strong>secretum</strong></span> <span class='ocrx_word' id='word_1_175' title='bbox 992 3320 1174 3403; x_wconf 87' lang='lat' dir='ltr'><strong>Panormi</strong></span> <span class='ocrx_word' id='word_1_176' title='bbox 1188 3320 1236 3402; x_wconf 93' lang='lat' dir='ltr'><strong>de</strong></span> <span class='ocrx_word' id='word_1_177' title='bbox 1250 3320 1337 3403; x_wconf 85' lang='lat' dir='ltr'><strong>navi</strong></span> <span class='ocrx_word' id='word_1_178' title='bbox 1357 3345 1435 3402; x_wconf 89' lang='lat' dir='ltr'><strong>una</strong></span> <span class='ocrx_word' id='word_1_179' title='bbox 1448 3330 1485 3402; x_wconf 89' lang='lat' dir='ltr'><strong>et</strong></span> <span class='ocrx_word' id='word_1_180' title='bbox 1502 3318 1655 3403; x_wconf 90' lang='lat' dir='ltr'><strong>duobus</strong></span> 
     </span>
     <span class='ocr_line' id='line_1_22' title="bbox 238 3451 1656 3561; baseline -0.002 -25"><span class='ocrx_word' id='word_1_181' title='bbox 238 3451 378 3538; x_wconf 87' lang='lat' dir='ltr'><strong>bucliis</strong></span> <span class='ocrx_word' id='word_1_182' title='bbox 400 3451 582 3535; x_wconf 82' lang='lat' dir='ltr'><strong>frumenti</strong></span> <span class='ocrx_word' id='word_1_183' title='bbox 605 3454 734 3535; x_wconf 82' lang='grc'><strong>666166</strong></span> <span class='ocrx_word' id='word_1_184' title='bbox 758 3453 982 3560; x_wconf 81' lang='lat' dir='ltr'><strong>onerandis,</strong></span> <span class='ocrx_word' id='word_1_185' title='bbox 1008 3452 1057 3535; x_wconf 90' lang='lat' dir='ltr'><strong>de</strong></span> <span class='ocrx_word' id='word_1_186' title='bbox 1071 3451 1221 3561; x_wconf 87' lang='lat' dir='ltr'><strong>judaeis</strong></span> <span class='ocrx_word' id='word_1_187' title='bbox 1239 3454 1287 3534; x_wconf 94' lang='lat' dir='ltr'><strong>de</strong></span> <span class='ocrx_word' id='word_1_188' title='bbox 1311 3451 1437 3535; x_wconf 82' lang='lat' dir='ltr'><strong>Gerbo</strong></span> <span class='ocrx_word' id='word_1_189' title='bbox 1456 3453 1559 3560; x_wconf 90' lang='lat' dir='ltr'><strong>apud</strong></span> <span class='ocrx_word' id='word_1_190' title='bbox 1577 3453 1656 3534; x_wconf 88' lang='lat' dir='ltr'><strong>Pa-</strong></span> 
     </span>
     <span class='ocr_line' id='line_1_23' title="bbox 236 3583 1713 3691; baseline -0.001 -23"><span class='ocrx_word' id='word_1_191' title='bbox 236 3611 419 3670; x_wconf 90' lang='lat' dir='ltr'><strong>normnm</strong></span> <span class='ocrx_word' id='word_1_192' title='bbox 437 3584 701 3668; x_wconf 80' lang='lat' dir='ltr'><strong>habitanthus</strong></span> <span class='ocrx_word' id='word_1_193' title='bbox 726 3593 763 3667; x_wconf 88' lang='lat' dir='ltr'><strong>et</strong></span> <span class='ocrx_word' id='word_1_194' title='bbox 789 3585 966 3668; x_wconf 88' lang='lat' dir='ltr'><strong>dactilelo</strong></span> <span class='ocrx_word' id='word_1_195' title='bbox 983 3583 1180 3668; x_wconf 72' lang='lat' dir='ltr'><strong>Falariae·</strong></span> <span class='ocrx_word' id='word_1_196' title='bbox 1194 3583 1244 3666; x_wconf 91' lang='lat' dir='ltr'><strong>ab</strong></span> <span class='ocrx_word' id='word_1_197' title='bbox 1266 3585 1408 3667; x_wconf 91' lang='lat' dir='ltr'><strong>eisdem</strong></span> <span class='ocrx_word' id='word_1_198' title='bbox 1427 3584 1653 3691; x_wconf 83' lang='lat' dir='ltr'><strong>excolendo,</strong></span> <span class='ocrx_word' id='word_1_199' title='bbox 1703 3663 1713 3690; x_wconf 75' lang='lat'><em>,</em></span> 
     </span>
     <span class='ocr_line' id='line_1_24' title="bbox 236 3717 1656 3827; baseline -0.002 -25"><span class='ocrx_word' id='word_1_200' title='bbox 236 3720 286 3802; x_wconf 95' lang='grc'><strong>(16</strong></span> <span class='ocrx_word' id='word_1_201' title='bbox 310 3719 463 3802; x_wconf 91' lang='lat' dir='ltr'><strong>tributis</strong></span> <span class='ocrx_word' id='word_1_202' title='bbox 494 3745 517 3800; x_wconf 88' lang='lat' dir='ltr'><strong>a</strong></span> <span class='ocrx_word' id='word_1_203' title='bbox 540 3717 691 3827; x_wconf 86' lang='lat' dir='ltr'><strong>judaeis</strong></span> <span class='ocrx_word' id='word_1_204' title='bbox 714 3718 891 3800; x_wconf 88' lang='lat' dir='ltr'><strong>Panormi</strong></span> <span class='ocrx_word' id='word_1_205' title='bbox 914 3717 1133 3827; x_wconf 81' lang='lat' dir='ltr'><strong>exigendis,</strong></span> <span class='ocrx_word' id='word_1_206' title='bbox 1157 3718 1205 3800; x_wconf 92' lang='lat' dir='ltr'><strong>de</strong></span> <span class='ocrx_word' id='word_1_207' title='bbox 1234 3717 1467 3800; x_wconf 90' lang='lat' dir='ltr'><strong>seminandis</strong></span> <span class='ocrx_word' id='word_1_208' title='bbox 1495 3717 1656 3800; x_wconf 88' lang='lat' dir='ltr'><strong>alchana</strong></span> 
     </span>
     <span class='ocr_line' id='line_1_25' title="bbox 237 3849 1657 3960; baseline -0.001 -26"><span class='ocrx_word' id='word_1_209' title='bbox 237 3861 276 3934; x_wconf 88' lang='lat' dir='ltr'><strong>et</strong></span> <span class='ocrx_word' id='word_1_210' title='bbox 299 3851 442 3958; x_wconf 87' lang='lat' dir='ltr'><strong>indico,</strong></span> <span class='ocrx_word' id='word_1_211' title='bbox 462 3853 511 3934; x_wconf 90' lang='lat' dir='ltr'><strong>de</strong></span> <span class='ocrx_word' id='word_1_212' title='bbox 537 3859 699 3934; x_wconf 91' lang='lat' dir='ltr'><strong>cannete</strong></span> <span class='ocrx_word' id='word_1_213' title='bbox 721 3850 944 3957; x_wconf 81' lang='lat' dir='ltr'><strong>incidenda,</strong></span> <span class='ocrx_word' id='word_1_214' title='bbox 963 3852 1013 3932; x_wconf 92' lang='lat' dir='ltr'><strong>de</strong></span> <span class='ocrx_word' id='word_1_215' title='bbox 1036 3850 1157 3933; x_wconf 85' lang='lat' dir='ltr'><strong>vineis</strong></span> <span class='ocrx_word' id='word_1_216' title='bbox 1176 3850 1287 3960; x_wconf 84' lang='lat' dir='ltr'><strong>juxta</strong></span> <span class='ocrx_word' id='word_1_217' title='bbox 1313 3849 1499 3959; x_wconf 88' lang='lat' dir='ltr'><strong>palatium</strong></span> <span class='ocrx_word' id='word_1_218' title='bbox 1525 3849 1657 3932; x_wconf 82' lang='lat' dir='ltr'><strong>Asisae</strong></span> 
     </span>
     <span class='ocr_line' id='line_1_26' title="bbox 237 3981 1652 4093; baseline 0 -28"><span class='ocrx_word' id='word_1_219' title='bbox 237 3983 437 4092; x_wconf 85' lang='lat' dir='ltr'><strong>plantatis,</strong></span> <span class='ocrx_word' id='word_1_220' title='bbox 457 3985 507 4066; x_wconf 93' lang='lat' dir='ltr'><strong>de</strong></span> <span class='ocrx_word' id='word_1_221' title='bbox 524 3983 793 4093; x_wconf 90' lang='lat' dir='ltr'><strong>oonqnirendis</strong></span> <span class='ocrx_word' id='word_1_222' title='bbox 810 3983 1031 4066; x_wconf 91' lang='lat' dir='ltr'><strong>hominibus</strong></span> <span class='ocrx_word' id='word_1_223' title='bbox 1056 3982 1124 4093; x_wconf 89' lang='lat' dir='ltr'><strong>qui</strong></span> <span class='ocrx_word' id='word_1_224' title='bbox 1142 3983 1264 4065; x_wconf 88' lang='lat' dir='ltr'><strong>sciant</strong></span> <span class='ocrx_word' id='word_1_225' title='bbox 1289 3981 1412 4066; x_wconf 85' lang='lat' dir='ltr'><strong>lacere</strong></span> <span class='ocrx_word' id='word_1_226' title='bbox 1436 3983 1652 4066; x_wconf 83' lang='lat' dir='ltr'><strong>zuccarum&#39;.</strong></span> 
     </span>
    </p>
   </div>
   <div class='ocr_carea' id='block_1_5' title="bbox 319 4168 1408 4254">
    <p class='ocr_par' dir='ltr' id='par_1_9' title="bbox 319 4168 1408 4254">
     <span class='ocr_line' id='line_1_27' title="bbox 319 4168 1408 4254; baseline 0 -22"><span class='ocrx_word' id='word_1_227' title='bbox 319 4171 448 4254; x_wconf 79' lang='lat' dir='ltr'><strong>(Ilepcsl.</strong></span> <span class='ocrx_word' id='word_1_228' title='bbox 459 4171 562 4252; x_wconf 76' lang='lat' dir='ltr'><strong>imper.</strong></span> <span class='ocrx_word' id='word_1_229' title='bbox 575 4169 696 4233; x_wconf 77' lang='lat' dir='ltr'><strong>Frcdcr.</strong></span> <span class='ocrx_word' id='word_1_230' title='bbox 711 4172 750 4246; x_wconf 89' lang='lat'><strong>11,</strong></span> <span class='ocrx_word' id='word_1_231' title='bbox 764 4169 813 4232; x_wconf 85' lang='lat' dir='ltr'><strong>Iol.</strong></span> <span class='ocrx_word' id='word_1_232' title='bbox 832 4179 869 4232; x_wconf 80' lang='grc'><strong>66</strong></span> <span class='ocrx_word' id='word_1_233' title='bbox 880 4177 976 4244; x_wconf 86' lang='lat' dir='ltr'><strong>recto;</strong></span> <span class='ocrx_word' id='word_1_234' title='bbox 991 4172 1024 4231; x_wconf 93' lang='lat' dir='ltr'><strong>In</strong></span> <span class='ocrx_word' id='word_1_235' title='bbox 1036 4170 1107 4230; x_wconf 89' lang='lat' dir='ltr'><strong>edlt.</strong></span> <span class='ocrx_word' id='word_1_236' title='bbox 1124 4169 1262 4244; x_wconf 71' lang='lat' dir='ltr'><strong>Carean„</strong></span> <span class='ocrx_word' id='word_1_237' title='bbox 1275 4187 1306 4248; x_wconf 90' lang='lat' dir='ltr'><strong>p.</strong></span> <span class='ocrx_word' id='word_1_238' title='bbox 1323 4168 1408 4250; x_wconf 76' lang='lat'><strong>²9⁰.)</strong></span> 
     </span>
    </p>
   </div>
   <div class='ocr_carea' id='block_1_6' title="bbox 182 4328 1657 4798">
    <p class='ocr_par' dir='ltr' id='par_1_10' title="bbox 286 4328 1459 4426">
     <span class='ocr_line' id='line_1_28' title="bbox 286 4328 1459 4426; baseline -0.002 -22"><span class='ocrx_word' id='word_1_239' title='bbox 286 4331 367 4404; x_wconf 82' lang='lat' dir='ltr'><strong>Item</strong></span> <span class='ocrx_word' id='word_1_240' title='bbox 385 4333 425 4404; x_wconf 82' lang='lat' dir='ltr'><strong>dc</strong></span> <span class='ocrx_word' id='word_1_241' title='bbox 440 4333 550 4406; x_wconf 82' lang='lat' dir='ltr'><strong>eodem</strong></span> <span class='ocrx_word' id='word_1_242' title='bbox 565 4332 722 4405; x_wconf 79' lang='lat' dir='ltr'><strong>mandato</strong></span> <span class='ocrx_word' id='word_1_243' title='bbox 737 4333 871 4426; x_wconf 76' lang='lat' dir='ltr'><strong>scalpsit</strong></span> <span class='ocrx_word' id='word_1_244' title='bbox 890 4333 1042 4404; x_wconf 75' lang='grc'><strong>66666166</strong></span> <span class='ocrx_word' id='word_1_245' title='bbox 1063 4331 1224 4425; x_wconf 67' lang='lat' dir='ltr'><strong>aspersus</strong></span> <span class='ocrx_word' id='word_1_246' title='bbox 1240 4329 1281 4402; x_wconf 82' lang='lat' dir='ltr'><strong>da</strong></span> <span class='ocrx_word' id='word_1_247' title='bbox 1291 4328 1459 4402; x_wconf 73' lang='grc'><strong>8616666(</strong></span> 
     </span>
    </p>

    <p class='ocr_par' dir='ltr' id='par_1_11' title="bbox 182 4447 1657 4798">
     <span class='ocr_line' id='line_1_29' title="bbox 182 4447 1657 4546; baseline 0.002 -22"><span class='ocrx_word' id='word_1_248' title='bbox 182 4447 185 4452; x_wconf 80' lang='grc'>’</span> <span class='ocrx_word' id='word_1_249' title='bbox 286 4453 507 4543; x_wconf 83' lang='lat' dir='ltr'><strong>Fredericns,</strong></span> <span class='ocrx_word' id='word_1_250' title='bbox 538 4463 626 4546; x_wconf 77' lang='lat' dir='ltr'><strong>etc,</strong></span> <span class='ocrx_word' id='word_1_251' title='bbox 654 4455 807 4528; x_wconf 87' lang='lat' dir='ltr'><strong>Obberto</strong></span> <span class='ocrx_word' id='word_1_252' title='bbox 835 4452 1099 4528; x_wconf 87' lang='lat' dir='ltr'><strong>Fallamonaobo</strong></span> <span class='ocrx_word' id='word_1_253' title='bbox 1127 4461 1259 4526; x_wconf 88' lang='lat' dir='ltr'><strong>secreto</strong></span> <span class='ocrx_word' id='word_1_254' title='bbox 1287 4451 1460 4525; x_wconf 91' lang='lat' dir='ltr'><strong>Panormi.</strong></span> <span class='ocrx_word' id='word_1_255' title='bbox 1496 4451 1657 4528; x_wconf 83' lang='lat' dir='ltr'><strong>Vidimus</strong></span> 
     </span>
     <span class='ocr_line' id='line_1_30' title="bbox 238 4575 1656 4673; baseline 0.002 -24"><span class='ocrx_word' id='word_1_256' title='bbox 238 4577 389 4672; x_wconf 84' lang='lat' dir='ltr'><strong>capitula</strong></span> <span class='ocrx_word' id='word_1_257' title='bbox 407 4599 478 4673; x_wconf 89' lang='lat' dir='ltr'><strong>qne</strong></span> <span class='ocrx_word' id='word_1_258' title='bbox 491 4588 552 4652; x_wconf 88' lang='lat' dir='ltr'><strong>lua</strong></span> <span class='ocrx_word' id='word_1_259' title='bbox 570 4579 672 4652; x_wconf 89' lang='lat' dir='ltr'><strong>nobis</strong></span> <span class='ocrx_word' id='word_1_260' title='bbox 686 4577 834 4653; x_wconf 86' lang='lat' dir='ltr'><strong>fidelitas</strong></span> <span class='ocrx_word' id='word_1_261' title='bbox 848 4577 1047 4668; x_wconf 86' lang='lat' dir='ltr'><strong>destinavit,</strong></span> <span class='ocrx_word' id='word_1_262' title='bbox 1062 4587 1097 4650; x_wconf 91' lang='lat' dir='ltr'><strong>et</strong></span> <span class='ocrx_word' id='word_1_263' title='bbox 1111 4577 1295 4672; x_wconf 79' lang='lat' dir='ltr'><strong>diligenter</strong></span> <span class='ocrx_word' id='word_1_264' title='bbox 1312 4575 1549 4649; x_wconf 83' lang='lat' dir='ltr'><strong>intelleximus</strong></span> <span class='ocrx_word' id='word_1_265' title='bbox 1565 4599 1656 4652; x_wconf 90' lang='grc'><strong>666-</strong></span> 
     </span>
     <span class='ocr_line' id='line_1_31' title="bbox 238 4700 1657 4798; baseline 0.005 -27"><span class='ocrx_word' id='word_1_266' title='bbox 238 4700 416 4774; x_wconf 86' lang='lat' dir='ltr'><strong>tinentiam</strong></span> <span class='ocrx_word' id='word_1_267' title='bbox 432 4702 636 4776; x_wconf 86' lang='lat' dir='ltr'><strong>corumdem</strong></span> <span class='ocrx_word' id='word_1_268' title='bbox 655 4729 664 4774; x_wconf 74' lang='grc' dir='ltr'><strong><em>ε</em></strong></span> <span class='ocrx_word' id='word_1_269' title='bbox 688 4702 734 4775; x_wconf 91' lang='lat' dir='ltr'><strong>ad</strong></span> <span class='ocrx_word' id='word_1_270' title='bbox 752 4723 900 4797; x_wconf 93' lang='lat' dir='ltr'><strong>quornm</strong></span> <span class='ocrx_word' id='word_1_271' title='bbox 916 4700 1108 4794; x_wconf 79' lang='lat' dir='ltr'><strong>significata</strong></span> <span class='ocrx_word' id='word_1_272' title='bbox 1126 4701 1187 4776; x_wconf 92' lang='lat' dir='ltr'><strong>tibi</strong></span> <span class='ocrx_word' id='word_1_273' title='bbox 1206 4701 1428 4775; x_wconf 87' lang='lat' dir='ltr'><strong>rescribimus</strong></span> <span class='ocrx_word' id='word_1_274' title='bbox 1441 4721 1502 4797; x_wconf 92' lang='lat' dir='ltr'><strong>per</strong></span> <span class='ocrx_word' id='word_1_275' title='bbox 1514 4723 1657 4798; x_wconf 82' lang='lat' dir='ltr'><strong>presens</strong></span> 
     </span>
    </p>
   </div>
   <div class='ocr_carea' id='block_1_7' title="bbox 0 0 2137 5906">
    <p class='ocr_par' dir='ltr' id='par_1_12' title="bbox 0 0 2137 5906">
     <span class='ocr_line' id='line_1_32' title="bbox 0 0 2137 5906; baseline 0 0"><span class='ocrx_word' id='word_1_276' title='bbox 0 0 2137 5906; x_wconf 95' lang='lat' dir='ltr'><strong> </strong></span> 
     </span>
    </p>
   </div>
  </div>
 </body>
</html>
