4228 5892
229 557 325 616 lauram
345 554 404 638 12]
671 555 869 617 HISTORIA
894 556 1187 618 blatottlttlcrt.
1574 545 1635 606 355
1749 552 1753 560 '

277 691 402 764 Datum
418 690 520 782 juxta
537 689 686 760 Mentem
702 689 905 781 Paciannm,
929 711 1021 763 anno
1043 689 1179 762 Domini
1202 685 1382 758 millesimo
1400 679 1636 754 ducentesimo

229 813 351 908 quinto
368 811 503 886 decimo
520 811 589 905 (l),
612 810 799 885 indictione
820 812 1022 900 undecima,
1046 823 1169 907 quarto
1187 809 1266 883 idus
1284 806 1410 880 martii.

280 937 392 1008 Tenor
405 943 520 1007 autem
537 933 627 1023 tertii
645 935 722 1008 talis
739 943 809 1006 est:

280 1057 448 1130 Henricns
469 1067 591 1130 sextus
606 1057 738 1152 divina
759 1059 895 1130 lavante
916 1057 1094 1131 clementia
1115 1057 1345 1129 Romanorum
1369 1076 1433 1126 rex
1453 1062 1486 1125 et
1504 1072 1639 1146 semper

234 1191 416 1274 angustus.
439 1181 475 1254 Si
498 1180 649 1254 ecclesiis
666 1180 727 1252 Dei
746 1189 780 1252 et
801 1181 885 1253 locis
902 1179 1158 1252 venerabilibus
1175 1179 1269 1272 regie
1285 1177 1507 1272 benignitatis
1524 1185 1640 1250 nostre

233 1305 384 1376 favorem
400 1303 586 1378 clementer
600 1303 891 1398 impenderimus,
916 1304 953 1376 id
969 1304 1068 1376 nobis
1088 1302 1323 1376 indubitanter
1340 1301 1376 1370 in
1398 1309 1514 1372 eterna
1534 1299 1641 1372 beati·

233 1425 357 1502 tudine
371 1427 589 1521 profuturum
602 1447 794 1521 speramus.
810 1427 860 1497 Ea
873 1436 1013 1522 propter
1025 1434 1145 1498 notum
1160 1425 1306 1496 iacimus
1321 1423 1492 1496 universis
1506 1424 1641 1518 imperii

235 1547 397 1625 fidelibus
414 1559 484 1624 tam
502 1549 717 1644 presentibus
733 1568 840 1644 quam
860 1550 984 1622 suturis
1001 1549 1096 1643 quod
1115 1569 1178 1620 nos
1190 1569 1253 1642 pro
1269 1547 1380 1620 salute
1396 1547 1510 1619 anime
1527 1555 1642 1620 nostre

234 1682 272 1745 et
301 1681 482 1769 parentum
508 1680 721 1761 nostrorum,
755 1673 924 1768 hospitale
953 1672 1063 1746 sancti
1093 1671 1267 1762 Peregrini
1293 1671 1398 1743 sitnm
1418 1672 1453 1742 in
1475 1672 1643 1744 Luccensi

236 1797 437 1892 episcopatu
451 1817 536 1870 cum
548 1795 702 1889 personis
718 1795 754 1870 in
771 1796 846 1890 ipso
862 1795 982 1870 divino
998 1796 1166 1889 obsequio
1185 1795 1386 1890 mancipatis
1403 1795 1459 1866 vel
1474 1793 1509 1864 in
1529 1810 1643 1888 poste·

236 1941 315 1991 rum
333 1918 574 2014 mancipandis
590 1941 669 1992 cnm
686 1919 849 1991 omnibus
867 1920 967 1992 bonis
989 1929 1023 1991 et
1042 1919 1315 2014 possessionibus
1332 1939 1419 2012 quas
1437 1917 1472 1989 in
1493 1917 1644 2012 presenti

238 2042 365 2116 babent
381 2051 442 2115 aut
456 2043 492 2114 in
508 2043 624 2116 laturo
636 2044 726 2135 juste
742 2051 902 2136 poterunt
917 2042 1076 2137 adipisci,
1091 2043 1127 2114 in
1143 2050 1293 2115 nostram
1306 2042 1549 2137 protectionem
1559 2042 1645 2114 reci-

238 2167 365 2260 pimus.
383 2166 503 2258 Regali
516 2187 658 2259 quoqne
671 2164 907 2238 munificentia
923 2166 1006 2260 ipsis
1024 2165 1246 2260 indulgemus
1259 2173 1298 2236 ut
1314 2165 1350 2236 in
1365 2163 1512 2260 Alpibus
1526 2164 1646 2260 Apen-

238 2290 312 2362 nini
330 2290 473 2364 liberam
494 2289 644 2364 babeant
662 2299 862 2384 potestatem
881 2292 1008 2363 lenum
1030 2289 1197 2382 faciendi,
1221 2311 1343 2384 greges
1359 2290 1543 2385 pascendi,
1569 2311 1647 2362 ron·

238 2412 366 2486 chandi
387 2423 421 2486 et
445 2414 582 2488 novalia
606 2413 765 2486 faciendi.
788 2414 976 2488 Statnimns
1001 2415 1119 2509 itaque
1143 2423 1177 2487 et
1200 2414 1294 2508 regia
1319 2415 1520 2486 auctoritate
1536 2414 1648 2506 ›preci-

239 2537 354 2632 pimus
380 2547 419 2609 ut
442 2537 537 2610 nulla
560 2538 695 2627 civitas,
715 2539 848 2610 nullum
867 2560 1049 2612 commune
1074 2561 1139 2612 nec
1160 2539 1230 2612 nlla
1256 2559 1401 2633 persona
1425 2537 1566 2609 humilis
1589 2537 1647 2612 vel

240 2661 324 2752 alta,
342 2661 505 2735 secularis
528 2662 584 2734 vel
612 2663 858 2752 ecclesiastica,
879 2662 1070 2757 predictum
1088 2661 1253 2756 hospitale
1269 2661 1325 2732 vel
1344 2682 1506 2756 personas
1522 2661 1557 2731 in
1573 2661 1647 2756 ipso

239 2785 311 2855 Deo
325 2783 510 2859 militantes
523 2794 641 2858 contra
656 2785 745 2858 banc
759 2786 944 2879 majestatis
957 2795 1071 2858 nostre
1087 2785 1330 2880 protectionem
1347 2793 1382 2856 et
1393 2787 1646 2858 concessionem

240 2909 422 2982 molestare
456 2907 583 2981 audeat
618 2930 682 2980 seu
713 2909 946 3004 quibusquam
970 2909 1171 3002 injuriarum
1196 2908 1401 3005 calumpniis
1433 2917 1645 3004 attemptare.

151 3125 153 3127 Ι
241 3030 342 3116 Quod
361 3031 423 3124 qni
447 3031 560 3104 lacere
578 3035 822 3128 presumpserit
845 3033 881 3104 in
899 3033 1064 3106 ultionem
1087 3033 1286 3106 temeritatis
1309 3055 1372 3106 sue
1398 3033 1518 3106 decem
1544 3033 1649 3105 libras

242 3155 317 3228 auri
332 3155 410 3248 puri
425 3176 488 3250 pro
505 3177 594 3250 pena
610 3169 808 3253 componat,
824 3157 1009 3230 dimidium
1019 3177 1153 3230 camere
1164 3165 1291 3246 nostre,
1305 3156 1475 3251 reliquum
1488 3157 1650 3249 injuriam

242 3279 366 3374 passis.
386 3277 443 3352 Ad
457 3279 556 3371 cujus
570 3280 620 3353 rei
641 3289 841 3376 perpetuam
857 3280 1050 3354 firmitatem
1072 3291 1264 3376 presentem
1287 3290 1413 3354 cartam
1432 3281 1599 3353 conscribi
1616 3289 1650 3353 et

243 3401 356 3494 sigillo
370 3411 485 3475 nostro
497 3403 664 3495 jussimus
682 3405 899 3478 communiri.

292 3527 418 3598 Datum
445 3526 481 3598 in
495 3501 615 3621 ⁵burgo
636 3529 781 3602 Mozami
803 3526 868 3625 (l),
896 3550 987 3601 anno
1006 3529 1183 3601 Dominice
1206 3527 1447 3601 incarnationis
1467 3528 1649 3600 millesimo

246 3649 433 3721 centesimo
468 3651 701 3744 octuagesimo
735 3651 904 3746 septimo,
942 3651 1139 3725 indictionis
1174 3651 1317 3746 quinte,
1353 3661 1453 3723 sento
1488 3649 1651 3724 kalendas

246 3792 339 3842 man.

293 3895 363 3969 Nos
385 3894 489 3987 igitur
511 3895 572 3990 qni
593 3895 655 3968 Dei
673 3898 836 3970 ecclesias
856 3899 983 3972 intuitu
1008 3899 1127 3972 divino
1148 3921 1189 3971 ac
1211 3899 1424 3973 humanitate
1448 3900 1548 3973 nobis
1568 3899 1650 3971 sub·

248 4025 386 4109 gerente
412 4019 586 4110 toranus,
613 4021 919 4116 supplicationibus
942 4022 1062 4118 prelati
1089 4023 1241 4116 magistri
1268 4023 1453 4117 benignius
1478 4023 1650 4116 inclinati,

248 4142 479 4236 suprascripta
493 4142 672 4237 privilegia
685 4144 897 4239 imperatoris
911 4146 1047 4218 Henrici
1061 4149 1167 4240 patris
1178 4146 1285 4219 nostri
1298 4147 1479 4220 recolende
1490 4148 1654 4220 memorie

286 4459 322 4532 (t)
340 4458 429 4529 Quum
441 4458 492 4516 ista
506 4459 567 4516 anni
583 4461 684 4518 notatio
698 4461 758 4518 luce
775 4461 873 4518 clarius
891 4462 1017 4519 mendosa
1033 4462 1081 4533 sit,
1094 4477 1148 4520 non
1166 4463 1269 4536 absque
1288 4462 1420 4536 probabili
1436 4463 1587 4536 conjectura
1597 4479 1655 4520 cre·

252 4553 341 4612 dimm
354 4555 428 4612 bunc
441 4571 541 4613 annum
552 4557 754 4631 proponendum
765 4573 824 4616 esse
834 4559 880 4631 qni
889 4557 1023 4616 indictioni
1036 4559 1193 4616 undecimae
1205 4566 1268 4616 ante
1280 4575 1421 4617 romanam
1433 4560 1540 4618 ilenrici
1548 4577 1657 4619 corona-

252 4652 351 4712 tionem
360 4653 510 4726 convsniat,
519 4653 660 4725 videlicett
667 4657 732 4727 tm;
744 4671 797 4729 quo
806 4663 927 4731 tempora
938 4657 1088 4716 Fridericns
1097 4657 1201 4732 primus
1211 4658 1240 4714 in
1246 4657 1342 4716 Tuscia
1351 4665 1378 4716 et
1386 4658 1543 4716 lombardia
1550 4658 1655 4732 agebat.
