4246 5906
204 617 302 676 luntcr.
321 611 381 693 lu]
654 603 850 666 HISTORIA
875 603 1164 666 utrnottsulca
1555 611 1615 671 503

252 749 303 820 Dc
320 745 490 840 impericli
506 744 662 814 mundule
681 747 771 833 scoto
784 763 849 835 per
868 741 1062 833 mcputrum
1079 743 1119 813 ll.
1142 741 1182 812 dc
1200 743 1348 833 Trojecto
1365 744 1498 837 scripsit
1512 745 1551 818 G.
1576 747 1615 816 de

205 872 392 944 ementic:

252 993 474 1083 Fredsricus,
492 999 576 1080 otu,
594 989 762 1082 Roggerio
777 987 824 1061 de
839 988 969 1060 Amicis
982 988 1168 1081 justitiario
1190 989 1227 1060 in
1244 988 1359 1062 Sicilia
1375 990 1463 1063 ultra
1485 992 1615 1066 flumen

204 1121 351 1192 Salsum.
382 1115 599 1210 Benignitate
626 1116 727 1188 solita
750 1115 961 1210 recepimus,
986 1122 1053 1186 etc.
1079 1113 1181 1198 Quod
1210 1123 1327 1186 autem
1353 1115 1553 1209 significasti
1582 1128 1615 1192 te

202 1235 535 1337 superimponenda
552 1247 587 1311 et
603 1237 777 1331 exigenda
797 1238 937 1310 collecta
956 1257 1017 1331 per
1036 1245 1151 1331 partes
1170 1237 1417 1328 iurisdictionis
1435 1251 1506 1330 tue,
1526 1242 1616 1313 sicut

203 1365 338 1440 dudum
354 1363 418 1435 tibi
440 1361 685 1436 mandavimus
700 1382 762 1456 per
779 1360 964 1434 Ricardum
983 1359 1092 1430 lilium
1112 1359 1264 1453 Mulgerii
1283 1360 1421 1434 fidelem
1444 1373 1612 1454 nostrum,

202 1488 348 1562 modurn
367 1496 403 1559 et
420 1489 565 1560 formam
580 1485 720 1556 missam
742 1483 805 1555 tihi
823 1505 844 1556 a
862 1492 979 1556 nostra
995 1483 1090 1555 curia
1105 1483 1287 1576 diligenter
1302 1506 1472 1578 servasse,
1489 1489 1615 1560 laxatis

202 1611 348 1705 singulis
367 1631 430 1705 pro
447 1610 612 1703 qualitate
628 1629 761 1696 eurum,
781 1607 899 1678 habita
915 1607 1138 1679 extimatione
1156 1629 1305 1702 congrua
1325 1605 1371 1682 ad
1388 1610 1543 1694 omnium
1559 1613 1615 1684 la-

201 1735 363 1822 cullates‚
381 1733 430 1804 ita
450 1731 546 1826 quod
564 1751 735 1826 pauperes
753 1751 823 1802 non
844 1738 1025 1802 senserunt
1044 1731 1246 1822 gravamina
1265 1741 1299 1802 et
1312 1731 1436 1804 divites
1453 1755 1615 1806 mensura

201 1855 318 1928 debita
337 1856 594 1952 persolverunt,
622 1853 706 1926 nulli
722 1873 842 1925 eorum
866 1852 975 1945 gratia
997 1853 1033 1922 in
1052 1853 1176 1926 talibus
1196 1855 1396 1945 observata,
1417 1877 1615 1951 processum

202 1991 301 2052 tunm
314 1989 349 2052 et
363 1977 573 2075 procedendi
588 1979 757 2051 cautelam
769 1997 874 2072 super
886 1976 1087 2068 hujusmodi
1101 1977 1397 2050 commendamus.
1412 1980 1462 2051 De
1476 1980 1616 2056 residuo

200 2113 317 2178 autem
336 2104 476 2176 collecte
493 2103 603 2197 ipsius
620 2111 690 2174 tam
713 2099 808 2194 quod
829 2099 958 2172 babere
979 2108 1012 2171 te
1036 2098 1124 2172 dicis
1139 2122 1243 2194 quum
1267 2101 1362 2194 quod
1385 2103 1615 2194 colligendum

201 2238 269 2320 est,
291 2227 336 2301 de
360 2226 507 2322 pecuma
530 2226 634 2298 etiam
659 2224 762 2297 officii
781 2223 1019 2315 justitiariatus
1042 2225 1093 2294 tui
1117 2225 1279 2296 volumus
1300 2234 1334 2297 ct
1352 2226 1559 2300 mandamus
1577 2239 1615 2299 ut

201 2351 445 2444 undecumque
462 2359 497 2423 et
508 2348 801 2444 quandocumque
817 2347 946 2420 babere
962 2348 1102 2442 poteris,
1117 2347 1162 2420 ad
1181 2345 1330 2420 crarium
1348 2359 1502 2421 nostrum
1519 2352 1614 2445 quod

199 2475 236 2545 in
255 2475 432 2546 Salvatore
454 2471 501 2546 ad
524 2471 619 2545 Mare
643 2471 738 2567 apud
762 2471 937 2565 Neapolim
954 2468 1009 2567 (l)
1027 2470 1259 2544 ordinandum
1279 2472 1461 2563 duximus,
1487 2474 1613 2551 debeas

199 2598 389 2687 destinare,
417 2596 549 2668 Marino
576 2595 622 2667 de
653 2595 770 2685 Valla,
799 2594 934 2688 Angelo
962 2592 1007 2666 de
1029 2595 1143 2666 blarru
1169 2603 1204 2667 et
1230 2595 1417 2668 Eufrancni
1444 2597 1488 2671 de
1515 2601 1614 2673 Porta

198 2721 355 2813 ejusdem
378 2720 481 2792 erarii
504 2718 707 2790 custodibus
729 2716 988 2812 assignandam.
1018 2720 1128 2812 Super
1149 2739 1221 2811 quo
1243 2717 1370 2792 habere
1393 2730 1427 2792 te
1450 2723 1614 2796 volumus

198 2869 339 2920 omnem
358 2867 498 2934 curam,
518 2865 598 2916 curn
619 2865 682 2938 pro
699 2843 819 2916 arduis
837 2852 871 2916 et
892 2843 1064 2938 expressis
1089 2843 1237 2915 servitiis
1262 2845 1388 2917 nostris
1405 2848 1553 2940 pecunia
1568 2850 1613 2922 sit

197 2981 315 3044 nostre
340 2970 435 3043 curie
462 2968 650 3063 plurimum
679 2976 862 3062 oportuna.
894 2966 1183 3040 Commendamus
1216 2977 1370 3062 preterea
1396 2969 1612 3063 diligentium

197 3105 293 3168 tuum
314 3116 419 3188 quam
444 3113 549 3187 super
574 3089 781 3186 imponenda
804 3101 838 3162 et
864 3090 1055 3184 colligenda
1078 3090 1306 3163 subventione
1330 3092 1375 3164 ab
1400 3093 1552 3167 ecclesiis
1577 3103 1612 3166 ct

199 3217 276 3289 aliis
297 3215 430 3289 clericis
452 3214 700 3306 jurisdictionis
719 3223 778 3285 tue
801 3222 835 3286 le
855 3213 1017 3287 hahuisse
1041 3213 1224 3308 scripsisti,
1245 3215 1500 3309 inquisitionem
1521 3241 1612 3292 con-

197 3361 321 3434 gruam
339 3340 468 3412 iaciens
490 3337 535 3410 de
560 3337 780 3410 facultatibus
809 3338 1038 3429 singulorum.
1060 3337 1160 3421 Quod
1183 3347 1298 3410 autem
1319 3338 1364 3411 ad
1386 3343 1610 3434 quantitatem

198 3464 392 3557 injunctam
412 3461 652 3535 subventionis
680 3459 789 3554 ipsius
811 3469 844 3532 te
862 3460 988 3532 asseris
1009 3461 1193 3555 pervenire
1218 3481 1287 3533 non
1309 3484 1427 3557 posse,
1453 3484 1495 3536 co
1516 3465 1612 3558 quod

196 3589 314 3682 plures
344 3585 389 3659 de
421 3585 574 3659 ecclesiis
595 3583 848 3678 jurisdictionis
873 3592 932 3655 tue
956 3582 1100 3674 vacant',
1129 3583 1335 3657 mandamus
1357 3599 1396 3658 ut
1420 3585 1611 3660 secundum

196 3709 295 3803 quod
313 3707 437 3780 melius
455 3717 489 3781 et
508 3708 656 3803 amplius
673 3707 802 3780 habere
819 3707 948 3802 poteris
964 3705 1008 3779 de
1022 3703 1165 3798 eadem,
1191 3727 1292 3780 omne
1310 3708 1346 3779 in
1369 3709 1435 3782 hoc
1457 3710 1611 3783 studium

196 3831 417 3925 adhibendo,
442 3833 623 3926 recolligas
644 3831 719 3904 sine
737 3852 833 3904 mora
851 3840 886 3903 et
908 3831 955 3905 ad
974 3831 1166 3926 predictum
1184 3833 1334 3904 erarium
1354 3843 1508 3906 nostrum
1526 3835 1612 3907 mic-

197 3962 265 4025 tes.
282 3955 332 4025 Dc
347 3955 500 4026 ecclesiis
514 3963 631 4028 autem
649 3952 855 4027 vacantibus
871 3975 934 4048 per
947 3953 1032 4026 alias
1046 3954 1180 4028 licteras
1195 3964 1331 4028 nostras
1348 3956 1410 4028 tibi
1428 3955 1612 4030 mandasse

196 4076 383 4150 recolimus
396 4088 437 4148 ut
451 4077 591 4150 statutis
607 4077 644 4148 in
659 4099 872 4171 unaquaque
888 4077 1007 4172 probis
1022 4086 1056 4150 et
1070 4077 1231 4152 fidelibus
1243 4079 1327 4152 viris
1342 4080 1455 4172 laicis,
1474 4103 1533 4152 cas
1548 4103 1611 4175 per

195 4198 363 4271 Obertum
374 4199 675 4272 Fallamonechum
691 4209 859 4273 secretum
872 4200 1046 4290 Panormi,
1067 4197 1205 4274 fidelem
1222 4212 1394 4294 nostrum,
1412 4205 1515 4276 iacias
1531 4225 1610 4276 cum

197 4321 382 4416 diligentia
399 4324 575 4417 procurari
594 4333 630 4397 et
646 4324 696 4396 sic
714 4305 812 4419 quod
827 4321 874 4396 ad
890 4323 1060 4396 bonorum
1079 4326 1327 4420 promotionem
1344 4347 1461 4398 eorum
1476 4329 1610 4400 vacatio

236 4625 271 4698 lt)
291 4627 363 4684 llaec
377 4627 454 4685 adest
465 4627 493 4683 in
506 4627 639 4701 impresso
654 4627 809 4700 marginalis
822 4632 884 4685 nota
900 4645 906 4683 :
923 4647 936 4682 r
952 4627 1075 4684 linarium
1092 4629 1120 4685 in
1141 4635 1228 4688 castro
1241 4629 1387 4688 Salvatcris
1402 4629 1437 4687 ad
1450 4631 1524 4688 blare
1538 4633 1609 4704 quod

195 4722 280 4779 hodie
291 4729 404 4782 vocatur
417 4725 540 4783 castrum
552 4723 613 4782 Ovi.
629 4745 642 4777 s
