4246 5906
499 623 560 686 538
995 625 1207 688 rutosttlct
1231 627 1407 688 secono}
1715 629 1795 707 [An.
1815 631 1898 692 trae.

497 761 638 835 lavante
654 759 834 831 clementia
850 759 1079 833 Romanorum
1097 761 1279 854 imperator
1297 783 1434 856 semper
1454 771 1639 854 augustus,
1661 761 1846 838 Ierusalem
1867 777 1900 838 et

497 880 611 954 Sicilie
638 901 714 954 rex.
738 879 940 974 Augustalis
963 882 1150 954 clemencie
1176 883 1299 955 solium
1326 893 1409 956 tunc
1428 883 1618 964 extollitur,
1645 893 1729 956 tunc
1752 886 1789 956 in
1817 887 1899 960 orbe

497 1015 663 1078 terrerum
682 1003 825 1098 fulgoris
844 1003 1026 1076 decoratur
1045 1005 1241 1098 insignibus
1260 1015 1296 1079 et
1312 1006 1455 1079 laudum
1475 1007 1584 1079 titulis
1601 1007 1797 1100 insignitur,
1820 1029 1897 1080 cum

496 1128 762 1224 supplicationes
789 1125 945 1200 fidelium
971 1128 1121 1223 benigno
1146 1132 1264 1202 lavore
1292 1131 1512 1226 prosequitur
1536 1140 1571 1204 et
1597 1143 1679 1203 vota
1705 1133 1896 1226 supplicum

495 1253 645 1346 gratioso
673 1251 803 1324 lumine
828 1252 1093 1346 contemplatur,
1120 1273 1161 1324 ac
1184 1252 1304 1326 eadem
1322 1263 1496 1348 gratamm
1515 1253 1551 1324 in
1573 1255 1665 1327 ulnis
1681 1254 1898 1349 benignitatis

492 1375 637 1471 suscipit
651 1384 688 1448 et
701 1375 747 1448 ad
769 1375 1194 1448 benemeritosdexteram
1219 1377 1432 1449 liberalitatis
1448 1375 1622 1468 extendit,
1646 1387 1686 1450 ut
1701 1378 1737 1448 in
1760 1380 1898 1470 subjac-

494 1510 605 1572 torum
629 1499 753 1572 animis
777 1498 965 1572 succendat
982 1501 1152 1572 fervorem
1176 1498 1259 1572 fidei
1279 1509 1315 1573 et
1333 1500 1480 1573 barbare
1503 1501 1660 1574 nationes
1682 1500 1898 1576 devotionem

493 1621 538 1696 ad
557 1622 670 1718 ipsum
686 1621 833 1696 induant
854 1643 917 1718 per
936 1625 1150 1719 exemplum.
1170 1623 1312 1697 Noverit
1330 1624 1435 1718 igitur
1453 1645 1593 1718 presens
1609 1634 1683 1698 etas
1700 1635 1735 1698 et
1758 1647 1897 1700 succes-

492 1769 574 1818 sma
590 1745 769 1842 posteritas
786 1746 883 1840 quod
906 1747 1064 1820 comunis
1082 1747 1285 1839 Cumarum,
1310 1745 1433 1820 lideles
1452 1749 1577 1836 nostri,
1598 1748 1660 1842 qni
1677 1749 1771 1822 avite
1790 1749 1897 1823 devo-

492 1871 601 1944 cionis
634 1891 803 1944 memores
833 1880 867 1942 et
896 1880 1038 1965 paterne
1065 1870 1146 1943 lidei
1175 1871 1277 1944 nobis
1302 1882 1338 1944 et
1366 1871 1510 1966 imperio
1537 1871 1652 1944 debite
1673 1893 1744 1944 non
1764 1874 1892 1967 ignari,

491 1993 798 2068 Mediolanensinm
829 1993 1043 2089 proditorum
1074 2003 1271 2067 nostrorum
1301 1993 1453 2067 dimissis
1482 1995 1674 2085 erroribus,
1705 1995 1895 2068 dominium

492 2128 648 2189 nostrum
673 2126 708 2190 et
731 2116 866 2212 imperii
889 2117 1008 2211 pronis
1036 2125 1071 2188 et
1102 2117 1269 2212 promptis
1294 2117 1473 2189 affectibus
1502 2127 1755 2212 cognoverunt,
1785 2129 1897 2192 nostre

490 2241 694 2314 excellentie
709 2241 885 2312 humiliter
900 2241 1140 2335 supplicarunt
1155 2249 1195 2312 nt
1210 2242 1257 2313 ob
1280 2239 1363 2313 lidei
1384 2263 1448 2314 sue
1469 2250 1680 2336 respectum,
1704 2242 1741 2312 in
1764 2263 1894 2315 recom-

490 2365 727 2462 pensationem
746 2364 849 2436 etiam
864 2363 1092 2458 dampnorum
1106 2385 1176 2458 qne
1192 2364 1238 2436 ab
1254 2363 1387 2438 eisdem
1405 2363 1718 2438 Mediolanensibus
1732 2365 1895 2438 hactenus

490 2489 723 2584 pertulerunt,
748 2488 865 2561 omnia
887 2485 1067 2583 privilegia
1093 2499 1128 2561 et
1155 2487 1394 2561 concessiones
1415 2489 1498 2583 ipsis
1521 2488 1696 2562 duduma
1719 2489 1812 2563 divis
1834 2511 1894 2561 an·

489 2612 600 2706 gustis
623 2611 900 2706 progenitoribus
921 2613 1045 2684 nostris
1069 2611 1251 2684 recolende
1267 2613 1431 2684 memorie
1450 2621 1484 2684 et
1502 2612 1601 2685 nobis
1626 2612 1771 2702 indulta,
1785 2613 1895 2707 juris-

489 2735 676 2828 dictiones,
693 2746 824 2826 castra,
849 2737 969 2827 villas,
988 2737 1146 2832 plebatus
1166 2747 1202 2808 et
1221 2737 1350 2830 burgos
1370 2757 1440 2832 que
1460 2757 1607 2809 comune
1625 2737 1739 2832 ipsum
1764 2737 1801 2808 in
1820 2758 1894 2832 pre·

489 2857 676 2932 sentiarum
695 2859 788 2950 juste
812 2859 966 2955 possidet
987 2869 1022 2932 et
1039 2881 1108 2954 que
1131 2857 1245 2932 eidem
1265 2859 1536 2934 Mediolanenses
1553 2859 1744 2956 proditores
1763 2861 1894 2956 imperii

489 2982 720 3078 usquemodo
741 3005 801 3078 per
821 2983 1020 3056 violentiam
1040 2983 1272 3072 abstulerunt,
1289 2981 1490 3056 confirmare
1506 2983 1573 3055 sibi
1590 2982 1635 3056 de
1654 2993 1768 3057 nostra
1787 2985 1893 3077 gratia

490 3105 725 3201 dignaremur.
747 3107 815 3178 Nos
834 3115 951 3178 autem
973 3106 1082 3200 ipsius
1104 3106 1262 3178 comunis
1282 3103 1435 3178 fidelium
1458 3113 1650 3176 nostrorum
1674 3103 1893 3198 supplicatio

489 3231 594 3302 nibus
620 3229 805 3320 benignius
826 3229 979 3302 inclinati
1007 3239 1043 3302 et
1067 3229 1101 3300 in
1131 3239 1245 3302 nostre
1274 3227 1558 3302 considerationis
1579 3227 1720 3322 speculo
1745 3235 1892 3298 oontem-

494 3356 625 3450 plantes
654 3351 734 3426 fidei
767 3353 950 3448 puritatem
980 3362 1015 3426 et
1046 3353 1248 3426 devocionis
1275 3351 1575 3446 promptitudinem
1602 3370 1689 3442 quas
1719 3349 1893 3444 oportunis

488 3475 700 3572 temporibus
711 3476 837 3549 nostris
851 3477 1048 3570 aspectibus
1061 3483 1313 3571 presentarunt,
1329 3473 1373 3546 ad
1389 3473 1579 3568 primevam
1595 3471 1699 3545 iidem
1709 3469 1893 3544 redeuntes

489 3601 624 3696 imperii
642 3623 664 3673 a
681 3623 752 3696 qna
774 3602 913 3672 fuerant
935 3600 1104 3696 compulsi
1124 3621 1187 3696 per
1204 3597 1421 3694 proditorum
1439 3607 1634 3669 nostrorum
1650 3595 1813 3668 malitiam
1828 3595 1892 3667 de-

488 3729 598 3818 viare,
618 3725 876 3798 considerantes
894 3726 997 3797 etiam
1017 3724 1162 3817 grandia
1176 3725 1259 3796 satis
1274 3733 1308 3797 et
1325 3733 1422 3817 grata
1440 3720 1581 3796 servitia
1598 3741 1667 3814 que
1686 3719 1808 3791 civitas
1830 3717 1892 3789 Cu·

488 3871 591 3924 mana
604 3850 703 3923 nobis
719 3857 753 3922 et
772 3848 918 3945 imperio
937 3849 1062 3942 poterit
1081 3849 1268 3935 exhibere,
1290 3857 1330 3920 ut
1348 3847 1393 3920 de
1412 3845 1586 3939 obsequiis
1605 3843 1754 3938 prestitis
1776 3865 1798 3915 a
1819 3863 1890 3914 ma·

485 3976 608 4069 jestate
630 3983 747 4046 nostra
768 3973 910 4068 dignam
936 3973 1082 4064 gratiam
1111 3981 1341 4065 consequatur
1357 3980 1391 4044 et
1414 3970 1460 4044 ad
1478 3967 1661 4065 prestanda
1683 3967 1890 4038 infuturum

487 4099 609 4171 lortius
622 4097 805 4188 animetur,
824 4096 939 4168 omnia
952 4095 1133 4191 privilegia
1149 4105 1184 4167 et
1197 4095 1432 4168 concessiones
1449 4091 1561 4166 eidem
1577 4089 1713 4164 comuni
1733 4087 1890 4175 fidelibus

488 4223 613 4296 nostris
647 4243 669 4294 a
704 4221 795 4294 divis
827 4222 983 4314 augustis
1013 4219 1288 4315 progenitoribus
1314 4219 1439 4290 nostris
1469 4214 1647 4290 recolende
1672 4213 1835 4286 memorie
1857 4221 1889 4284 ot

487 4347 587 4421 nobis
605 4345 756 4436 indulta,
779 4343 1054 4436 jurisdictiones,
1073 4353 1196 4434 castra,
1225 4343 1336 4426 villas,
1361 4341 1519 4436 plebatus
1539 4349 1573 4410 et
1595 4337 1723 4429 burgos
1739 4355 1809 4428 que
1830 4354 1888 4404 co-

487 4493 593 4544 mune
609 4471 722 4567 ipsum
741 4467 845 4542 modo
857 4471 949 4562 juste
971 4467 1124 4564 possidet
1142 4476 1177 4538 et
1196 4487 1266 4561 que
1281 4463 1396 4538 eidem
1414 4462 1682 4536 Mediolanenses
1701 4456 1887 4554 proditores

488 4596 594 4668 nostri
618 4594 785 4667 hactenns
810 4591 1042 4683 abstulerunt,
1066 4589 1110 4662 de
1140 4589 1291 4662 affluenti
1316 4599 1429 4660 nostra
1453 4585 1561 4679 gratia
1583 4583 1748 4656 duximus
1768 4577 1887 4652 confir·

488 4715 632 4802 manda;
646 4725 836 4791 statuentes
849 4726 883 4790 et
895 4714 1099 4788 immutabili
1110 4714 1305 4785 sancientes
1315 4712 1427 4785 edicto
1439 4717 1476 4781 ut
1488 4708 1580 4779 nulla
1594 4705 1732 4779 omnino
1745 4721 1885 4797 persona
