4242 5904
14 3315 15 3324 r

14 4097 16 4114 Ι

14 4279 16 4294 t

15 4303 16 4324 l

15 4325 16 4336 l

15 4369 16 4380 l

230 611 326 669 lsorcr.
347 605 406 690 12]
673 607 869 668 lllsvolttlt
897 606 1188 668 oratotla'rlca
1576 603 1634 666 251

231 741 417 837 procedere
426 741 472 815 ad
486 742 739 814 revocationem
752 765 871 816 eornm
887 765 957 837 que
973 743 1138 814 inveniret
1150 739 1345 812 notabiliter
1359 739 1464 829 laota3
1480 737 1530 809 sic
1542 735 1638 830 quod

231 869 266 938 iu
277 867 436 959 ingressu
448 867 547 958 regni
561 865 650 938 circa
666 866 753 942 fines
763 867 842 940 illos
859 867 994 941 invenit
1004 866 1154 962 quedam
1166 887 1238 959 qua
1248 865 1452 936 terrebantur
1463 885 1522 958 per
1534 879 1639 956 (parcasL

232 991 311 1063 mm
329 991 374 1064 de
391 989 517 1062 familia
535 989 701 1085 imperiali
718 993 847 1084 quibus
864 1013 933 1064 non
955 992 1126 1087 pepercit,
1153 989 1216 1063 sed
1240 1011 1299 1061 eos
1322 988 1434 1059 statim
1463 987 1636 1077 destituit,

232 1113 415 1185 restituens
437 1112 635 1204 destitutos,
652 1135 731 1188 oum
747 1123 860 1188 mmen
878 1115 1039 1187 babuerit
1055 1115 1090 1184 in
1109 1112 1284 1184 mandatis
1298 1109 1392 1206 quod
1412 1111 1457 1182 ab
1473 1111 1640 1205 imperiali

233 1233 316 1308 fisco
331 1237 435 1308 etiam
453 1245 647 1328 revocaret,
665 1237 695 1309 si
713 1259 784 1332 qua
802 1237 973 1311 inveniret
989 1239 1108 1310 illicite
1123 1237 1350 1331 deprebensa.
1370 1235 1427 1307 Sic
1441 1233 1536 1329 qnod
1549 1236 1641 1307 lama

233 1381 352 1434 eornm
379 1382 448 1455 que
474 1370 625 1454 gesserat
653 1361 875 1455 perveniente
905 1362 950 1434 ad
976 1361 1105 1433 curiam
1131 1361 1340 1446 Romanam,
1367 1358 1528 1432 dominus
1550 1379 1640 1452 papa

233 1483 359 1557 dicitur
377 1485 586 1579 approbasse
604 1485 768 1557 mittentis
781 1461 1035 1579 providentiam
1053 1493 1088 1556 et
1099 1483 1320 1577 diligentiam
1335 1483 1443 1555 missi.
1457 1482 1550 1572 Qui,
1562 1503 1641 1553 oum

232 1628 378 1699 regnum
395 1607 432 1678 in
449 1607 604 1680 diversas
627 1607 824 1703 provincias
848 1608 893 1680 sit
912 1609 1081 1694 divisum,
1103 1606 1259 1678 nondum
1279 1607 1390 1701 potuit
1407 1627 1526 1678 omnes
1543 1625 1642 1699 pera·

234 1749 352 1820 grasse
370 1737 408 1798 ut
425 1749 495 1821 qne
516 1728 720 1822 corrigenda
744 1730 915 1803 invenerit
932 1731 1157 1821 corrigantur.
1182 1731 1264 1799 item
1288 1727 1495 1799 deecclesia
1520 1727 1643 1799 Montis

234 1851 369 1945 Regalis
384 1873 587 1946 responsum
606 1852 701 1945 quod
718 1854 851 1924 nullum
868 1875 1054 1946 gravamen
1077 1853 1197 1924 babuit
1219 1873 1278 1946 per
1294 1851 1472 1923 dominum
1497 1851 1643 1946 impera·

234 1985 362 2065 torem,
377 1975 443 2046 nisi
456 1976 540 2048 velit
557 1977 667 2048 notari
689 1977 734 2049 de
757 1977 937 2050 Saracenis
957 1978 1017 2071 qni
1041 1985 1300 2071 occupaverunt
1319 1977 1408 2046 bona
1424 1975 1567 2047 ecclesie
1583 1995 1644 2070 per

233 2097 378 2189 bellum;
395 2099 457 2193 qui
470 2121 535 2172 nec
549 2099 729 2172 dominum
746 2101 982 2195 imperatorem
997 2122 1062 2172 neo
1080 2099 1268 2172 Ecclesiam
1280 2097 1567 2193 recognoscebant
1580 2118 1644 2169 nec

233 2220 269 2292 iu
291 2221 408 2315 aliquo
432 2243 495 2317 pro
512 2243 614 2317 posse
627 2243 691 2293 sno
707 2233 948 2316 pepercerant,
970 2222 1039 2293 imo
1060 2221 1300 2294 destruxerant
1318 2231 1351 2292 et
1369 2219 1550 2316 depredati
1570 2221 1645 2290 lue-

234 2354 310 2416 rant
322 2366 399 2417 eam
420 2367 532 2439 usqua
547 2345 593 2417 ad
608 2366 724 2418 muros
743 2345 887 2418 ecclesie
904 2356 940 2417 et
957 2345 1059 2416 alicui
1083 2345 1127 2416 de
1146 2345 1263 2418 Sicilia
1285 2365 1354 2415 non
1372 2343 1578 2438 parcebant,
1598 2344 1646 2415 ita

234 2479 272 2539 ut
297 2469 505 2565 inpartibus
528 2469 595 2541 illis
618 2470 735 2541 nullus
759 2469 815 2541 vel
842 2491 941 2541 rarus
961 2471 1154 2542 christicola
1175 2469 1406 2542 remansisset.
1436 2468 1503 2539 llos
1524 2487 1645 2540 revera

234 2594 357 2664 latetur
373 2593 534 2666 dominus
560 2595 742 2689 imperator
764 2593 1013 2665 exterminasse
1028 2593 1072 2664 de
1091 2593 1205 2665 Sicilia
1230 2615 1309 2664 com
1331 2593 1450 2663 multis
1470 2591 1646 2662 laboribus

233 2727 267 2788 ot
283 2716 460 2811 expensis.
482 2717 518 2788 Si
535 2727 695 2811 reputant
713 2717 748 2786 in
765 2715 830 2788 boc
853 2737 1039 2806 gravamen
1062 2716 1205 2788 ecclesie
1226 2713 1287 2810 (a),
1312 2715 1397 2786 alias
1420 2714 1529 2786 nescit
1551 2711 1647 2807 quod

233 2863 391 2933 unquam
414 2852 589 2933 gravasset
606 2841 698 2912 illam
724 2861 788 2912 neo
809 2841 885 2912 vult
903 2862 1061 2934 gravare.
1081 2843 1184 2926 lom,
1210 2840 1301 2910 idem
1328 2839 1412 2910 dicit
1437 2838 1645 2911 deecclesia

232 2963 453 3058 Cephalensi,
475 2965 540 3036 nisi
558 2966 644 3036 forte
660 2973 820 3058 tangatur
838 2965 884 3036 de
906 2973 1016 3036 castro
1038 2963 1237 3058 Cephalensi
1262 2959 1356 3056 quod
1375 2963 1470 3033 velot
1488 2961 1666 3032 munitis·

232 3087 356 3160 simam
373 3109 487 3160 arcem
508 3110 613 3182 supra
632 3110 728 3159 mare
743 3096 778 3158 et
795 3097 939 3160 stantem
961 3089 998 3158 in
1019 3087 1171 3158 marchia
1192 3087 1438 3157 Saracenorum
1463 3093 1648 3155 tennerunt

233 3233 370 3306 semper
382 3233 481 3304 reges
499 3212 632 3302 Sicilie,
653 3221 687 3284 et
705 3213 795 3284 bone
815 3211 978 3284 memorie
994 3211 1214 3282 Innocentius
1227 3229 1316 3304 papa
1336 3206 1515 3279 mandavit
1537 3207 1648 3299 legato

235 3357 299 3408 suo
326 3345 411 3406 tunc
434 3337 595 3430 temporis
621 3358 682 3431 pro
704 3337 845 3408 servitio
868 3345 984 3407 nostro
1010 3336 1045 3404 in
1070 3335 1186 3406 Sicilia
1204 3333 1364 3405 existenti
1389 3341 1428 3402 ut
1453 3329 1539 3402 illud
1560 3331 1649 3403 reci·-

236 3468 334 3554 peret
355 3459 400 3531 ab
422 3459 583 3555 episcopo
606 3460 650 3531 ad
674 3461 773 3552 cnjus
798 3481 921 3530 manus
943 3481 1004 3554 per
1030 3459 1258 3530 turbationem
1286 3449 1427 3528 venerat
1454 3464 1488 3526 et
1515 3453 1649 3527 nonde

233 3584 333 3674 jure;
358 3591 393 3654 et
410 3583 505 3676 quod
523 3584 655 3676 legatus
680 3594 831 3677 tempore
848 3584 993 3677 pueritie
1015 3597 1129 3654 nostre
1151 3585 1275 3654 iaceret
1295 3581 1402 3652 teneri
1423 3588 1457 3651 et
1483 3578 1648 3650 custodiri

238 3729 299 3800 pro
324 3708 445 3798 nobis;
473 3729 535 3780 neo
554 3709 714 3802 episcopo
737 3709 883 3803 presenti
906 3709 1095 3781 restituitur
1117 3729 1181 3779 nec
1204 3707 1247 3779 de
1266 3707 1344 3798 jure
1366 3705 1499 3777 restitui
1523 3705 1644 3796 debet,

237 3832 321 3925 quia
346 3852 415 3903 non
433 3831 537 3903 habet
550 3833 609 3922 jus
625 3833 661 3902 in
683 3853 738 3920 re,
760 3841 795 3903 et
816 3834 899 3904 alias
916 3832 1011 3926 quod
1031 3832 1203 3922 falsarius,
1230 3829 1424 3919 homicida,
1441 3829 1593 3924 proditor
1616 3838 1649 3903 et

240 3954 476 4026 schismaticus
492 3955 633 4050 publico
651 3955 845 4026 testimonio
860 3957 1101 4050 comprobatur
1113 3981 1122 4039 3
1136 3976 1243 4048 quare
1259 3955 1287 4025 si
1306 3953 1409 4026 etiam
1433 3952 1574 4026 haberet
1591 3956 1648 4045 jus

238 4079 273 4148 in
290 4100 344 4169 re,
362 4079 459 4172 qnod
473 4079 578 4165 absit,
596 4073 727 4151 restitui
744 4101 812 4150 non
825 4090 971 4151 tenetur.
989 4084 1073 4150 llem
1092 4078 1185 4150 idem
1203 4078 1247 4150 de
1263 4077 1469 4149 Catbanensi
1484 4076 1645 4163 ecclesia,

237 4199 303 4270 nisi
320 4204 405 4272 torte
418 4212 579 4295 tangatur
590 4201 635 4274 de
652 4202 849 4273 hominibus
865 4202 1016 4273 demanii
1033 4201 1164 4272 domini
1183 4201 1397 4295 imperatoris
1413 4201 1474 4292 qui
1490 4199 1649 4292 tempori·

239 4324 304 4395 bus
316 4325 395 4397 belli
415 4337 551 4422 propter
565 4327 677 4398 locum
696 4347 855 4397 securum
869 4336 902 4397 et
915 4327 1058 4397 fertilem
1073 4347 1110 4396 se
1124 4325 1325 4398 Cathaniam
1339 4325 1566 4395 contulerunt.
1579 4323 1647 4394 llos

241 4445 363 4519 latetur
382 4449 563 4542 imperator
577 4470 615 4521 se
627 4448 673 4522 ad
693 4448 854 4520 domania
869 4469 933 4520 sua
950 4469 1151 4537 revocasse,
1172 4447 1362 4520 meandum
1382 4448 1523 4518 sormam
1542 4466 1648 4539 gene·

283 4708 323 4789 (a)
347 4711 393 4772 lbi
405 4713 518 4792 allquld
531 4715 631 4776 deesse
644 4716 770 4776 videtur.
