4224 5898
485 552 545 614 336
982 551 1196 616 lttt11tttlt1c1
1221 553 1398 616 suendo!
1706 555 1789 634 [ass.
1807 557 1887 620 lata.

485 687 597 780 diens,
616 687 663 760 ad
683 689 758 782 ejus
772 687 1105 761 consummationem
1124 688 1286 762 debonis
1304 685 1615 762 suorumlidalium
1628 689 1775 764 conferri
1789 692 1891 766 inter·

484 811 587 885 dixit.
612 811 736 884 Gontra
754 812 987 904 juramentum
1018 813 1200 908 prestitum
1215 822 1251 886 et
1272 811 1369 908 pacis
1392 812 1482 884 inter
1510 812 1625 908 ipsum
1648 822 1683 885 et
1703 813 1890 890 Ecclesiam

484 937 665 1008 reformate
684 935 801 1008 federa
823 935 956 1008 nobiles
978 935 1130 1030 privatos
1148 936 1267 1009 caetris
1285 945 1320 1008 et
1337 935 1414 1008 aliis
1435 935 1535 1008 honis
1555 935 1648 1028 suis,
1672 937 1843 1040 uxoribus
1859 947 1892 1013 et

484 1059 600 1132 liberis
620 1057 818 1154 captivatis,
838 1058 914 1130 loca
934 1079 999 1130 sna
1020 1059 1228 1154 proscriptos
1253 1059 1463 1152 relinquare,
1486 1056 1661 1131 domicilia
1684 1060 1721 1130 in
1747 1060 1891 1132 aliorum

485 1184 666 1256 transferre
684 1181 869 1272 caloniam,
891 1183 1038 1256 nutritos
1060 1183 1097 1255 in
1121 1183 1251 1256 croceis
1274 1182 1467 1280 amplexari
1489 1192 1639 1256 stercora
1657 1193 1693 1256 et
1713 1183 1761 1258 ad
1779 1193 1891 1257 extra·

484 1329 576 1380 mam
599 1307 691 1400 cogit
716 1305 868 1401 inopiam
890 1304 1067 1378 devenire.
1096 1307 1236 1380 Necnon
1261 1306 1347 1379 dum
1367 1306 1550 1378 afflictione
1575 1307 1768 1401 comprimit
1791 1307 1893 1380 simili

483 1451 667 1526 pauperes,
696 1428 732 1500 id
756 1438 851 1502 tanto
874 1429 997 1502 lortius
1024 1431 1094 1502 Deo
1120 1429 1303 1524 displicere
1326 1438 1488 1524 putamus
1514 1437 1644 1523 quanto
1660 1431 1779 1502 verius
1803 1430 1894 1524 ipsos

482 1552 657 1627 credimus
673 1553 883 1626 innocentes.
903 1552 998 1637 Quid
1015 1553 1136 1647 plura?
1153 1552 1355 1644 baronibus,
1372 1551 1538 1624 militibus
1550 1560 1585 1625 et
1602 1552 1678 1624 aliis
1693 1552 1893 1626 hominibus

482 1677 639 1770 ejusdem
653 1677 751 1769 regni
767 1675 880 1748 Sicilie
896 1675 942 1748 ad
957 1677 1128 1748 fortunam
1144 1685 1181 1747 et
1198 1675 1430 1750 conditiohem
1448 1696 1627 1749 sorvorum
1642 1674 1801 1748 inaudita
1816 1697 1893 1748 cru·

483 1799 622 1874 dalitate
639 1797 805 1889 redactis,
823 1799 897 1890 jam
913 1818 976 1892 pro
993 1797 1114 1888 majori
1136 1807 1234 1893 parte
1256 1799 1365 1893 ipsius
1388 1799 1487 1890 regni
1510 1798 1718 1872 habitatores
1745 1819 1816 1870 non
1833 1798 1894 1870 ha·

482 1923 565 1996 bant
583 1921 627 1995 de
647 1921 785 2016 proprio
804 1919 900 1992 unde
915 1920 1080 1993 stramine
1097 1919 1159 1992 vili
1181 1921 1382 2015 quiescere,
1404 1919 1578 1994 nuditates
1592 1943 1674 1994 suas
1694 1921 1776 1994 rudi
1793 1941 1893 1994 sacac

483 2055 666 2138 contegere
686 2045 742 2116 vel
764 2051 918 2116 ventrem
939 2063 1028 2137 pene
1046 2053 1187 2136 possent
1211 2043 1354 2115 miliatio
1371 2052 1537 2116 saturare.
1565 2043 1720 2138 Cumque
1741 2045 1895 2116 ululatus

483 2177 518 2242 et
540 2169 706 2242 clamores
724 2166 895 2239 dictarum
915 2166 1137 2238 ecclesiarum
1156 2175 1191 2238 et
1217 2165 1396 2239 bominum
1419 2189 1441 2240 a
1465 2177 1615 2262 tempora
1641 2167 1725 2240 dicti
1752 2167 1895 2240 Honorii

482 2291 735 2388 predecessoris
757 2289 864 2362 nostri
886 2289 1042 2361 Ecclesia
1066 2309 1168 2362 aures
1193 2289 1356 2362 continua
1377 2289 1611 2385 deploratione
1629 2292 1842 2386 pulsassent,
1860 2301 1896 2364 et

479 2419 552 2509 jam
581 2415 644 2488 vix
675 2434 857 2508 possemus
884 2432 944 2484 eos
974 2412 1107 2506 absque
1132 2412 1262 2484 lesione
1295 2415 1506 2486 conscientie
1530 2415 1598 2486 snb
1623 2413 1895 2488 dissimulatione

483 2539 646 2631 transire,
674 2538 789 2632 ipsum
818 2557 924 2630 super
953 2534 1163 2608 correctione
1188 2534 1359 2608 dictorum
1385 2538 1553 2609 scelerum
1583 2557 1655 2610 non
1679 2539 1806 2630 semel,
1830 2536 1895 2610 sed

484 2663 612 2758 pluries
631 2661 762 2732 nuntiis
777 2669 811 2733 et
826 2659 931 2731 literis
950 2659 1159 2748 monuimus,
1181 2680 1223 2732 ac
1245 2659 1348 2752 longa
1364 2659 1526 2754 patientia
1540 2661 1751 2756 temporibus
1767 2682 1894 2755 expec-

483 2785 633 2859 tavimus
647 2783 835 2871 retroactis,
854 2783 885 2854 si
899 2783 1014 2855 forsan
1029 2782 1147 2855 oculos
1161 2801 1243 2856 suos
1258 2780 1305 2854 ad
1322 2783 1413 2856 celos
1427 2784 1577 2875 erigens,
1598 2793 1727 2856 exutus
1742 2795 1895 2860 vetarem

483 2929 684 3001 novumque
701 2905 845 2978 indutus
860 2905 1048 2996 hominem,
1065 2925 1190 2978 manus
1200 2925 1283 2978 suas
1297 2927 1318 2978 a
1333 2914 1427 2977 tanta
1440 2908 1690 3002 perpetratione
1703 2909 1893 2983 facinorum

482 3029 669 3104 cohiberet.
690 3031 740 3101 De
760 3028 867 3122 petita
889 3027 1033 3121 insuper
1049 3026 1291 3100 emendatione
1313 3025 1413 3100 dubii
1436 3027 1568 3119 adhuc,
1595 3029 1747 3102 volentes
1767 3039 1895 3104 statum

481 3153 558 3247 ejus
588 3155 724 3249 proprio
750 3173 912 3248 processu
943 3148 1127 3242 gratulari,
1155 3171 1197 3223 ao
1224 3130 1464 3224 lombardiam
1499 3172 1579 3223 cnm
1611 3153 1716 3225 armis
1746 3155 1895 3229 intrante

483 3277 723 3351 mandavimus
740 3275 830 3347 utin
848 3273 931 3346 locis
948 3293 1011 3367 pro
1029 3291 1251 3366 quacumque
1273 3294 1380 3346 causa
1403 3273 1586 3347 interdicto
1610 3277 1793 3370 subjectis,
1818 3279 1894 3372 ipso

467 3409 641 3497 ,presente
666 3397 885 3472 interdictum
908 3397 1049 3468 minima
1063 3405 1273 3484 servaretur,
1292 3406 1327 3469 at
1349 3375 1512 3471 eumdem
1529 3397 1750 3472 Fredericum
1768 3402 1895 3473 nostris

483 3525 589 3598 literis
609 3521 853 3597 admonuimus
872 3529 912 3590 nt
934 3541 978 3592 na
999 3519 1112 3591 crucis
1133 3519 1309 3612 negotium
1334 3519 1429 3614 qnod
1454 3520 1501 3592 ad
1519 3519 1701 3594 utilitatem
1725 3523 1892 3611 Ecclesia,

483 3647 633 3743 imperii,
653 3655 687 3718 et
709 3645 811 3716 totins
829 3641 947 3738 populi
970 3640 1147 3715 christiani
1166 3641 1277 3714 iuerat
1303 3641 1519 3734 ordinatum,
1546 3643 1717 3740 impedire
1740 3649 1891 3740 valeret,

483 3771 616 3868 precise
632 3770 669 3841 in
686 3791 749 3841 nos
762 3763 1063 3862 compromitteret,
1080 3787 1124 3838 ne
1138 3765 1168 3837 si
1185 3775 1304 3842 contra
1322 3765 1533 3840 lombardos
1547 3778 1679 3842 armata
1695 3791 1801 3844 manu
1815 3795 1895 3868 pro·

482 3895 635 3981 cederet,
664 3903 793 3966 tantam
821 3891 918 3963 daret
946 3890 1098 3985 exempli
1127 3889 1316 3984 perniciem
1341 3901 1381 3962 ut
1411 3901 1666 3985 presumeretur
1689 3916 1710 3968 a
1736 3896 1896 3989 pluribus

480 4019 578 4114 quad
606 4026 737 4091 cataros
767 4013 918 4086 Ecclesia
950 4013 1139 4086 refellisset.
1170 4012 1327 4086 Ceterum
1358 4013 1442 4106 quia
1470 4013 1703 4110 redintegrare
1728 4017 1894 4092 scissuras

480 4141 674 4215 schismatis
692 4151 808 4212 nostro
826 4136 996 4209 incumbit
1014 4137 1126 4209 officio
1141 4135 1331 4224 servitutis,
1347 4137 1409 4231 pr'o
1423 4137 1579 4210 sedanda
1596 4139 1732 4236 imperii
1746 4150 1781 4214 et
1793 4143 1894 4216 hom·

480 4263 667 4337 bardorum
692 4261 883 4350 discordia,
907 4260 1145 4332 Prenestinum
1171 4259 1393 4356 episcopum,
1410 4259 1593 4334 commisso
1618 4261 1686 4334 sihi
1712 4263 1893 4357 legationis

480 4387 611 4476 officio,
641 4386 699 4457 illa
726 4383 999 4458 consideratione
1026 4383 1205 4477 potissime
1230 4381 1401 4455 duximus
1428 4382 1692 4475 destinandum,
1716 4397 1753 4458 ut
1774 4388 1893 4460 sibiet

480 4509 757 4606 quibuscumque
788 4504 1065 4580 discordantibus
1092 4505 1216 4579 minori
1247 4503 1432 4578 haberetur
1461 4507 1593 4580 ratione
1616 4518 1796 4602 suspectus
1822 4531 1892 4605 quo

481 4632 554 4704 suis
574 4631 708 4705 actibus
723 4629 837 4703 minus
855 4627 1059 4703 firmamenti
1077 4627 1149 4703 odii
1168 4628 1225 4704 vel
1241 4629 1369 4704 amoris
1387 4630 1572 4726 ingereret,
1594 4632 1655 4728 qni
1673 4654 1695 4706 a
1712 4633 1844 4709 mundo
1858 4643 1891 4708 et
