4224 5898
472 511 534 576 326
974 513 1189 577 latonam!
1215 511 1390 576 sacella!
1421 509 1424 518 ’
1696 509 1776 594 [lius.
1794 511 1879 574 me

472 655 662 720 statuentes
680 647 852 720 universis
874 657 909 721 et
931 649 1077 741 singulis
1097 648 1195 745 qnod
1216 649 1429 744 quicumque
1444 653 1563 720 conon
1587 647 1757 742 presentis
1772 648 1882 743 privi-

472 769 554 864 legii
582 769 689 842 nostri
705 777 857 842 tenorem
881 769 1049 865 hospitale
1062 773 1135 866 jam
1162 771 1294 846 dictum
1310 779 1371 844 aut
1392 768 1609 866 aliquamde
1627 769 1791 866 predictis
1816 771 1880 846 dc·

472 894 588 966 mibus
601 895 673 966 suis
690 915 780 966 ausu
798 895 978 968 temerario
994 895 1186 990 inquietare
1208 895 1267 968 vel
1282 895 1470 968 mussare
1479 895 1745 991 presumpserit,
1769 903 1882 992 precer

472 1016 746 1108 indignationem
776 1017 884 1090 nostri
909 1017 1069 1091 culminis
1092 1039 1199 1113 qnam
1224 1019 1397 1106 incurret,
1422 1025 1562 1092 centum
1586 1017 1693 1092 libras
1713 1019 1791 1092 auri
1815 1040 1882 1115 cp-

473 1141 546 1214 timi
560 1141 612 1238 (a)
630 1163 692 1240 pro
715 1163 806 1238 pcna
829 1153 1029 1238 componet,
1050 1142 1234 1218 medietate
1255 1144 1388 1216 scilieet
1408 1161 1543 1216 camere
1560 1151 1680 1216 nosue
1693 1151 1729 1216 et
1747 1141 1881 1239 reliquo

472 1265 656 1340 medietate
679 1267 788 1361 passis
812 1267 972 1360 injuriam
999 1268 1218 1364 applicanda.
1247 1265 1303 1341 Ad
1324 1266 1430 1359 hujus
1459 1267 1577 1360 itaque
1597 1266 1820 1361 pruteclionis
1846 1275 1881 1340 et

473 1389 740 1463 confirmationis
755 1396 870 1464 nostre
888 1391 1086 1465 memoriam
1113 1401 1148 1466 et
1171 1390 1277 1464 robur
1301 1397 1471 1486 perpetuo
1501 1389 1710 1475 valiturum,
1738 1409 1883 1485 presens

472 1513 695 1610 privilegium
710 1513 783 1587 fieri
801 1523 837 1587 et
852 1515 965 1608 sigillo
981 1515 1167 1608 mejestatis
1181 1523 1296 1588 nostre
1307 1514 1474 1608 jussimus
1489 1514 1708 1586 communiri.

520 1639 632 1730 Hujus
653 1637 703 1710 rei
725 1646 829 1711 testes
855 1647 937 1710 sunt
962 1663 972 1709 ε
996 1639 1036 1710 Β.
1059 1637 1267 1712 venerabilis
1294 1637 1555 1711 Panormituuus
1581 1637 1879 1733 archiepiscopus,

473 1763 516 1836 0.
538 1761 766 1854 Marsicanus‚
789 1761 831 1834 Α.
859 1760 1045 1834 Paduanus
1061 1761 1110 1859 (i)
1139 1761 1307 1856 episcopi,
1337 1761 1486 1834 'ihomas
1509 1781 1627 1834 comes
1654 1761 1879 1852 Acenarum,

471 1884 644 1958 Berardus
665 1905 779 1962 comes
799 1883 934 1958 laureti
957 1886 1046 1958 sacri
1063 1885 1198 1982 imperii
1222 1885 1259 1957 in
1281 1905 1389 1978 regno
1418 1884 1611 1958 Arelatensi
1634 1896 1669 1958 et
1693 1882 1881 1958 Viennensi

472 2009 624 2082 vicarius
636 2009 819 2099 generalis,
830 2007 1019 2081 lliccurdus
1032 2029 1148 2082 comes
1158 2007 1293 2082 Cnserte
1305 2007 1365 2104 (c),
1377 2008 1576 2082 llercelinns
1590 2006 1642 2106 (d)
1654 2006 1701 2082 de
1711 2009 1877 2096 Romano,

472 2132 636 2227 magister
658 2133 778 2206 Petrus
804 2131 850 2206 de
875 2131 985 2206 Vinea
1000 2130 1047 2228 (c)
1069 2151 1195 2228 magne
1216 2134 1311 2206 curie
1333 2141 1450 2208 nostre
1467 2133 1598 2225 judex,
1618 2139 1656 2206 et
1677 2133 1737 2206 ulii
1757 2154 1882 2228 quarn·

471 2257 602 2354 plures

520 2380 666 2474 Signum
689 2378 820 2452 domini
844 2380 951 2452 nostri
975 2379 1138 2453 Friderici
1162 2379 1326 2468 secundi,
1350 2380 1413 2453 Dei
1436 2380 1546 2476 gratie
1571 2380 1790 2454 invictissimi
1814 2381 1881 2455 lto-

471 2525 650 2577 manornm
670 2503 884 2598 imperatoris
903 2525 1040 2600 semper
1057 2505 1209 2596 augusti,
1230 2504 1417 2578 Jerusalem
1434 2505 1600 2579 et‘Sicilie
1615 2505 1719 2600 regis.

520 2628 606 2700 Acte
633 2636 716 2714 sunt
743 2627 807 2701 hec
835 2649 926 2701 anno
963 2627 1136 2702 dominice
1160 2627 1405 2702 incarnationis
1434 2628 1614 2702 millesimo
1643 2629 1880 2704 ducentesimo

472 2750 645 2828 tricesimo
663 2770 774 2840 nono,
795 2771 914 2822 mense
930 2750 1041 2842 junii,
1062 2750 1270 2824 duodecime
1291 2750 1717 2847 indictionis,lmperante
1739 2750 1880 2826 domino

472 2881 588 2946 nostro
606 2871 781 2946 Friderico
802 2873 977 2965 secundo,
996 2875 1058 2946 Dei
1085 2874 1196 2967 gratia
1222 2871 1450 2948 invictissimo
1474 2875 1706 2948 Romanorum
1731 2875 1880 2972 imperu-

472 3005 546 3068 tore
561 3017 696 3092 semper
712 3005 878 3090 angusto,
897 2997 1085 3070 Jerusalem
1103 3006 1138 3070 et
1156 2997 1270 3071 Sicilie
1284 3017 1385 3091 rege,
1404 2998 1541 3094 imperii
1563 3000 1640 3092 ejus
1651 3020 1747 3073 varrrro
1766 3021 1879 3074 nono·

472 3119 621 3212 decimo,
642 3120 740 3212 regni
757 3121 947 3193 Jerusalem
968 3119 1246 3215 quartodecimo,
1264 3121 1364 3216 regni
1381 3141 1464 3195 vero
1482 3121 1598 3196 Sicilie
1613 3123 1879 3219 quadragoeimo

471 3241 643 3333 secundo,
664 3243 820 3316 feliciter.
837 3242 962 3318 Amen.

519 3367 644 3439 Datum
660 3367 809 3460 verone,
830 3388 934 3460 euno,
954 3387 1073 3442 mense
1088 3375 1123 3442 et
1138 3366 1327 3442 indictione
1340 3367 1550 3466 prescriptis.

511 3607 553 3690 (a)
575 3609 633 3686 Ap.
648 3609 859 3672 d'Escluseeux
871 3615 1011 3690 unquam
1021 3616 1163 3690 optutum.

512 3715 552 3796 (b)
573 3717 632 3795 Ap.
654 3718 864 3780 d'lisclusoenx
885 3717 1053 3796 Prienam
1070 3722 1102 3780 ln
1124 3718 1304 3780 chartulario
1321 3716 1492 3796 Pristiom
1507 3717 1596 3780 umbo
1608 3718 1758 3780 mendosa.
1777 3719 1877 3782 uen-

468 3823 611 3884 tnendum
630 3841 738 3885 nomen
752 3826 852 3902 allquo
864 3831 965 3886 tumen
978 3827 1134 3903 superstite
1149 3825 1239 3886 dublo
1252 3827 1463 3904 proponimus,
1477 3825 1551 3888 dum
1565 3842 1656 3906 supra
1672 3825 1815 3888 initiulem
1828 3826 1875 3888 lit·

468 3934 562 3988 leram
575 3929 619 4004 1.,
645 3947 706 3990 non
719 3947 792 3992 vero
804 3929 843 3992 A.
859 3933 1066 3994 invenerimus.

509 4033 545 4114 (c)
568 4037 624 4114 Ap.
640 4036 849 4100 d’Escluseaux
859 4040 947 4120 prior
958 4047 1112 4101 conventas
1127 4039 1243 4119 Cmpre,
1255 4041 1396 4117 peselum
1412 4043 1444 4102 ln
1457 4039 1634 4103 chartulario
1654 4039 1787 4100 lloccoaaa
1803 4037 1872 4119 (ll)

467 4157 556 4202 comas
571 4141 668 4216 Ceste,
682 4147 790 4205 omisso
803 4144 1013 4206 ubrevladonls
1027 4145 1124 4223 signo.

507 4246 550 4328 (d)
572 4249 630 4326 Ap.
650 4247 859 4312 d’Fscluseaux
869 4249 1068 4333 Harpalum,
1081 4253 1166 4314 male.

508 4353 545 4434 (e)
571 4355 686 4418 Ibidem
700 4355 806 4420 Petrae
819 4355 853 4418 de
872 4358 953 4436 Viuo,
968 4361 1056 4422 mule.
