4278 5920
223 604 398 681 lrturcr.10.]
667 601 862 664 HISTORIA
887 596 1179 662 ntanolrfflctt.
1570 599 1627 660 10¹1

222 739 384 834 quatinus
402 759 464 808 vos
477 757 557 808 cum
570 757 641 808 nno
653 737 792 831 puplico
806 734 1092 809 notarioNuccrie
1103 753 1242 806 cansam
1258 733 1366 828 ipsam
1381 731 1564 825 diligenter
1577 731 1629 804 in·

222 863 358 958 quirerc
376 859 548 952 debeatis,
565 869 599 932 et
614 859 643 932 si
659 859 859 934 inveneritis
875 859 971 954 quod
988 857 1141 956 predicta
1158 855 1300 932 ecclesia
1320 856 1433 930 Sancti
1455 855 1628 930 Laurentii

224 986 268 1060 de
284 985 456 1058 Turricclo
474 983 587 1058 extitit
608 995 789 1072 revocata,
806 1006 872 1056 vos
890 985 978 1056 tacta
996 981 1218 1078 inquisitione
1239 981 1374 1074 dejure
1391 980 1629 1075 prenominata

222 1111 364 1182 ecclesie
380 1107 494 1181 Sancti
509 1108 682 1182 Laurentii
695 1107 740 1180 de
756 1109 789 1181 la
802 1107 974 1180 ltostineta
989 1108 1018 1180 si
1034 1108 1201 1202 pertineat
1214 1105 1418 1179 monasterio
1437 1105 1624 1198 nominato,

222 1233 417 1330 precipiatis
433 1231 589 1304 stallariis
610 1228 760 1304 demanii
779 1241 816 1302 et
832 1232 981 1304 revocati
999 1232 1145 1304 Nuceria
1170 1231 1232 1326 qui
1250 1251 1343 1302 nunc
1367 1241 1509 1326 presunt
1531 1231 1628 1325 quod

222 1356 332 1451 ipsam
342 1355 520 1427 ecclesiam
530 1355 643 1427 Sancti
656 1353 827 1426 laurentii
837 1352 881 1427 de
892 1354 1107 1426 laltostineta
1119 1355 1443 1450 permictantipsum
1458 1365 1627 1426 monaste·

222 1481 311 1551 rium
327 1477 443 1572 quiete
458 1489 492 1550 et
503 1477 646 1574 pacifice
657 1477 845 1574 possidere,
860 1487 978 1550 ettam
994 1475 1040 1549 ad
1054 1478 1221 1550 cautelam
1236 1478 1340 1550 nostri
1351 1499 1412 1572 pro
1426 1487 1522 1573 parte
1533 1477 1628 1551 curie

222 1603 443 1698 quamipsius
453 1601 647 1674 monasterii
659 1601 790 1673 faciatis
800 1600 1627 1696 aniudednopuplicainstrumenta,unumnobis
1719 1627 1722 1634 ·

221 1748 285 1823 pro
303 1735 399 1826 parte
418 1725 513 1799 curie
528 1723 826 1798 transmittendum
850 1733 884 1795 et
904 1723 999 1796 aliud
1023 1723 1088 1819 ipsi
1107 1723 1220 1796 abbati
1238 1747 1300 1818 pro
1319 1735 1414 1820 parte
1431 1723 1627 1798 monasterii

222 1851 276 1923 sni
287 1849 549 1946 assignandum.
560 1849 684 1921 Datum
698 1846 793 1943 apud
806 1847 974 1935 Minores,
990 1847 1111 1942 quinto
1122 1849 1253 1942 agusti,
1272 1849 1404 1921 decime
1415 1849 1624 1922 indictionis.

268 1976 338 2050 Nos
352 1975 457 2070 igitur
475 1973 618 2069 predicti
628 1971 764 2066 judices
780 1971 958 2066 cupientes
974 1970 1175 2045 mandatum
1195 1973 1338 2068 predicti
1356 1972 1486 2046 domini
1504 1973 1626 2070 Augeli

223 2101 268 2176 da
283 2103 394 2174 blarru
408 2097 536 2193 exequi
554 2105 761 2187 reverenter,
777 2095 985 2168 habentibus
1000 2095 1077 2193 (sic)
1089 2096 1268 2169 nobiscum
1284 2097 1476 2194 subscripto
1492 2101 1627 2174 blatbeo

221 2224 359 2320 puplico
375 2222 506 2295 notario
518 2221 663 2294 Nuceria
674 2232 708 2294 et
719 2219 926 2316 supradictis
937 2221 1094 2312 testibus,
1109 2221 1238 2292 scilicet
1248 2221 1430 2295 Staucione
1442 2225 1624 2316 Breuculc,

221 2347 385 2442 magistro
399 2347 499 2419 Petro
523 2345 569 2420 de
587 2345 693 2418 Pasce
712 2354 746 2417 ct
766 2345 898 2440 Raymo
918 2342 964 2417 ad
983 2344 1050 2417 boc
1070 2343 1262 2440 specialiter
1282 2346 1410 2439 rogatis
1428 2355 1463 2420 et
1478 2350 1624 2440 vocatis,

220 2482 378 2568 presente
399 2471 502 2544 etiarn
523 2469 704 2542 nobiscnm
722 2467 863 2541 domino
879 2466 1036 2542 Gernolio
1055 2467 1237 2541 Teutonico
1254 2469 1402 2542 stallario
1425 2469 1575 2544 demanii
1593 2481 1629 2546 et

220 2597 373 2670 revocati
389 2593 433 2668 da
446 2593 610 2686 Nuceria,
625 2592 720 2690 apud
737 2593 916 2666 ecclesiam
934 2593 1042 2666 sancti
1055 2595 1157 2668 Blasii
1177 2594 1222 2668 de
1238 2593 1324 2690 pede
1335 2593 1468 2670 Castalii
1483 2595 1629 2670 Nucerie

220 2721 341 2796 venire
352 2721 498 2793 lecimus
513 2727 593 2791 ante
613 2717 817 2813 praeentiam
840 2726 992 2790 nostram
1013 2717 1223 2812 subscriptos
1242 2720 1367 2814 probos
1381 2721 1474 2794 viros
1489 2731 1523 2793 et
1538 2722 1628 2793 bone

221 2846 328 2932 fame,
351 2843 512 2918 videlicet
528 2841 682 2936 jndicem
693 2842 829 2916 Petrum
846 2841 1020 2928 Vennum,
1039 2839 1257 2914 Guillelmum
1282 2844 1424 2916 militem
1441 2843 1486 2917 dc
1505 2846 1628 2920 Sancto

220 2969 309 3056 Vite,
327 2969 493 3042 Ursouem
508 2967 553 3040 de
565 2967 684 3054 Zucia,
697 2967 835 3039 Petrum
847 2965 988 3036 militem
1001 2965 1046 3037 de
1060 2965 1202 3060 Raymo,
1222 2965 1427 3040 Riccardum
1443 2966 1489 3040 de
1504 2971 1629 3043 Sancto

221 3095 374 3182 iuliano,
408 3090 583 3164 llatheum
609 3089 892 3186 Neapolitanum,
920 3089 1140 3182 Peregrinum
1162 3089 1441 3186 Neapolitanum,
1469 3093 1628 3167 abbatem

221 3215 409 3290 iohannem
427 3213 472 3287 de
484 3212 642 3303 Hordeo,
660 3212 850 3284 lobannem
868 3211 913 3284 de
930 3212 1078 3304 Ursone,
1097 3213 1298 3306 magistrum
1311 3215 1524 3290 leonardum
1542 3218 1630 3314 Pap-

221 3339 435 3436 pcssnziam,
461 3335 681 3408 Guilielmum
707 3333 752 3408 de
777 3334 894 3428 judice
910 3335 1067 3427 loliano,
1092 3335 1280 3409 lobannem
1303 3339 1440 3411 tratrem
1466 3363 1567 3412 suum
1595 3351 1630 3415 et

221 3463 438 3558 lluynaldum
453 3461 626 3551 Riccinm,
645 3468 680 3532 et
696 3477 756 3532 eos
770 3482 876 3555 supra
889 3470 1005 3532 sancta
1022 3461 1083 3532 Dei
1100 3461 1288 3556 Evangelia
1297 3463 1417 3555 jurare
1433 3465 1574 3538 lecimus
1592 3476 1631 3540 ut

223 3585 286 3680 ipsi
308 3606 430 3657 omnes
456 3582 551 3678 quod
568 3581 613 3655 de
637 3581 801 3678 predictis
824 3583 951 3654 scirent
974 3583 1129 3656 dicerent
1152 3585 1347 3678 veritatem3
1366 3597 1401 3660 et
1424 3589 1534 3684 primo
1551 3613 1630 3686 pre-

224 3709 336 3782 dictus
349 3708 462 3801 judex
478 3709 616 3798 Petrus,
639 3715 738 3780 etc...
759 3707 972 3801 [Sequuntur
991 3707 1226 3804 depositiones
1244 3712 1471 3804 praelatorum
1491 3716 1628 3788 testium

224 3833 283 3927 qui
299 3833 475 3906 declarant
496 3830 704 3902 unanimiter
727 3831 905 3940 ecclesiam
924 3832 1039 3904 Sancti
1062 3834 1234 3906 Laurentii
1260 3832 1305 3908 de
1329 3835 1361 3909 la
1385 3837 1557 3913 Rostineta
1583 3840 1631 3915 ad

224 3956 378 4029 Caveuse
393 3955 636 4028 monasterium
657 3955 827 4050 pertinere
839 3963 874 4027 et
889 3955 934 4028 ab
950 3977 992 4029 eo
1009 3955 1151 4052 pacifice
1172 3957 1278 4030 tuisse
1293 3979 1485 4054 possessam
1497 3959 1523 4033 'a
1538 3972 1631 4035 tam-

224 4103 305 4175 pcre
318 4079 413 4173 regis
428 4075 613 4152 Guilielmi.
628 4079 667 4152 ln
680 4079 775 4174 quod
789 4081 893 4154 vertit
909 4083 1078 4156 sententia
1092 4081 1174 4156 inde
1184 4083 1370 4174 contecta]

277 4562 480 4674 Gregorius
515 4592 614 4677 pape
640 4567 801 4655 Henrico
831 4573 880 4656 dc
907 4572 1083 4682 Revellc,
1116 4577 1348 4663 senescalco·
1368 4579 1555 4691 imperiali
1591 4609 1630 4667 un
1682 4593 1807 4705 ,iffi

227 4691 439 4806 vaincia,
460 4701 616 4784 mandat
632 4711 675 4785 ut
693 4702 954 4790 molestatione
967 4708 1237 4821 archiepiscopi
1255 4711 1486 4799 Arelatensis
1503 4727 1542 4801 et
1557 4727 1633 4802 ter·
