4278 5920
195 583 294 644 lauret.
313 575 373 661 ll]
641 569 839 632 HISTORIA
864 569 1160 632 blenottsrtclt.
1550 571 1608 634 135

195 737 338 790 suorum
366 707 586 806 eomplieinm
612 706 714 780 turbu
740 727 829 802 quos
852 705 1011 799 ejusdem
1041 705 1197 778 factionis
1226 705 1368 778 inlumia
1389 706 1493 778 simili
1519 729 1608 803 pena

197 842 458 935 dampnaverat,
470 833 507 906 in
521 831 718 906 subsidium
732 830 964 903 Brixiensium
978 829 1179 924 adquorum
1195 829 1418 902 inlortuninm
1431 829 1481 927 (a)
1493 853 1610 904 aecas-

197 966 340 1051 sissent,
360 966 564 1056 temptantes
586 956 623 1027 in
642 955 731 1028 faeie
749 965 865 1028 nostra
888 955 1046 1026 resistere
1066 953 1145 1026 lieet
1163 953 1237 1026 loca
1254 954 1387 1027 munita
1408 955 1558 1029 vallibus
1575 966 1609 1030 et

198 1086 299 1182 aquis
312 1083 494 1158 fluminum
510 1101 646 1176 semper
662 1077 829 1172 elegerint
841 1087 876 1150 et
889 1075 1018 1149 ibidem
1033 1098 1072 1149 se
1086 1099 1165 1148 cum
1186 1079 1260 1150 suis
1280 1077 1505 1174 eomplicibus
1517 1103 1609 1153 oom-

199 1209 387 1296 munirent,
408 1226 475 1278 nos
500 1203 641 1298 regione
663 1201 835 1274 brixiensi
861 1222 940 1272 eum
968 1200 1123 1285 damma,
1154 1221 1234 1274 cnm
1257 1203 1363 1292 ferro,
1387 1224 1467 1274 enm
1492 1205 1609 1277 multis

198 1330 525 1429 depopulationibus
543 1327 710 1419 desolata,
726 1348 836 1421 quum
851 1333 991 1422 propter
1004 1323 1238 1398 difficultatem
1255 1326 1410 1400 looorum
1426 1327 1473 1400 ad
1489 1349 1609 1402 eorum

199 1456 421 1554 dispendium
437 1453 554 1528 aditus
570 1473 639 1526 non
660 1451 797 1548 patebat
809 1472 875 1524 nec
890 1461 1099 1524 remanserat
1115 1449 1248 1546 aliquid
1271 1450 1369 1544 quod
1391 1451 1428 1524 in
1451 1451 1608 1526 distrietn

198 1582 314 1654 Brixie
339 1587 454 1654 noster
477 1577 684 1651 victoriosus
711 1575 885 1650 exercitus
913 1574 1130 1663 devastaret,
1159 1574 1376 1648 traduximus
1405 1575 1495 1648 serio
1520 1577 1608 1650 ultra

200 1707 332 1779 lolium
353 1712 464 1776 eastra
481 1710 614 1790 nostra,
635 1700 855 1774 ostendentes
875 1699 911 1770 in
929 1698 1113 1795 superlicio
1128 1699 1384 1794 quodammodo
1397 1701 1609 1796 propositum

199 1827 399 1902 recedendi.
419 1827 497 1912 Qua
523 1825 689 1922 opinione
709 1824 982 1898 Mediolanenses
1010 1822 1145 1918 deoepti
1168 1831 1204 1896 et
1230 1844 1294 1896 nos
1318 1825 1407 1896 ultro
1425 1825 1610 1918 prooedere

201 1976 269 2028 non
283 1952 483 2040 eredentes,
502 1947 549 2022 ad
565 1969 741 2044 egressum
758 1947 870 2044 pontis
888 1947 1095 2020 instantibus
1116 1947 1254 2020 casibus
1271 1953 1521 2044 processerunt.
1541 1949 1611 2022 Nos

198 2087 314 2150 autem
341 2077 378 2148 iu
400 2095 582 2148 oouumum
606 2095 727 2146 eorum
745 2072 837 2144 illico
861 2071 1103 2167 prooedentes,
1124 2070 1306 2144 eomiluuto
1332 2071 1477 2144 victoria
1500 2081 1610 2146 eastra
1746 2145 1749 2153 ,

198 2210 337 2292 nostra,
357 2207 542 2296 postquam
566 2219 627 2271 eos
647 2195 693 2270 ud
722 2216 862 2292 campos
880 2216 1036 2290 egressus
1055 2195 1272 2292 inspeximus
1297 2204 1333 2268 et
1352 2195 1399 2268 ad
1422 2195 1610 2290 qnamdam

201 2323 425 2396 munitionem
452 2343 572 2396 eornm
597 2341 666 2415 qne
691 2327 836 2392 vocatur
862 2318 974 2392 Curtis
993 2320 1092 2392 Nova
1118 2339 1239 2412 gressu
1264 2319 1365 2391 celeri
1390 2319 1608 2411 festinarent,

200 2449 328 2544 parutis
348 2447 489 2520 aciebus
512 2445 548 2517 in
570 2465 630 2518 eos
656 2443 820 2516 irruimus
844 2457 880 2516 et
904 2443 1021 2516 multis
1042 2465 1090 2516 ex
1111 2443 1161 2516 eis
1186 2443 1274 2516 cesis
1301 2453 1336 2516 et
1360 2444 1469 2540 captis
1490 2465 1611 2518 omnes

201 2591 313 2666 usque
330 2569 377 2644 ad
389 2568 578 2642 eanocium
598 2576 680 2640 sunt
699 2566 809 2662 iuguli
824 2564 921 2660 qnod
934 2565 1037 2658 juxta
1057 2566 1228 2662 prelatum
1246 2576 1396 2638 cestrum
1414 2567 1611 2642 locaverant

201 2693 384 2789 fugiendo,
406 2693 469 2764 nbi
494 2701 611 2766 eontra
629 2712 689 2765 eos
713 2711 831 2786 pugna
847 2711 917 2764 non
934 2688 1062 2780 deluit,
1081 2711 1147 2762 nee
1163 2690 1320 2762 instantis
1338 2691 1448 2764 noetis
1471 2692 1611 2766 tenebre

200 2819 292 2914 ipsos
308 2817 506 2891 umanibus
521 2815 647 2888 nostris
665 2814 797 2910 eripere
816 2823 1002 2909 potuerunt
1018 2815 1104 2908 quin
1129 2813 1320 2886 carrocium
1343 2823 1378 2888 ot
1400 2823 1549 2888 castrum
1574 2817 1609 2888 in

200 2963 271 3038 qno
288 2963 388 3038 spem
406 2942 489 3036 luge
507 2949 692 3036 posuerant
709 2937 933 3012 dimisissent.
955 2937 1090 3034 Captivi
1107 2948 1222 3011 nutem
1237 2947 1319 3010 sunt
1331 2939 1476 3032 majores
1491 2962 1611 3013 eornm

201 3075 237 3138 et
254 3066 344 3140 inter
360 3065 516 3162 captivos
532 3061 594 3163 [et]
611 3065 696 3136 ulios
717 3063 777 3158 qui
801 3060 1002 3136 mcidernnt
1029 3063 1065 3132 in
1090 3061 1180 3136 bello
1205 3062 1327 3136 decem
1354 3063 1447 3138 milia
1467 3085 1612 3138 nnmem

202 3198 458 3285 eomputantur.
474 3189 546 3262 Neo
563 3197 712 3284 potestas
726 3208 845 3260 eorum
865 3187 965 3260 duris
977 3187 1196 3259 venetiarum
1213 3186 1318 3278 lilius,
1336 3208 1406 3281 quo
1422 3186 1511 3260 duee
1527 3188 1612 3261 inle-

201 3311 280 3384 lieia
297 3311 399 3405 signa
419 3311 587 3403 tulerunt,
608 3331 732 3382 manus
752 3319 888 3382 nostras
907 3310 1017 3382 evasit
1035 3311 1121 3404 quin
1142 3332 1222 3383 cum
1240 3311 1386 3406 captivis
1404 3311 1481 3383 aliis
1497 3319 1612 3384 nostro

202 3435 331 3509 carceri
346 3435 393 3508 sit
407 3433 593 3509 adductus.
612 3434 688 3520 Que
708 3431 823 3506 omnia
842 3433 903 3504 tibi
919 3432 1155 3524 signiiioamns
1179 3433 1224 3506 ad
1244 3433 1411 3529 gaudium
1430 3444 1468 3508 ut
1490 3457 1612 3531 perve-

203 3559 295 3633 nisse
308 3559 372 3630 tibi
386 3557 524 3632 noveris
543 3556 590 3632 ad
611 3567 837 3649 angmentum
851 3557 947 3651 quod
965 3578 1012 3629 ex
1029 3567 1147 3632 tenore
1168 3560 1377 3654 presentium
1398 3560 1525 3655 iegitur
1540 3581 1614 3634 oes-

202 3683 289 3756 sisse
304 3683 414 3755 titulis
430 3681 667 3778 imperialibus
680 3679 726 3754 ad
744 3681 969 3775 triumphum.

251 3807 397 3894 Datum,
414 3817 481 3880 eto.

429 4044 475 4057 ..-
485 4043 990 4052 --n—-m———oa-n—--au——a——nnn
995 4043 1368 4053 -ο--α--α--ι-ι-

255 4228 493 4338 Fridericus,
512 4229 771 4314 Romanorum
789 4231 1010 4342 imperator,
1032 4234 1219 4345 signifieat
1240 4236 1328 4318 duci
1350 4235 1616 4347 Lolharingiae
1660 4273 1801 4326 [namsi

206 4360 400 4446 victoriam
433 4389 456 4445 a
486 4363 592 4446 sede
619 4363 963 4450 Mediolanensibus
991 4368 1093 4476 apud
1121 4368 1275 4453 Curtem
1304 4369 1449 4455 Novam
1476 4396 1615 4479 repor-

206 4505 336 4579 tatum.

245 4695 287 4778 (a)
308 4696 357 4758 lbl
373 4695 631 4774 quuedrmdeesse
639 4698 788 4762 videntur.
