4246 5906
513 588 573 652 530
1014 599 1224 664 salnsnlct
1249 605 1422 667 sncnsnt
1731 609 1811 692 [Ara.
1830 613 1914 677 1239.

560 729 641 799 item
654 731 810 824 scripsit:

558 851 770 945 Freden'cns,
788 865 871 948 eto,
889 855 1087 932 Alexandro
1101 860 1173 934 filio
1189 863 1343 952 Hsnrioi,
1362 874 1428 938 eto.
1448 866 1618 940 Fidelitati
1633 877 1692 941 tne
1709 869 1912 942 mandamus

509 983 679 1066 quatenus
706 977 735 1048 si
764 979 874 1051 nuntii
905 981 950 1054 de
976 985 1132 1076 partibus
1159 989 1393 1062 transmarinis
1422 991 1477 1062 vel
1504 991 1563 1062 alii
1590 1013 1668 1064 cum
1701 993 1908 1082 falconibus,

505 1097 646 1190 josetis,
668 1101 725 1171 vel
743 1102 819 1174 aliis
838 1104 969 1176 solatiis
992 1105 1037 1178 de
1058 1109 1212 1202 partibus
1233 1111 1365 1184 eisdem
1389 1123 1558 1186 venerunt
1573 1117 1645 1208 jam
1669 1118 1726 1188 vel
1750 1117 1912 1210 quando·

509 1241 659 1314 cumque
673 1226 846 1317 venerint,
876 1229 937 1321 qui
959 1229 1066 1302 veiint
1090 1231 1136 1304 ad
1159 1241 1308 1306 nostram
1328 1237 1534 1330 presentiam
1561 1259 1599 1310 se
1623 1241 1797 1330 ooniome,
1822 1240 1909 1312 sicut

507 1342 629 1417 honori
652 1356 687 1420 et
713 1350 893 1424 eommodo
920 1362 1035 1436 nostro
1057 1355 1223 1450 expedire
1246 1357 1392 1448 videris,
1415 1361 1608 1433 neeessaria
1631 1383 1742 1455 nsque
1766 1362 1814 1435 nd
1834 1385 1912 1458 pre·

507 1469 651 1541 sentiam
667 1481 817 1544 nostram
835 1473 879 1547 de
898 1477 1046 1570 peonma
1061 1479 1157 1554 curie
1176 1491 1290 1554 nostre
1306 1502 1376 1574 qne
1391 1491 1443 1556 est
1459 1504 1522 1579 per
1541 1505 1664 1557 manus
1688 1497 1766 1558 tuas
1786 1485 1913 1560 debeas

507 1590 684 1666 exhibere.

555 1717 679 1788 Datum
699 1714 750 1814 [ut
763 1715 899 1816 supro}

555 1841 638 1912 item
654 1841 789 1936 scripsit
799 1843 839 1914 G.
856 1843 902 1916 de
918 1845 1030 1918 Toooo
1043 1845 1089 1920 ad
1106 1843 1341 1920 Alexandrum
1358 1849 1467 1922 fitium
1480 1851 1630 1943 Henriei,
1651 1861 1690 1924 ut
1705 1855 1735 1925 si
1753 1865 1909 1928 austures

505 1963 599 2058 ipsos
614 1985 720 2060 penes
735 1967 841 2038 alium
860 1967 1032 2041 invenerit
1048 1991 1152 2064 quam
1170 1991 1277 2065 penes
1294 1973 1515 2046 Thomasinm
1538 1974 1583 2048 de
1601 1976 1814 2069 Brundusio,
1832 1999 1909 2074 pre·

506 2087 612 2181 cipiet
627 2108 687 2158 eos
703 2087 870 2180 assignari
885 2089 999 2161 eidem
1014 2090 1155 2165 Cataldo
1170 2093 1216 2166 ad
1232 2093 1362 2167 domini
1376 2096 1581 2190 presentium
1595 2096 1811 2172 deterendos.

554 2210 637 2282 Item
652 2208 792 2283 Cutaldo
807 2207 858 2304 (a)
876 2210 922 2284 de
942 2213 1063 2307 Pupia,
1087 2225 1126 2286 nt
1147 2215 1357 2310 ubicumque
1383 2217 1501 2290 lictore
1523 2239 1603 2290 enm
1625 2219 1821 2294 invenerint
1836 2223 1909 2296 sine

505 2353 601 2408 mora
620 2334 770 2407 conterat
784 2356 822 2406 se
837 2334 1002 2428 Melflnm,
1018 2347 1052 2410 et
1065 2348 1217 2412 moretur
1231 2337 1362 2414 ibidem
1376 2339 1556 2416 habiturus
1575 2341 1776 2437 diligentem
1790 2366 1907 2418 onnam

505 2456 550 2531 ds
565 2457 691 2530 nvibus
704 2456 836 2530 domini
850 2480 919 2552 que
935 2468 1016 2532 sunt
1028 2461 1089 2532 ibi.

710 2756 953 2770 m·-

556 3007 716 3091 Litterue
733 3017 903 3118 putentes
920 3019 958 3092 et
974 3009 1199 3092 mandatum
1217 3010 1265 3090 de
1284 3009 1525 3118 assignandis
1542 3007 1659 3092 libere
1682 3018 1720 3093 et
1737 3009 1907 3094 absolute

503 3139 777 3223 mercatoribus
795 3141 843 3224 de
860 3140 1088 3250 Pogibonizo
1106 3140 1212 3224 mille
1231 3140 1362 3224 salmis
1375 3140 1572 3248 frumenti,
1586 3167 1683 3251 quas
1700 3169 1772 3250 pro
1789 3144 1908 3226 unciis

505 3271 588 3354 auri
606 3271 895 3382 quadringentis
912 3273 1069 3381 triginta
1087 3273 1209 3356 tribus
1227 3283 1264 3357 et
1284 3271 1392 3356 tertia
1410 3299 1434 3355 ιι
1451 3273 1557 3356 ouria
1574 3283 1761 3358 emerunt.

584 3469 709 3549 (Reum.
722 3472 825 3551 imper.
838 3469 957 3534 metes
971 3471 1012 3545 11,
1026 3469 1078 3532 toi.
1093 3479 1131 3532 29
1146 3477 1242 3546 reeto;
1255 3474 1288 3532 in
1302 3471 1374 3534 edit.
1391 3469 1527 3550 Cassan,
1539 3487 1569 3550 p.
1587 3473 1671 3550 tte.)

552 3647 599 3716 ne
613 3645 769 3717 mandato
787 3644 958 3740 imperiali
973 3647 1060 3736 sacto
1071 3645 1341 3740 permoqistrum
1354 3643 1523 3715 Attertnm
1536 3645 1669 3738 scripsit
1680 3647 1721 3714 P.
1740 3645 1781 3718 de
1795 3647 1907 3741 Contu

503 3767 631 3840 listerus
646 3778 794 3862 potentes
809 3772 844 3839 ιἰι
859 3769 920 3839 troc
933 3771 1043 3860 forma
1062 3792 1074 3836 :

549 3891 759 3979 Friderieus,
787 3901 852 3965 etc.
883 3891 1008 3964 Notum
1031 3889 1177 3962 iacimus
1200 3889 1370 3963 universis
1399 3889 1496 3984 quod
1518 3889 1687 3980 Ventura,
1712 3889 1902 3976 Perfectus,

502 4015 575 4087 Bon
590 4014 780 4105 lohannes,
796 4015 982 4105 Esuriens,
998 4013 1219 4106 Bonnolinus,
1236 4011 1462 4085 Aldemasons
1481 4011 1527 4084 de
1541 4011 1761 4102 Aldemasoo,
1779 4035 1905 4087 meron-

502 4146 592 4211 tores
607 4135 652 4210 de
671 4137 897 4232 Pogibonizo,
917 4135 1038 4210 fideles
1058 4138 1183 4227 nostri,
1204 4143 1362 4209 emerunt
1382 4158 1403 4208 a
1421 4131 1517 4206 curia
1534 4143 1648 4208 nostru
1671 4135 1716 4208 de
1739 4137 1907 4208 frumento

502 4263 627 4334 salmas
641 4260 734 4332 mille
754 4259 941 4354 adjustum
962 4261 1103 4333 salmam
1123 4260 1238 4353 regni,
1253 4281 1316 4354 pro
1333 4257 1445 4331 unciis
1466 4258 1543 4330 anri
1561 4257 1823 4352 quadringentis
1844 4259 1908 4330 tri-

502 4394 606 4480 genta
625 4383 735 4458 tribns
753 4393 789 4458 et
804 4385 907 4458 terzia
923 4383 968 4457 ad
986 4385 1146 4479 generale
1161 4381 1299 4478 pondus
1316 4383 1435 4476 regni3
1453 4403 1541 4477 quas
1564 4381 1684 4452 uncias
1706 4389 1907 4454 mercatores

544 4577 587 4658 (a)
608 4579 644 4641 In
665 4578 767 4640 codiee
784 4579 935 4654 Phttltpps.
951 4573 1071 4653 Camil,
1086 4575 1187 4637 utdtto
1204 4574 1434 4636 abbrerladonts
1448 4576 1549 4654 sigum
1570 4589 1661 4652 quam
1679 4572 1837 4634 tentionem
1855 4587 1906 4650 po·

501 4687 606 4748 dorem
616 4683 774 4760 habemns,
790 4684 863 4745 dnm
878 4689 984 4762 agatur
997 4683 1036 4744 ds
1051 4678 1248 4744 Gomileoorio
1258 4677 1293 4742 ds
1303 4679 1400 4760 Pupia
1410 4679 1519 4757 pluries
1531 4679 1611 4740 inim
1623 4680 1785 4740 nominato.
