4224 5898
464 537 525 597 254
960 539 1173 599 Fatbtttttct
1199 539 1373 600 SECUNDI
1689 536 1767 620 [Anu.
1789 537 1873 599 1238.

463 681 498 741 et
515 671 729 744 occiduntur.
750 675 925 766 Responsio
942 674 1128 768 imperialis
1145 702 1155 745 :
1173 674 1350 768 Deceptis
1368 681 1402 745 et
1420 671 1639 744 incarceratis
1659 672 1742 744 nibil
1759 675 1872 765 novit,

464 795 529 866 nisi
547 794 643 889 quod
667 817 729 890 per
754 795 917 868 officiales
938 797 1152 892 imperatoris
1178 798 1284 892 aliqui
1312 797 1404 892 capti
1426 804 1525 886 suut,
1552 795 1750 890 assignandi
1774 798 1875 888 juxta

463 918 664 1012 qualitatem
679 941 885 990 excessuum
897 921 1029 1012 judicio
1045 922 1266 1016 prelatorum.
1287 921 1338 992 De
1351 918 1552 1015 proscriptis
1567 941 1649 991 vcro
1665 919 1761 991 novit
1780 919 1875 1013 quod

464 1042 599 1134 objecto
613 1043 822 1136 quibusdam
835 1043 978 1116 crimine
991 1044 1060 1116 lese
1074 1045 1276 1136 majestatis,
1291 1043 1400 1138 aliqui
1413 1043 1458 1115 de
1470 1063 1575 1137 regno
1590 1052 1671 1114 sont
1681 1043 1872 1138 proscripti.

462 1166 567 1238 Novit
592 1165 694 1238 etiam
724 1166 769 1238 de
786 1166 908 1239 occisis
930 1167 1024 1261 quod
1046 1176 1187 1263 propter
1211 1168 1450 1264 impunitatem
1474 1167 1675 1256 clericorum
1698 1174 1733 1238 et
1753 1187 1877 1238 mona-

465 1285 621 1376 chorum,
640 1287 818 1359 Venusina
832 1288 976 1360 ecclesia
990 1289 1099 1380 ¹gemit
1111 1289 1243 1362 obitum
1261 1289 1382 1383 prelati
1398 1288 1452 1360 sni
1469 1309 1490 1360 a
1508 1308 1572 1359 suo
1586 1287 1755 1359 monacho
1771 1288 1876 1360 intor-

466 1409 563 1498 iecti;
584 1418 619 1481 et
632 1409 667 1480 in
683 1409 829 1481 ecclesia
848 1399 1151 1484 Sancti'Vincentii
1170 1410 1361 1484 monachus
1377 1408 1583 1483 monachum
1604 1409 1788 1501 interiecit,
1814 1430 1878 1482 nec

464 1543 518 1604 est
536 1531 618 1605 inde
631 1533 748 1627 aliqua
761 1533 915 1606 vindicta
931 1534 1007 1607 eive
1022 1557 1113 1630 pena
1127 1535 1292 1608 canonica
1304 1535 1503 1608 subsecuta.
1515 1535 1697 1628 Propositio
1710 1533 1875 1605 Ecclesia:

466 1657 516 1726 De
537 1655 692 1728 ecclesiis
713 1656 860 1728 Domino
880 1659 1171 1753 consecratisque
1190 1658 1448 1754 prophanantnr
1468 1667 1503 1730 et
1526 1658 1765 1730 destruuntur.
1787 1655 1875 1728 Res-

460 1780 579 1872 ponsio
592 1781 780 1872 imperialis
792 1808 802 1851 :
814 1781 907 1852 Nihil
920 1781 1061 1853 omnino
1074 1783 1180 1854 scitur
1192 1782 1259 1854 nisi
1273 1783 1358 1855 forte
1373 1781 1507 1854 dicatur
1520 1780 1566 1854 de
1579 1782 1722 1854 ecclesia
1734 1781 1876 1853 Luceria

465 1924 535 1994 que
548 1911 686 1996 propter
701 1901 871 1976 diutinam
884 1913 1089 1977 uetustatem
1109 1927 1169 1999 per
1184 1927 1224 1977 ee
1243 1905 1370 1978 dicitnr
1384 1887 1569 1991 corruisse,
1589 1915 1623 1976 et
1641 1926 1747 1997 quam
1768 1905 1876 1998 impe·

465 2033 558 2096 rator
579 2024 708 2097 nedum
731 2024 827 2118 quod
851 2025 1041 2098 reedificari
1057 2023 1153 2125 [non]
1173 2029 1362 2122 permittat,
1384 2029 1454 2100 imo
1471 2037 1611 2123 paratus
1631 2037 1683 2098 est
1702 2026 1749 2098 ad
1768 2027 1876 2099 hono·

466 2170 537 2218 rem
553 2147 614 2219 Dei
633 2157 667 2220 et
681 2149 831 2220 Ecclesia
845 2148 891 2221 de
908 2171 972 2221 suo
988 2173 1049 2244 pro
1067 2151 1323 2225 reedificatione
1339 2151 1494 2244 ejusdem
1512 2151 1712 2245 episcopum
1726 2171 1877 2244 congrue

466 2271 510 2344 ad
510 2271 646 2361 juvare.
666 2272 845 2366 Proposite'o
857 2273 1000 2346 Ecclesie
1012 2274 1139 2359 :Quod
1158 2295 1228 2347 non
1244 2276 1408 2370 permittit
1423 2274 1575 2370 reparari
1590 2275 1756 2346 Soranam
1767 2273 1876 2346 eccle·

464 2395 565 2466 siam.
586 2397 763 2493 Responsio
780 2398 959 2490 irnperiolis
977 2425 987 2469 :
1007 2401 1170 2471 Soranm
1194 2399 1373 2472 ecclesiam
1393 2400 1500 2472 solam
1518 2397 1674 2471 edificari
1690 2398 1874 2492 permittit,

466 2517 528 2590 sed
542 2518 714 2592 civitatem
730 2539 816 2606 non,
836 2521 881 2593 ad
902 2522 1016 2594 minus
1035 2522 1159 2595 diebus
1174 2523 1265 2612 suis,
1282 2544 1352 2617 que
1365 2522 1499 2614 judicio
1514 2530 1565 2594 est
1585 2521 1772 2594 destructa.
1794 2525 1876 2592 Pro·

462 2644 579 2736 positio
595 2643 736 2714 Ecclesia
756 2671 766 2714 :
785 2643 887 2728 Quod
909 2653 1028 2719 contra
1053 2655 1203 2719 tenorem
1227 2647 1322 2741 pacis
1347 2647 1383 2718 hi
1410 2647 1472 2740 qui
1497 2645 1706 2720 adheserunt
1726 2646 1878 2720 Ecclesia

463 2775 617 2861 tempora
634 2768 837 2840 turbationis
863 2768 963 2842 bonis
986 2771 1147 2842 omnibus
1169 2771 1307 2866 spoliati
1334 2771 1479 2843 exulare
1502 2779 1684 2862 coguntur.
1704 2771 1878 2865 Responsio

464 2891 651 2986 imperiales
666 2889 901 2965 :Adherentes
914 2893 1054 2966 domino
1068 2915 1159 2989 pape
1178 2903 1332 2989 tempore
1352 2895 1555 2968 turbationis
1569 2904 1685 2967 contm
1699 2894 1879 2967 dominum

466 3017 703 3110 imperatorem
719 3018 888 3088 securein
908 3037 1015 3110 regno
1033 3027 1231 3107 morantur,
1252 3019 1319 3090 nisi
1336 3019 1422 3090 iorte
1447 3019 1508 3112 qui
1528 3018 1640 3090 officia
1660 3029 1695 3090 ct
1711 3018 1875 3110 jurisdic-
1963 3065 1964 3068 =
2098 3015 2099 3048 ¹

464 3141 574 3214 tiones
590 3152 838 3229 exercuerunt,
860 3149 953 3213 metu
969 3141 1121 3236 ponendi
1139 3143 1306 3214 rationem
1326 3143 1382 3214 vel
1399 3143 1508 3234 aliqui
1524 3165 1568 3215 ne
1586 3143 1699 3214 causis
1715 3143 1876 3214 civilibus

463 3267 520 3340 vel
539 3265 776 3338 criminalibus
802 3266 1072 3349 conveniantur,
1092 3279 1268 3339 morantur
1291 3277 1390 3340 extra
1407 3289 1572 3359 regnum3
1597 3266 1641 3338 de
1657 3266 1786 3359 quibus
1802 3263 1879 3338 vult

464 3389 626 3463 dominus
651 3389 834 3483 imperator
851 3388 947 3482 quod
972 3411 1091 3462 secure
1114 3391 1256 3463 redeant
1276 3391 1306 3462 ei
1329 3391 1395 3462 sibi
1417 3401 1451 3461 et
1467 3391 1544 3462 aliis
1564 3389 1874 3484 conquerentibus,

464 3533 533 3582 non
548 3521 661 3584 mmen
676 3510 721 3582 de
735 3533 777 3583 eo
787 3513 844 3582 vel
857 3514 932 3604 ejus
941 3513 1119 3584 occasione
1131 3513 1226 3606 quod
1239 3513 1390 3584 Ecclesie
1402 3512 1627 3602 adheserunt,
1644 3511 1751 3583 velint
1763 3511 1891 3594 iacere

463 3635 649 3726 rationem5
670 3634 733 3708 sed
750 3657 828 3707 cum
849 3635 894 3708 de
916 3636 1026 3708 forma
1049 3637 1146 3730 pacis
1171 3645 1355 3728 tractatur,
1380 3635 1577 3708 recordatur
1600 3633 1695 3728 qnod
1716 3631 1877 3705 dominus

465 3781 555 3854 papa
570 3769 687 3831 contra
705 3781 780 3831 eam
799 3770 834 3830 et
852 3769 968 3831 contra
984 3760 1180 3854 opinionem
1199 3761 1269 3832 iere
1287 3758 1441 3832 omnium
1461 3761 1622 3846 fratrum,
1642 3757 1772 3830 detinet
1789 3757 1877 3828 civi·

463 3891 568 3953 tatem
592 3881 749 3954 Castelle.
771 3884 835 3954 Pro
859 3906 928 3976 qua
950 3883 1135 3956 detinenda
1159 3884 1194 3954 in
1216 3883 1446 3978 prejudicium
1465 3883 1599 3977 imperii
1627 3882 1755 3974 recepit
1771 3889 1877 3974 pecu-

463 4005 576 4092 niam,
601 4006 769 4078 existente
791 4006 931 4078 domino
953 4007 1156 4100 imperatore
1174 4029 1236 4100 pro
1253 4007 1393 4080 servitio
1415 4007 1491 4098 ejus
1509 4015 1626 4076 contra
1652 4006 1821 4076 Romanoa
1842 4014 1879 4076 et

462 4128 684 4225 expendente
710 4129 856 4223 proinde
877 4131 965 4202 ultra
989 4141 1130 4202 centum
1153 4131 1261 4202 millia
1280 4153 1471 4203 marcarum
1496 4129 1650 4222 argenti3
1675 4127 1763 4200 adeo
1779 4127 1877 4221 quod

461 4275 628 4348 magnum
649 4252 870 4325 commodum
896 4254 978 4326 inde
1004 4233 1056 4326 est
1078 4253 1229 4324 Ecclesia
1248 4263 1428 4326 consecuta
1455 4262 1524 4324 tam
1542 4252 1587 4324 de
1608 4262 1697 4324 terra
1713 4248 1876 4322 Romanis

463 4377 577 4450 ablata
594 4385 630 4448 et
648 4377 716 4449 sibi
732 4378 886 4450 restituta
902 4401 1006 4471 quam
1024 4377 1068 4450 de
1084 4377 1240 4448 libertate
1259 4376 1490 4450 ecclesiastica
1508 4375 1693 4460 reformata
1708 4375 1744 4444 in
1762 4373 1872 4462 Urbe,

461 4501 641 4572 occasione
658 4501 789 4572 servitii
806 4501 1005 4595 supradicti.
1026 4501 1207 4594 Propositio
1226 4501 1395 4571 Ecclesie:
1416 4501 1466 4572 De
1486 4509 1609 4596 nepote
1626 4499 1718 4592 regis
1740 4495 1875 4569 Tunicii

461 4645 565 4717 qnam
584 4645 653 4696 non
673 4601 828 4720 permisit
847 4623 964 4696 venire
982 4623 1027 4695 ad
1050 4624 1270 4719 apostolicam
1292 4623 1410 4696 eedem
1433 4623 1479 4696 ad
1505 4621 1764 4718 suscipiendum
1788 4621 1875 4715 bap·
