4262 5910
245 654 342 713 laurea.
367 648 426 732 la]
691 649 887 711 HISTORIA
914 649 1205 711 lllPLOllll'l'lCll.
1588 647 1649 709 609

293 786 429 858 Similes
447 784 627 856 Thomasio
646 784 691 857 de
707 785 924 878 Montenigro
936 785 1121 876 justitiario
1142 783 1355 878 Principatus
1376 791 1410 855 et
1429 791 1517 855 terre
1540 784 1651 854 Benc-

246 920 408 983 ventane.
610 993 614 1006 Ι

283 1032 429 1126 ΙΕἰιηίΙθε
442 1031 608 1105 Riccardo
626 1032 670 1104 de
690 1033 936 1106 Montelusculo
949 1031 1132 1123 justitiario
1145 1030 1345 1124 Capitiuata.

295 1154 429 1225 Similes
444 1154 608 1226 Landollo
624 1154 670 1227 de
689 1155 818 1227 Franco
830 1154 1012 1246 justitiario
1031 1163 1119 1226 terre
1133 1153 1230 1243 Bari,
1248 1153 1335 1226 lacta
1351 1155 1387 1224 in
1411 1153 1461 1224 eis
1480 1155 1652 1228 mentione

248 1278 293 1352 de
309 1276 458 1348 civibus.

297 1399 433 1470 Similes
454 1397 592 1472 Andros
609 1400 654 1471 de
671 1399 855 1492 Aquaviva
867 1397 1051 1490 justitiario
1066 1409 1153 1470 terre
1168 1396 1314 1486 Idrouti,
1335 1399 1423 1469 lacta
1435 1397 1471 1468 in
1492 1398 1542 1470 eis
1557 1419 1652 1470 men·

249 1523 340 1594 tione
353 1522 397 1594 dc
414 1522 563 1593 civibus.

299 1645 432 1715 Similes
448 1645 629 1718 Thomasio
649 1645 718 1718 lilio
737 1647 905 1719 Osmundi
922 1643 1104 1738 justitiario
1117 1642 1313 1731 Basilicam,
1336 1643 1425 1714 lacta
1444 1645 1480 1715 in
1493 1645 1542 1716 eis
1558 1665 1655 1718 men·

251 1767 343 1840 tione
360 1768 405 1840 de
421 1767 571 1840 civibus.

302 1891 436 1962 Similes
459 1891 643 1962 Tholomeo
669 1891 715 1962 de
740 1891 943 1964 Castellione
960 1891 1144 1982 justitiario
1165 1889 1264 1962 vallis
1283 1889 1393 1961 Gratis
1411 1899 1446 1962 et
1467 1899 1555 1962 terra
1575 1892 1657 1964 Jor-

252 2010 354 2084 dane.

301 2131 437 2201 Similes
454 2127 604 2201 Gollrido
619 2129 664 2201 de
683 2131 933 2202 Montslusculo
947 2131 1131 2220 justitiario
1147 2129 1316 2201 Calabria.
1336 2135 1343 2150 '

302 2253 435 2324 Similes
449 2252 626 2324 Guillelmo
639 2251 683 2322 de
697 2251 854 2345 Anglona
868 2251 1052 2342 justitiario
1065 2252 1178 2324 Sicilie
1189 2253 1272 2324 citra
1291 2251 1419 2324 llumen
1435 2251 1581 2324 Salsum.

302 2379 349 2446 Dc
364 2376 473 2446 eodem
488 2374 647 2445 mundato
664 2379 793 2468 scripsit
811 2379 1012 2448 Laurentius
1027 2404 1037 2446 :

302 2497 516 2588 Fredericus‚
532 2509 615 2588 ete,
636 2499 676 2570 ll.
695 2497 739 2571 de
755 2498 970 2590 lllontenigro
984 2498 1170 2591 justitiario
1187 2499 1288 2585 Terre
1305 2497 1458 2588 Laboris,
1479 2509 1545 2571 etc.
1567 2501 1661 2571 lllan·

256 2620 379 2693 damus
396 2621 458 2692 tibi
476 2631 647 2716 quatenus
664 2643 784 2694 omnes
802 2622 959 2717 captivos
974 2643 1061 2714 quos
1079 2622 1120 2692 ll.
1138 2619 1183 2692 de
1201 2621 1662 2713 lllontelusculojustitiarius

256 2744 445 2840 Capitiuata
462 2743 574 2817 fidelis
588 2753 701 2816 noster
720 2745 781 2816 tibi
797 2745 1025 2838 assignaverit
1042 2744 1198 2838 recipias,
1214 2765 1303 2838 quos
1316 2745 1467 2816 continet
1485 2744 1608 2817 cedula
1625 2747 1661 2816 in

257 2863 334 2934 aliis
347 2863 408 2933 tibi
425 2863 537 2934 missis
555 2863 756 2934 excellentie
774 2871 889 2934 nostre
902 2863 1028 2934 licteris
1043 2862 1238 2948 interclusa,
1252 2883 1315 2956 per
1330 2863 1405 2934 loca
1417 2863 1663 2952 jurisdictionis

256 2989 316 3052 tue
332 2980 542 3052 distribuens
555 2987 657 3074 prout
669 2980 704 3050 in
719 2979 840 3051 eadem
858 2981 981 3053 cedula
993 2981 1201 3069 continetur3
1217 2979 1368 3072 reliquos
1384 3001 1469 3052 vero
1479 2981 1663 3070 justitiario

257 3102 391 3197 Aprutii
414 3104 519 3174 lacias
541 3103 706 3196 assignari
723 3111 762 3172 ut
788 3112 822 3174 et
846 3103 920 3196 ipse
941 3124 1003 3197 per
1021 3103 1292 3193 jurisdictionem
1313 3123 1411 3174 suam
1431 3125 1491 3176 eos
1510 3101 1660 3192 dividat,

258 3235 360 3321 prout
391 3225 634 3297 mandavimus
659 3223 771 3297 eidem
798 3247 859 3320 per
884 3227 1018 3298 licteras
1047 3227 1231 3322 speciales3
1259 3225 1358 3298 dictis
1388 3226 1491 3299 etiam
1518 3227 1665 3323 captivis

262 3347 373 3422 donec
387 3350 422 3419 in
439 3349 599 3420 manibus
621 3349 689 3420 tuis
704 3349 850 3436 luerint,
867 3350 984 3420 cibum
999 3349 1167 3422 exhibeas
1182 3359 1443 3446 competentem.

309 3473 431 3543 Datum
449 3470 543 3565 apud
558 3471 671 3560 Pisas,
689 3472 783 3542 XXV
801 3469 1010 3561 decembris,
1032 3473 1110 3543 Xlll
1123 3472 1332 3546 indictionis.

309 3593 443 3665 Similes
463 3594 644 3665 Tbomasio
670 3593 714 3665 de
734 3593 949 3687 lllontenigro
967 3596 1152 3686 justitiario
1174 3595 1389 3689 Principatus
1412 3616 1474 3690 pro
1492 3595 1558 3668 biis
1577 3615 1666 3690 quos

265 3719 338 3812 ipse
355 3715 489 3788 dividet
503 3724 537 3788 et
548 3735 637 3809 quos
655 3715 844 3808 assignabit
859 3716 1041 3807 justitiario
1059 3717 1158 3789 vallis
1173 3717 1298 3788 Gratis.
1431 3731 1433 3734 ’

308 3838 443 3911 Similes
456 3839 630 3911 Ptolomeo
653 3838 698 3910 dc
715 3837 917 3910 Castellione
935 3839 1119 3930 justitiario
1135 3839 1234 3913 vallis
1248 3837 1359 3911 Gratis
1374 3860 1437 3934 pro
1459 3839 1586 3914 suiset
1606 3861 1668 3935 pro

261 3961 327 4034 biis
337 3984 425 4055 quos
436 3961 625 4056 assignabit
635 3961 819 4054 justitiario
833 3961 999 4033 Calabria.
1623 4051 1624 4054 j

309 4085 444 4157 Similes
468 4083 620 4156 Goffrido
646 4083 691 4156 de
716 4083 968 4154 lllontelusculo
989 4083 1174 4176 justitiario
1195 4083 1349 4157 Calabris
1374 4107 1436 4180 pro
1461 4085 1590 4158 suiset
1618 4069 1669 4160 eis

261 4227 349 4298 quos
366 4207 556 4297 assignabit
570 4205 756 4296 justitiario
772 4207 808 4276 in
828 4205 941 4278 Sicilia
963 4205 1046 4278 citra
1066 4205 1193 4280 flumen
1213 4209 1348 4280 Salsum
1371 4208 1412 4279 G.
1432 4207 1477 4280 de
1493 4206 1665 4302 Anglone.

311 4330 395 4401 ltem
417 4329 552 4424 scripsit
567 4328 748 4401 Thomasio
769 4327 840 4400 filio
858 4328 1027 4400 Osmundi
1049 4339 1089 4398 nt
1104 4329 1259 4424 captivos
1274 4352 1362 4423 quos
1383 4331 1533 4403 continet
1547 4331 1670 4406 cadula

263 4453 446 4525 interclusa
464 4453 499 4522 in
520 4453 596 4523 allis
614 4453 742 4524 lictoris
760 4453 871 4523 missis
894 4452 945 4538 ei,
967 4473 1025 4544 per
1045 4453 1129 4524 sesi
1150 4474 1288 4546 presens
1301 4474 1378 4525 esse
1398 4454 1522 4548 poterit
1538 4457 1593 4527 vel
1608 4477 1670 4550 per

263 4574 382 4648 fideles
396 4584 431 4648 ot
446 4596 584 4647 securos
601 4575 741 4646 nuntios
756 4596 777 4645 a
793 4575 833 4646 R.
851 4573 896 4646 dc
914 4574 1165 4646 Montclusculc
1177 4577 1381 4668 justitiario,
1403 4587 1486 4670 ate,
1505 4579 1667 4674 recipiat,

264 4719 392 4792 eosque
406 4697 589 4772 distribuat
602 4707 703 4792 prout
722 4699 757 4768 in
775 4695 897 4770 eadem
915 4697 1038 4770 cedula
1057 4699 1261 4771 continetur.

342 4819 381 4880 V.
1475 4834 1509 4885 77
