4278 5920
426 519 469 584 ss
925 521 1140 585 raronnrcr
1164 521 1340 581 secutor
1650 511 1729 594 [sn
1745 510 1829 573 laer.

427 652 525 736 fusci
542 662 581 735 et
597 652 809 764 Susiganae
825 658 1046 763 restituant,
1069 656 1176 738 seluo
1193 655 1300 764 qnod
1321 676 1526 736 commune
1547 645 1753 756 Csmegiani
1772 643 1831 727 rel

426 785 552 896 quiuis
582 784 681 868 alins
706 788 827 896 possit
848 788 1009 874 ulterius
1031 815 1146 898 super
1167 785 1349 897 predictis
1373 784 1476 868 vittis
1506 807 1617 865 suam
1637 780 1831 863 ostendere

425 916 627 1001 rationem.

506 1159 602 1238 (Edit.
617 1175 668 1237 ep.
688 1159 796 1236 Vmor,
816 1161 898 1224 sor.
918 1159 996 1223 dello
1012 1178 1112 1224 m
1132 1161 1257 1243 Tririp„
1277 1168 1303 1222 t.
1327 1160 1375 1239 11,
1388 1159 1508 1220 docum.
1527 1165 1561 1218 n·
1582 1165 1633 1228 st,
1655 1171 1695 1216 cx
1715 1153 1832 1214 archivo

542 1265 677 1346 megi.)

472 1481 510 1554 In
529 1483 669 1556 nomine
686 1483 822 1557 Domini
838 1484 901 1558 Dei
923 1485 1053 1574 sterni,
1071 1505 1164 1556 anno
1186 1481 1344 1576 ejusdem
1361 1480 1552 1553 nativitatis
1570 1477 1749 1551 millesimo
1767 1473 1834 1548 dn-

422 1605 609 1678 centesimo
632 1609 808 1700 trigesimo
829 1607 998 1701 septimo,
1026 1605 1216 1679 indictione
1239 1605 1289 1694 X,
1315 1605 1374 1678 die
1397 1605 1430 1676 X
1451 1604 1600 1674 intrante
1620 1599 1739 1692 junio,
1766 1597 1834 1670 do-

421 1728 537 1801 minns
559 1727 740 1826 Ciprianus
757 1729 804 1804 de
819 1730 934 1802 Thert.
955 1729 971 1826 (
993 1729 1119 1825 ')(t)‚
1133 1729 1246 1822 judex
1269 1728 1460 1824 imperialis
1484 1728 1584 1816 aule,
1610 1723 1742 1797 domini
1768 1723 1832 1816 Sy·

420 1851 534 1924 monis
558 1853 693 1925 comitis
717 1853 875 1924 Theatini
903 1854 992 1925 sacri
1022 1853 1157 1948 imperii
1186 1852 1289 1947 legati
1315 1849 1435 1925 Padne
1460 1849 1635 1944 potestatis
1660 1843 1830 1932 vicarius,

420 1972 495 2044 ioco
512 1981 547 2044 et
561 1973 639 2046 vice
661 1974 772 2069 ipsius
792 1973 925 2046 domini
947 1975 1128 2070 symonis,
1147 1975 1302 2071 precepit
1324 1974 1465 2047 domino
1482 1971 1656 2043 Folchem'o
1677 1966 1833 2066 potestati

419 2093 606 2187 coneglani
623 2118 687 2192 pro
703 2095 844 2170 domino
860 2098 1080 2194 imperatore,
1097 2099 1146 2169 ibi
1165 2099 1331 2194 presenti,
1352 2107 1388 2169 et
1399 2093 1683 2168 ambaxatoribus
1699 2093 1833 2164 illorum

419 2219 465 2294 de
486 2219 683 2313 Concgtano
711 2221 773 2316 qni
798 2243 917 2294 mum
947 2221 997 2294 ibi
1023 2221 1169 2296 aderant
1194 2243 1257 2317 pro
1286 2221 1426 2294 oomnni
1453 2219 1656 2312 Conegtani‚
1683 2215 1720 2287 in
1744 2235 1833 2310 pena

419 2349 558 2414 centnm
577 2341 794 2415 marcharum
811 2345 960 2438 argenti,
978 2345 1075 2440 qnod
1097 2345 1228 2418 bestias
1244 2345 1321 2416 illas
1338 2353 1374 2415 et
1395 2343 1488 2416 hono
1510 2341 1586 2414 sive
1604 2361 1659 2412 res
1679 2358 1749 2432 qna
1774 2355 1832 2407 uc·

419 2471 519 2558 cepte
549 2465 689 2536 tucrum
712 2487 775 2560 per
800 2465 980 2540 dominnm
1007 2477 1208 2562 potestatem
1232 2477 1268 2541 et
1291 2467 1449 2540 homines
1469 2463 1656 2558 coneglani
1681 2460 1727 2533 de
1752 2457 1833 2530 villa

418 2584 566 2658 eotmsci
584 2595 620 2659 et
635 2587 805 2680 Sosiganc
817 2590 1043 2663 restituantur
1056 2613 1168 2686 usqne
1182 2590 1229 2664 ad
1247 2591 1340 2664 diem
1361 2589 1496 2662 sabbati
1511 2587 1668 2683 proxime
1685 2587 1833 2655 futuram

420 2711 487 2782 illis
513 2711 643 2805 qnibns
662 2713 802 2784 inerunt
822 2725 981 2809 accepte3
1007 2725 1043 2788 ct
1063 2716 1159 2811 qnod
1182 2717 1312 2788 nullam
1335 2714 1480 2810 predam
1506 2714 1562 2785 rel
1587 2711 1751 2782 insultum
1774 2716 1833 2779 aut

419 2834 570 2928 aliquam
591 2835 784 2907 molestiam
801 2838 858 2910 vel
881 2839 1007 2910 somam
1026 2841 1081 2912 vel
1108 2838 1241 2934 aliquid
1265 2841 1347 2912 novi
1370 2847 1489 2911 contra
1515 2837 1626 2910 dictas
1653 2843 1759 2906 terras
1782 2831 1833 2901 ia·

419 2956 511 3028 ciam
530 2958 566 3027 in
583 2957 676 3030 dicta
700 2981 806 3052 pene,
828 2983 940 3055 usque
965 2963 1012 3034 ad
1034 2963 1224 3036 adventum
1246 2963 1356 3058 ipsius
1372 2960 1504 3033 domini
1523 2957 1672 3054 Cipriani
1694 2955 1751 3029 vel
1772 2953 1834 3026 do·

419 3078 504 3150 mini
529 3079 658 3152 Ecetini
681 3083 874 3154 Tarvisium
896 3087 953 3157 vel
977 3086 1233 3180 Coneglanom,
1256 3087 1354 3158 salvo
1378 3087 1457 3176 jore
1483 3083 1656 3170 omninm;
1680 3089 1715 3152 et
1738 3075 1833 3171 quod

418 3220 487 3272 non
520 3199 581 3273 fiat
608 3205 839 3298 prejudicium
865 3209 1038 3280 communi
1067 3209 1251 3303 Coneglani
1278 3210 1333 3282 vel
1363 3208 1467 3280 alieni
1493 3207 1555 3301 qni
1584 3201 1741 3277 ostendet
1767 3199 1834 3273 eli-

420 3323 562 3416 quendo
580 3325 677 3419 quod
693 3327 828 3422 aliquid
846 3331 905 3422 jos
926 3331 1052 3403 habeat
1077 3333 1114 3403 in
1137 3331 1240 3406 dictis
1257 3331 1368 3422 villis3
1395 3340 1431 3402 et
1453 3351 1495 3402 eo
1513 3329 1610 3400 salvo
1627 3323 1724 3421 quod
1749 3343 1834 3417 que·

419 3466 571 3540 cumque
589 3448 733 3521 istarum
756 3451 903 3524 duarum
921 3455 1070 3548 partium
1094 3455 1193 3550 sequi
1209 3455 1401 3527 Tarvisium
1424 3453 1480 3526 rel
1507 3451 1742 3543 Coneglannm
1764 3466 1834 3519 ro·

420 3568 543 3662 luerit,
562 3570 671 3664 possit
692 3573 836 3646 ulterius
854 3575 1137 3672 quandocunque
1159 3578 1308 3651 voluerit
1324 3598 1428 3672 snper
1451 3575 1612 3671 predictis
1629 3572 1718 3644 vittis
1735 3589 1833 3641 snam

420 3690 602 3764 ostendere
618 3694 784 3768 rationem
807 3720 921 3771 coram
949 3700 1090 3773 domino
1115 3701 1274 3797 Cipriano
1299 3703 1356 3774 vel
1382 3722 1498 3773 eoram
1521 3698 1662 3771 domino
1683 3697 1834 3790 Symone

420 3823 587 3910 potestate
612 3817 779 3910 predicto.
811 3821 935 3894 Actum
962 3827 998 3894 in
1021 3825 1092 3896 sala
1114 3825 1239 3898 domus
1264 3825 1454 3922 potestatis.
1475 3825 1591 3895 Testes
1609 3819 1834 3893 interfuerunt

421 3935 584 4010 dominus
604 3941 770 4035 Ugolinus
790 3945 964 4037 Prioorus‚
981 3957 1016 4018 et
1031 3948 1193 4020 dominns
1213 3951 1287 4042 Ugo
1305 3947 1351 4020 de
1368 3951 1483 4020 Arena
1497 3945 1654 4039 judices,
1673 3939 1834 4016 dominns

420 4057 604 4134 Federicus
617 4059 663 4136 de
675 4063 859 4158 Porciltiis,
876 4077 911 4141 et
926 4067 1089 4143 dominus
1110 4071 1232 4144 Wecili
1250 4071 1295 4145 de
1312 4071 1424 4163 Porta,
1440 4079 1475 4144 et
1490 4068 1563 4141 alii.

851 4285 1108 4298 ---.-.............
1118 4289 1146 4298 ,,

459 4406 495 4482 (⁴)
513 4409 699 4472 Vefissimffiier
715 4413 857 4490 legendum
873 4417 905 4478 do
920 4419 1025 4482 ttmro.
1038 4423 1189 4498 Cyprianus
1207 4423 1258 4483 iste
1269 4421 1352 4497 judex
1365 4421 1436 4480 idem
1452 4425 1494 4480 cet
1505 4420 1583 4493 cujus
1595 4415 1759 4476 mentionem
1771 4410 1833 4476 istit

423 4503 558 4662 60me
568 4509 710 4574 samnius
720 4513 754 4570 ad
767 4529 887 4574 mensem
901 4527 1043 4591 augustum
1056 4523 1136 4580 4236.
1151 4520 1192 4578 ct.
1207 4521 1366 4592 Momrom,
1379 4519 1514 4594 scriptor.
1527 4533 1581 4575 rer.
1600 4513 1709 4582 Italic..
1725 4515 1748 4567 t.
1761 4507 1830 4578 vlit,

422 4617 452 4676 p.
503 4644 511 4660 .
