4228 5892
187 595 287 658 aare.
308 595 365 680 ra]
633 595 832 657 nrsrourn
857 596 1149 660 nrruonnrrcr.

421 835 1379 851 m—-m--n———o———u-

244 1093 478 1199 Friderious,
503 1092 765 1178 Romanorum
795 1093 1019 1202 imperator,
1050 1094 1100 1175 ad
1125 1091 1439 1203 supplicationem
1464 1093 1603 1178 Gualdi
1637 1098 1801 1206 „mm

189 1226 366 1334 magistri
391 1226 530 1310 nomes
552 1225 752 1334 sospena
778 1225 905 1309 sance
930 1224 1122 1336 retgas
1146 1226 1186 1306 tn
1206 1226 1388 1334 Alpibus,
1415 1226 1488 1307 tna
1513 1226 1601 1335 prr-
1656 1204 1782 1312 ”tatu

190 1357 330 1468 vilegia
358 1358 408 1442 ab
438 1357 600 1441 Henrico
628 1359 888 1441 Romanorum
919 1382 1009 1466 rege
1036 1367 1144 1466 petre
1175 1383 1245 1440 suo
1274 1357 1397 1441 eidem
1424 1357 1603 1466 hospitali

190 1489 341 1573 indulta
370 1501 527 1573 renovat
556 1501 594 1573 et
628 1489 829 1572 inserendo
856 1488 1077 1594 confirmat,
1112 1489 1311 1598 vanasque
1342 1490 1603 1572 concessiones

191 1621 334 1704 ibidem
352 1647 548 1730 expressas
565 1622 613 1704 de
629 1621 783 1730 propria
801 1619 924 1728 gratia
942 1621 1174 1728 superaddit.

276 1820 436 1902 (tumturn
446 1821 567 1884 archivo
575 1821 701 1882 ducatus
709 1822 860 1894 Lucensis,
871 1819 919 1880 lib.
931 1819 972 1898 lt,
983 1829 1016 1880 n⁰
1026 1829 1101 1898 o·2⁰‚
1112 1836 1186 1880 arm.
1200 1829 1230 1895 a,
1246 1837 1284 1880 ox
1296 1822 1380 1899 copta
1390 1837 1521 1902 pergam.
1532 1828 1604 1886 annt

313 1927 355 1988 M.
366 1925 447 1989 CCC.
459 1927 599 2006 XXXVI,
615 1927 667 1988 sed
680 1929 779 1988 minus
790 1932 918 1988 correcte
931 1925 1097 2003 exemplata
1110 1931 1140 1986 et
1151 1925 1307 2002 paululum
1319 1932 1466 1988 vetustate
1481 1929 1601 2008 deleta.)

243 2102 282 2172 ln
307 2099 447 2172 nomine
471 2110 644 2173 sanotaet
665 2099 846 2172 individue
867 2099 1052 2171 Trinitatis.
1074 2098 1266 2172 Fridericns
1288 2101 1462 2174 secundus
1486 2102 1606 2177 divina

195 2227 335 2297 favente
356 2223 537 2298 clementia
553 2225 783 2298 Romanorum
802 2225 987 2319 imperator
1006 2245 1143 2319 semper
1160 2233 1348 2319 augustus,
1369 2211 1557 2299 Jerusalem
1573 2238 1607 2299 et

195 2347 310 2422 Sicilie
343 2369 419 2420 rex.
453 2348 659 2444 Imperialis'
674 2348 878 2422 excellentia
906 2357 990 2420 tunc
1024 2348 1186 2444 precipue
1220 2348 1275 2420 sni
1310 2349 1461 2422 nominis
1490 2351 1607 2426 titulos

196 2471 352 2566 ampliat,
363 2469 559 2543 tuncofficii
571 2471 627 2542 sui
642 2469 798 2544 debitum
812 2470 1017 2544 reddituum
1034 2471 1150 2544 fenore
1162 2474 1232 2544 Deo
1242 2471 1337 2560 vivo,
1354 2493 1434 2544 cnm
1446 2473 1521 2546 loca
1534 2477 1606 2548 Deo

196 2594 311 2669 dicata
323 2603 357 2668 et
373 2615 535 2689 personas
550 2593 798 2666 ecclesiasticas
813 2594 872 2688 pio
890 2595 1007 2666 favore
1023 2603 1137 2667 tuetur
1154 2603 1187 2666 et
1202 2595 1315 2685 justas
1330 2616 1450 2668 eorum
1467 2597 1607 2671 lavora-

196 2719 311 2792 biliter
324 2717 505 2813 petitiones
515 2716 672 2790 exaudit.
683 2717 735 2790 Ea
749 2726 887 2813 propter
899 2726 1018 2790 notum
1030 2715 1104 2789 fieri
1116 2719 1277 2790 volumus
1287 2717 1461 2790 universis
1472 2719 1608 2814 imperii

197 2840 362 2914 fidelibus
378 2849 447 2911 tarn
461 2839 677 2934 presentibus
690 2861 796 2936 qnam
813 2839 936 2912 tuturis
950 2837 1046 2932 quod
1058 2839 1213 2912 Gualdns
1226 2839 1434 2912 venerabilis
1447 2842 1609 2935 magister

199 2963 325 3038 domus
339 2963 516 3058 hospitalis
529 2963 638 3035 sancti
650 2963 823 3057 Peregrini
838 2962 873 3034 in
886 2961 1047 3056 Alpibus,
1064 2960 1176 3035 fidelis
1191 2971 1317 3052 noster,
1330 2961 1480 3056 quedam
1496 2965 1609 3058 privi-

189 3088 291 3181 legia
309 3087 383 3162 divi
405 3087 542 3182 augusti
559 3087 697 3160 llenrici
719 3087 822 3182 patris
842 3087 950 3160 nostri
966 3085 1148 3159 recolende
1165 3087 1329 3158 memorie
1344 3085 1479 3159 dudum
1495 3087 1609 3159 eidem

200 3211 360 3308 hospitali
372 3212 567 3284 *clementer
587 3209 721 3284 indulta
743 3220 859 3284 nostro
877 3211 1018 3282 culmini
1035 3210 1257 3305 presentavit,
1277 3209 1453 3283 humiliter
1474 3213 1608 3306 snppli-

201 3355 283 3407 cons
299 3344 334 3407 et
352 3332 478 3407 devote
492 3343 532 3405 ut
547 3334 606 3406 illa
624 3334 838 3407 innovareet
852 3334 1052 3429 omniaque
1066 3334 1331 3406 continenturin
1346 3335 1395 3406 eis
1409 3333 1611 3408 confirmare

202 3455 246 3530 de
266 3465 383 3529 nostra
400 3457 512 3551 gratia
530 3457 769 3552 dignaremur;
791 3479 938 3552 quorum
962 3457 1063 3553 primi
1078 3466 1175 3529 tenor
1192 3457 1269 3529 talis
1291 3467 1364 3530 est:

249 3579 418 3653 Henricus
439 3591 561 3654 sextus
580 3582 699 3656 divina
724 3585 862 3654 favente
883 3580 1063 3654 clementia
1085 3581 1315 3653 Romanorum
1335 3602 1400 3653 rex
1421 3590 1455 3654 et
1476 3603 1614 3676 semper

193 3714 383 3798 *angustus
409 3702 516 3799 Apud
541 3705 667 3799 Regem
696 3726 816 3799 regum
840 3703 888 3778 ad
912 3705 1019 3776 eterni
1045 3703 1141 3796 regni
1172 3703 1329 3775 meritum
1357 3711 1392 3775 et
1416 3705 1613 3798 temporalis

203 3826 337 3921 imperii
361 3829 611 3922 prosperiorem
634 3828 819 3902 decursum
844 3829 943 3900 nobis
965 3827 1201 3901 indubitanter
1220 3825 1386 3921 prolicere
1405 3825 1613 3902 confidimus

205 3946 234 4018 si
257 3948 332 4022 looa
357 3960 473 4025 nostre
497 3952 709 4026 venerabilia
734 3973 776 4024 ac
792 3954 865 4026 Deo
889 3951 1004 4025 dicata
1029 3951 1180 4045 benigno
1205 3952 1322 4024 lavore
1348 3951 1553 4047 respicimus
1580 3962 1615 4024 et

194 4091 324 4144 ⁴eorum
342 4077 575 4168 possessiones
592 4076 637 4150 de
652 4086 767 4151 nostre
783 4077 949 4172 largitatis
964 4075 1200 4148 munificentia
1214 4073 1416 4148 studeamus
1433 4075 1611 4172 ampliare.

196 4192 422 4290 'Quapropter
439 4203 559 4272 ndtum
578 4200 723 4273 lecimus
744 4201 916 4274 universis
932 4199 1066 4294 imperii
1081 4195 1253 4290 fidelibus,
1271 4206 1341 4270 tam
1359 4199 1521 4273 videlieet
1539 4221 1616 4294 pre·

195 4317 362 4391 ‘sentibus
386 4343 492 4414 qnam
516 4324 657 4418 tuturis,
678 4324 775 4420 qnod
801 4346 864 4397 nos
886 4323 1010 4394 intuitu
1032 4321 1112 4413 Dei,
1135 4343 1198 4416 pro
1226 4321 1378 4394 remedio
1399 4332 1616 4418 peccatorum

210 4449 400 4514 nostrornm
430 4451 465 4516 et
493 4467 556 4540 pro
587 4447 696 4520 salute
728 4448 841 4520 anime
867 4454 999 4537 nostre,
1030 4443 1190 4540 hospitali
1221 4444 1330 4516 sancti
1361 4445 1542 4538 Pellegrini
1572 4445 1617 4518 de

211 4559 352 4658 Alpibus
366 4568 730 4666 cunctisqnepersonis
742 4571 778 4642 in
790 4569 911 4643 eodem
927 4568 1087 4665 hospitali
1100 4567 1219 4640 divino
1230 4568 1398 4662 obsequio
1413 4569 1618 4664 mancipatis

214 4693 270 4758 ent
283 4687 319 4759 in
336 4699 512 4785 posterum
527 4693 765 4790 mancipandis
778 4692 999 4767 concedimus
1013 4692 1197 4767 duodecim
1209 4693 1331 4786 jugera
1348 4702 1436 4764 terre
1452 4703 1567 4766 nostre
1579 4693 1615 4765 in

287 4809 326 4872 tt.
1420 4823 1458 4877 te
