4262 5910
251 769 349 829 lnior.
367 765 426 849 lb]
702 763 899 825 ltlsroltte
923 762 1218 826 nlrtotttulte
1593 762 1649 828 641

251 911 367 976 nostro
380 901 475 974 idern
489 897 682 995 prepositus
695 921 758 993 per
774 908 808 972 te
831 900 965 972 muniat
978 908 1090 972 eastra
1111 905 1224 970 nostra
1242 919 1312 991 que
1329 907 1485 970 tenemus
1501 897 1537 968 in
1552 897 1653 970 terri-

251 1021 598 1098 torioPoutistremnli
614 1031 648 1093 et
658 1031 747 1094 terra
756 1023 936 1095 Luuesane
949 1023 985 1094 in
999 1021 1160 1094 manibus
1171 1019 1296 1092 nostris
1307 1041 1369 1114 pro
1381 1039 1445 1091 sex
1456 1019 1651 1102 mensibus;
1771 1097 1773 1102 ,

251 1148 428 1221 residuum
449 1167 533 1219 vero
555 1144 687 1218 vendet
708 1145 837 1219 ibidem
869 1155 972 1242 prout
1000 1146 1122 1218 melius
1140 1144 1261 1239 poterit
1284 1142 1329 1216 ad
1352 1143 1531 1216 utilitatem
1558 1144 1654 1218 curie

251 1279 384 1357 nostre,
407 1279 442 1342 et
459 1268 503 1341 de
520 1269 668 1364 pecunie
682 1289 788 1362 quern
805 1268 850 1342 de
869 1269 946 1365 ipso
967 1270 1137 1341 frumento
1155 1266 1320 1362 percipiet
1339 1265 1501 1340 solidabit
1515 1265 1565 1338 CC
1580 1287 1653 1340 ser·

253 1393 386 1465 vientes
410 1412 472 1487 pro
490 1391 630 1464 duobus
648 1392 842 1484 mensibus,
863 1391 909 1465 ed
932 1391 1096 1464 rationem
1117 1389 1161 1462 de
1183 1397 1331 1484 quatuor
1350 1387 1478 1465 tarenis
1501 1389 1577 1466 auri
1594 1409 1655 1483 pet

254 1537 407 1588 mensem
426 1515 567 1587 cuilibet
588 1511 807 1606 eorumdem,
825 1525 860 1588 et
874 1537 962 1609 qnos
977 1514 1023 1588 de
1042 1515 1145 1586 Terre
1163 1512 1306 1585 Laboris
1326 1509 1445 1584 fidelos
1463 1520 1499 1584 et
1514 1511 1656 1588 idoneos

256 1660 316 1733 per
334 1648 467 1711 nostras
482 1638 617 1710 licterus
632 1659 836 1729 evocamus,
853 1660 943 1732 ques
958 1658 1063 1733 super
1079 1636 1145 1708 boo
1163 1635 1207 1708 ad
1225 1637 1265 1706 ll.
1289 1635 1334 1708 de
1355 1635 1570 1727 Montenigro
1582 1635 1657 1728 itte

257 1761 419 1833 titiarium
441 1763 543 1832 Terre
564 1761 705 1834 Laboris
732 1761 868 1834 fidelem
897 1771 1054 1834 nostrum
1075 1759 1360 1848 transmiotimus;
1385 1759 1446 1852 qui
1472 1759 1659 1834 servientes

258 1885 397 1957 venient
416 1907 495 1957 cum
518 1885 647 1956 eisdem
668 1885 775 1978 galeis
794 1885 944 1974 Pisanis,
963 1905 1130 1978 quocum
1148 1890 1265 1954 nostro
1288 1883 1460 1956 frumento
1483 1881 1657 1960 redibunt.

256 2008 306 2079 Tu
334 2029 418 2080 vero
442 2029 547 2102 super
568 2007 636 2102 bys
660 2007 750 2080 bene
778 2007 991 2102 complendis
1017 2005 1171 2079 studium
1191 2005 1320 2078 habeas
1342 2015 1377 2078 et
1395 2004 1594 2098 diligentem
1610 2005 1660 2077 le·

256 2129 375 2202 borem
390 2140 427 2201 ut
443 2129 489 2202 de
504 2131 667 2203 mandato
681 2139 795 2201 nostro
807 2151 868 2224 per
887 2141 920 2202 te
934 2131 1024 2202 bene
1038 2131 1206 2224 completo
1225 2138 1319 2200 tuam
1339 2128 1552 2222 diligentiam
1568 2149 1662 2200 oom-

258 2253 475 2325 mendemus.
508 2251 726 2345 Significabis
752 2261 865 2324 autem
895 2253 944 2323 illi
973 2274 1076 2348 quem
1100 2253 1219 2325 miotes
1245 2273 1349 2348 super
1377 2254 1546 2324 frumento
1568 2250 1663 2346 quod

259 2376 444 2448 servientes
468 2376 518 2448 CC
541 2377 643 2470 Terre
665 2375 804 2448 Laboris
828 2375 989 2450 solidabit
1010 2397 1071 2478 pro
1095 2377 1124 2446 ll
1151 2375 1343 2463 mensibus,
1369 2397 1456 2470 quos
1477 2397 1538 2470 per
1555 2376 1596 2447 R.
1619 2375 1663 2448 de

259 2499 473 2592 montenigro
486 2497 707 2591 justitiarium
724 2499 828 2572 Terre
845 2499 984 2570 Laboris
1000 2499 1093 2594 ipsos
1109 2519 1172 2592 pro
1191 2519 1260 2570 uno
1278 2519 1395 2570 mense
1410 2498 1549 2571 solidari
1567 2521 1664 2571 man·

261 2622 396 2695 damus.
422 2623 585 2716 injungas
604 2622 706 2693 etiam
727 2625 759 2694 ei
782 2633 816 2695 et
833 2633 964 2694 statuas
980 2621 1075 2716 quod
1093 2621 1138 2694 de
1158 2621 1312 2695 videnda
1330 2622 1557 2694 servientibus
1583 2621 1666 2716 ipsis

260 2745 441 2841 provideat
455 2767 636 2840 quousque
651 2744 697 2818 ed
709 2747 823 2818 locum
840 2747 1060 2842 pervenerint
1076 2743 1327 2840 supradictum,
1344 2745 1404 2816 nbi
1421 2756 1531 2819 castre
1550 2754 1668 2818 nostre

260 2878 341 2940 sunt
357 2869 422 2941 sita
439 2890 558 2942 eorum
575 2869 730 2942 custodie
747 2868 959 2970 deputanda.
1239 2921 1244 2930 -

309 2993 431 3063 Datum
451 2991 546 3087 apud
564 2992 675 3084 Pisas,
697 2994 822 3066 XXVII
841 2993 1047 3080 decembris,
1068 2993 1144 3064 Xlll
1163 2991 1372 3064 indictionis.

311 3113 414 3186 Item:
976 3101 978 3104 Α

309 3237 527 3330 Frederious‚
559 3249 647 3331 eto,
680 3240 719 3310 ll.
755 3239 800 3310 de
828 3239 1044 3330 Monteuigro
1071 3239 1256 3332 justitiario
1280 3240 1383 3312 Terre
1411 3239 1571 3330 Laboris,
1599 3249 1664 3316 etc.

263 3359 347 3432 Cum
379 3361 527 3434 velimus
555 3361 683 3436 hahere
703 3361 748 3436 de
775 3362 998 3454 justitiarietu
1028 3372 1090 3436 tuo
1118 3361 1168 3436 CC
1200 3362 1387 3439 servientes
1412 3362 1572 3440 decenter
1607 3385 1670 3435 er-

263 3493 372 3555 matcs
399 3504 463 3577 pro
491 3484 649 3559 custodit
678 3493 870 3560 castrorum
900 3496 1113 3575 nostrorum,
1149 3508 1220 3580 que
1251 3485 1420 3562 habemus
1449 3488 1486 3562 in
1516 3487 1670 3583 pertibus

262 3606 513 3680 Pontistremuli
538 3617 575 3680 et
597 3618 685 3684 terra
715 3609 913 3695 Luuesana,
938 3609 1000 3702 qui
1030 3607 1149 3684 fideles
1171 3609 1257 3698 siut,
1284 3609 1329 3682 de
1348 3608 1502 3684 fidelium
1529 3623 1670 3686 nostro-
1739 3667 1742 3673 ,

263 3751 340 3800 rum
369 3749 496 3819 genem
519 3733 603 3822 orti,
634 3740 669 3806 et
701 3733 974 3825 consanguineos
1004 3732 1154 3808 babeant
1185 3733 1304 3810 iratres
1340 3755 1401 3808 sen
1434 3733 1523 3810 lilios
1549 3735 1586 3814 in
1613 3757 1672 3812 re·

263 3853 367 3946 gions
397 3852 474 3947 ipsu
503 3855 790 3946 sacrosanctis,
824 3853 979 3930 fidelitati
1010 3867 1069 3932 tus
1097 3857 1318 3952 precipiendo
1348 3858 1553 3934 mandamus
1578 3881 1672 3953 que-

264 3985 366 4046 tenus
387 3976 533 4070 receptis
554 3977 681 4050 lictoris
705 3978 781 4054 eine
797 3999 892 4052 mora
914 3979 1008 4074 ipsos
1028 3979 1080 4056 CC
1100 3981 1289 4057 servientes
1308 3981 1352 4057 de
1371 3982 1595 4075 iustitiariatn
1613 3992 1673 4062 tuo

264 4097 406 4172 studeas
433 4099 607 4190 iuvenire,
633 4099 789 4174 solidans
810 4123 870 4176 eos
892 4124 955 4197 pro
983 4125 1101 4180 mense
1123 4125 1194 4178 uno
1218 4103 1267 4180 ad
1288 4106 1456 4184 rationem
1482 4107 1526 4182 de
1548 4105 1673 4184 tarenis

265 4229 413 4313 quatuor
428 4221 504 4294 anm
526 4243 783 4316 portuensem,
807 4233 841 4300 et
861 4225 954 4320 ipsos
970 4248 1089 4302 omnes
1111 4227 1185 4302 sine
1206 4250 1304 4304 mora
1327 4230 1448 4304 mictes
1470 4253 1550 4304 cum
1567 4231 1675 4326 galeis

266 4343 396 4416 Pisanis
425 4367 513 4438 ques
537 4345 721 4424 Rieoerdoe
750 4347 797 4422 de
820 4348 965 4426 Putcuc
989 4349 1102 4429 tidelis
1131 4359 1245 4428 noster
1269 4353 1386 4430 miotet
1408 4364 1567 4433 oneratas
1595 4355 1675 4432 iru-

267 4474 381 4538 mento
398 4477 528 4557 merc,
547 4469 649 4561 juxta
666 4470 869 4548 mandatum
892 4483 1060 4565 nostrum,
1081 4496 1170 4569 quos
1188 4474 1310 4550 eodem
1332 4477 1437 4558 modo
1454 4479 1621 4556 iaciemus
1639 4478 1675 4556 in

267 4597 368 4661 autea
389 4591 544 4682 solidari,
565 4593 627 4686 qui
644 4614 707 4688 per
722 4603 833 4670 eastre
848 4606 965 4674 nosen
984 4598 1139 4694 predicte
1158 4599 1407 4674 distribuentur
1429 4623 1491 4698 per
1507 4604 1549 4676 U.
1566 4603 1676 4684 Pella·

269 4711 421 4783 vicinum
441 4711 491 4809 (a)
518 4715 714 4789 ordinatum
732 4726 885 4790 nostrum
909 4719 1126 4815 capitaneum
1151 4723 1188 4794 in
1212 4723 1392 4796 Luuesana
1415 4725 1461 4798 ad
1484 4724 1677 4800 custodiam

310 4850 353 4931 (o)
374 4854 565 4932 Inimpresso
582 4855 613 4916 ll.
633 4853 809 4932 Petoviuum,
829 4860 928 4920 minus
941 4866 1029 4922 reete.
1114 4866 1117 4872 '
1333 4917 1340 4935 .

226 5013 230 5018 .
349 4959 386 5018 v.
1480 4977 1514 5028 er
1616 4956 1618 4960 ’
