4278 5920
209 605 387 682 16666611]
657 602 853 664 HISTORIA
877 599 1170 662 utetouuulcu
1563 603 1620 662 lttt

210 739 353 810 victorie
367 737 414 810 ad
436 735 550 808 landis
569 736 728 826 titulum,
756 735 817 828 qui
838 737 935 806 illum
956 736 1003 808 ad
1015 737 1105 808 alme
1123 735 1217 806 urbis
1233 735 1400 830 populum
1419 733 1616 806 destinavit.

209 861 308 932 Nunc
329 881 414 932 vero
437 859 581 931 rebelles
607 858 833 951 nequissimi,
856 859 936 930 olim
966 859 1178 950 gaudentes,
1206 855 1380 951 quomodo
1399 867 1620 929 mutaverunt

209 1004 327 1056 eorum
351 983 497 1078 gloriam
524 982 561 1053 in
580 981 841 1054 similitudinem
864 981 962 1052 vituli
991 981 1233 1054 manducantis
1259 983 1375 1054 lenum
1400 990 1435 1054 et
1455 982 1614 1076 paleam:

210 1107 269 1201 qni
295 1106 537 1178 nutriebantur
560 1105 596 1174 in
623 1105 754 1176 croceis
771 1105 840 1176 ima
868 1105 1076 1198 perlustrant
1100 1125 1291 1195 carcerum,
1312 1114 1348 1176 et
1372 1105 1618 1199 amplectentes

210 1241 378 1321 stercora,
400 1237 587 1324 expectant
607 1227 812 1300 sententiam
828 1227 1080 1298 damnatorum.
1099 1228 1199 1299 Nunc
1214 1237 1330 1300 autem
1346 1227 1618 1302 Mediolanenses

211 1353 353 1426 rebelles
380 1373 486 1446 super
510 1371 633 1423 omnes
659 1359 780 1440 gentes
806 1350 944 1444 Ligurio
968 1360 1048 1424 nota
1082 1353 1211 1446 pertusi
1237 1352 1399 1442 intamie,
1426 1363 1461 1424 et
1482 1353 1617 1426 ruboris

212 1477 370 1568 stigmate
388 1483 554 1570 perpetuo
568 1473 738 1568 insigniti,
753 1497 884 1546 crassas
901 1475 1077 1568 quondam
1092 1476 1244 1548 cervices
1261 1475 1411 1570 pedibus
1424 1477 1614 1572 applicant,

209 1609 243 1672 et
260 1621 299 1672 66
316 1619 469 1693 suosque
487 1597 654 1672 dedentes
674 1617 790 1670 muros
807 1597 970 1685 diruunt,
992 1598 1098 1670 fossas
1114 1601 1266 1694 replent3
1287 1608 1322 1670 et
1340 1599 1385 1672 ad
1403 1621 1617 1694 consequen·

209 1724 288 1798 dam
316 1723 587 1796 misericordiam
619 1731 654 1794 et
680 1721 727 1794 ad
751 1721 886 1816 pietatis
907 1723 1140 1796 inventionem
1164 1723 1397 1796 omnimodam
1424 1725 1612 1800 elaborant.

209 1848 276 1922 Sed
293 1848 378 1942 qnia
396 1848 512 1918 nullus
537 1847 643 1918 semel
663 1867 723 1918 ore
744 1855 902 1940 roeeptus
917 1847 1045 1940 patitur
1063 1849 1205 1940 sanguis
1221 1869 1458 1921 mansuescere
1474 1851 1612 1942 lauces,

209 1974 391 2067 imperator
403 1968 607 2062 magnificus
618 1989 738 2040 eornm
756 1977 905 2059 stragem
919 1971 1028 2064 magis
1043 1971 1194 2060 gestiens
1204 1993 1309 2064 quam
1326 1973 1485 2064 salutem,
1504 1976 1614 2047 solum

208 2095 374 2191 pudorem
387 2101 524 2188 reputat
536 2093 628 2164 bello
644 2113 712 2163 non
730 2091 888 2179 vincere,
908 2093 994 2185 quin
1011 2095 1124 2188 potius
1142 2095 1236 2166 viam
1260 2096 1359 2167 ruine
1378 2096 1614 2169 contradicen-

209 2220 301 2291 tibus
312 2217 467 2312 aperire;
487 2226 521 2287 et
535 2225 575 2286 nt
591 2215 707 2286 nullus
728 2215 906 2287 resistendi
923 2227 1038 2287 sumat
1056 2216 1256 2308 audaciam,
1277 2219 1485 2291 truculenter
1500 2242 1615 2314 repro·

207 2344 329 2416 borum
342 2340 467 2434 satagit
481 2337 528 2412 ad
546 2338 750 2410 vindictam.
771 2338 952 2423 Quocirca
966 2361 1030 2412 vos
1051 2341 1112 2434 qui
1129 2342 1211 2413 estis
1226 2339 1295 2414 tide
1308 2342 1446 2436 prediti,
1470 2347 1614 2438 preclari

208 2475 334 2552 mente,
353 2447 854 2552 rationenobitss,virtutibi1s
872 2464 1077 2556 locupletes,
1095 2466 1142 2538 ita
1156 2487 1235 2536 oum
1253 2466 1407 2537 omnium
1424 2469 1615 2540 reverentia

207 2597 273 2660 tam
299 2585 445 2658 virtuod
471 2584 640 2680 principis
660 2583 837 2656 celebretis
866 2585 1178 2678 magnificentiam,
1205 2587 1394 2659 formidetis
1410 2591 1613 2682 potentiam,

206 2708 435 2804 magnificetis
445 2707 629 2797 bonorem,
643 2717 681 2779 ut
696 2729 757 2802 per
767 2706 1017 2781 exhibitionem
1035 2709 1204 2781 bonorum
1222 2731 1365 2805 operum
1377 2721 1472 2806 grata
1485 2733 1615 2787 merea·

205 2833 289 2906 mini
304 2833 472 2927 consequi
489 2831 658 2904 beneficia
675 2831 896 2926 premiorum.

257 3387 492 3497 Fridcricus',
516 3389 776 3473 Rornanorum
798 3389 1017 3498 imperator,
1042 3391 1091 3472 ad
1117 3391 1428 3499 supplicationem
1456 3393 1617 3504 Philippi
1643 3432 1823 3487 ipsaniam,

1671 3487 1803 3542 666666661,1

205 3520 253 3602 (16
270 3519 532 3604 Folclrenstein
550 3521 674 3605 tidelis
692 3523 771 3630 sui,
791 3522 825 3604 ei
844 3523 1015 3604 concedit
1032 3533 1075 3604 ut
1092 3523 1124 3602 si
1148 3523 1229 3604 sine
1248 3523 1337 3605 filiis
1355 3525 1534 3634 legitimis
1551 3529 1618 3610 de-

206 3654 336 3735 cedere
367 3679 456 3736 eum
488 3655 702 3764 contingat,
731 3654 833 3736 filiae
859 3654 942 3762 ejus
970 3656 1069 3738 Gute
1095 3665 1133 3736 et
1162 3655 1331 3739 Alhcidis
1361 3667 1427 3739 aut
1453 3685 1550 3768 quas
1577 3661 1615 3740 in
1752 3757 1758 3768 q

205 3794 398 3892 posterum
422 3786 617 3895 generabit
642 3786 682 3866 in
710 3785 990 3892 Falckenstein,
1020 3787 1272 3896 Tannenstat,
1296 3789 1554 3874 Wulsenbeim
1579 3803 1617 3876 et

206 3915 289 3998 aliis
307 3917 421 4000 bonis
440 3919 596 4027 quaein
617 3918 728 4002 feudo
746 3929 866 4025 tenet,
887 3919 1086 4001 succedere
1102 3919 1263 4028 possint.

284 4123 390 4202 (suu.
407 4142 447 4184 un
460 4126 618 4204 Guumrus,
635 4123 707 4186 Cod.
725 4122 886 4204 diplomat,
901 4123 1085 4204 Auccdotor„
1100 4133 1172 4186 tom.
1189 4127 1230 4200 ll,
1245 4143 1277 4202 p.
1292 4135 1342 4200 tt,
1352 4136 1385 4186 n⁰
1398 4127 1463 4207 49.)

252 4299 464 4392 Fridericus,
484 4302 546 4374 Dei
561 4303 670 4395 gratia
686 4303 916 4374 Romanorum
938 4304 1122 4398 imperator
1138 4325 1274 4400 semper
1289 4313 1476 4398 augustus,
1491 4306 1615 4380 iheru-

206 4425 311 4495 salem
335 4435 370 4496 et
386 4425 499 4498 Sicilie
515 4447 592 4497 rer.
613 4428 677 4498 Per
696 4447 838 4526 presens
853 4427 1018 4521 scriptum
1041 4437 1160 4500 notum
1184 4428 1328 4500 iacimus
1355 4429 1526 4501 universis
1547 4439 1615 4501 tam

207 4548 422 4638 presentibus
441 4571 545 4644 quam
569 4550 694 4622 tuturis
717 4551 812 4645 quod
834 4551 1014 4647 Philippus
1037 4551 1082 4623 de
1105 4553 1339 4624 Falclrenstein
1365 4551 1478 4624 fidelis
1503 4563 1617 4626 noster

208 4678 320 4742 nostre
333 4671 530 4746 celsitudini
548 4674 756 4770 supplicavit
773 4686 812 4746 ut
828 4675 918 4748 bona
935 4697 1000 4749 sua
1015 4675 1108 4771 apud
1124 4676 1370 4768 Falclrenstein,
1388 4677 1612 4766 Tanneustat,
