4350 5922
287 697 387 758 166666.
404 689 466 777 10.]
740 689 938 751 itisroaia
962 687 1256 750 nianonanica.
1684 682 1705 741 5

287 841 403 904 nosue
421 839 577 902 tenorem
598 837 775 922 presumat
797 826 1016 920 aliquatenus
1038 825 1233 897 molestare.
1254 819 1356 906 Quod
1379 819 1440 914 qui
1461 819 1706 914 presumpserit

288 953 563 1048 indignationem
587 960 739 1024 nostram
763 971 803 1022 se
827 949 965 1022 noverit
984 949 1219 1020 incursurum.
1242 945 1298 1018 Ad
1312 945 1417 1036 hujus
1438 943 1486 1014 rei
1505 941 1704 1014 memoriam

290 1087 326 1151 at
337 1077 445 1150 robur
457 1077 494 1147 in
509 1084 686 1170 posteram
703 1071 904 1160 valiturum,
917 1093 1057 1166 presens
1070 1071 1234 1166 scriptum
1250 1067 1324 1141 lieri
1339 1077 1373 1140 et
1389 1066 1503 1161 sigillo
1521 1065 1706 1158 majestatie

290 1211 406 1274 nostre
415 1199 585 1293 jussimus
595 1196 813 1268 communiri.

339 1327 463 1397 Datum
481 1320 578 1417 apud
594 1320 808 1415 Wyennam‚
822 1339 915 1390 anno
931 1317 1066 1389 Domini
1086 1317 1266 1390 millesimo
1285 1313 1521 1388 ducentesimo
1535 1313 1707 1387 tricesimo

290 1447 458 1545 septimo,
479 1465 599 1517 mense
613 1442 785 1536 ianuarii,
806 1441 942 1515 decime
957 1441 1166 1514 indictionis.

508 1781 899 1795 Ἣ

344 2066 576 2170 Friderious‚
598 2066 858 2150 Romanorum
877 2065 1098 2174 imperator,
1118 2065 1278 2146 mandat
1305 2065 1479 2148 mutariis
1504 2066 1583 2150 suis
1606 2069 1710 2176 apud
1775 2088 1810 2182 a,
1859 2087 1903 2172 ’ζ

290 2197 511 2283 Danubium
539 2200 752 2282 constitutis
779 2209 823 2281 ut
839 2197 1053 2281 libertatem
1072 2223 1095 2278 a
1112 2195 1360 2306 vectigalibus
1388 2199 1465 2280 viui
1493 2209 1530 2280 et
1555 2199 1710 2283 actua·
1786 2183 1866 2226 ’ω

291 2333 390 2416 lium
418 2331 649 2416 monasterio
676 2333 725 2414 de
748 2330 983 2439 Alderspacb
1014 2357 1037 2412 a
1066 2331 1163 2413 duce
1186 2329 1381 2438 Leupoldo
1409 2331 1600 2415 indultam
1629 2345 1710 2416 eta

292 2493 334 2548 se
351 2466 623 2576 approbatam,
642 2465 715 2574 ipsi
730 2464 842 2574 juxta
860 2463 1025 2545 sormam
1042 2463 1230 2572 privilegii
1253 2475 1488 2547 conservent.

376 2731 471 2812 (Edit.
495 2735 527 2794 ln
541 2734 646 2809 Euan,
664 2731 801 2810 Metrop„
818 2731 859 2804 11,
875 2737 925 2790 66.
937 2761 980 2774 -
992 2729 1031 2789 Et
1043 2745 1092 2804 ap.
1106 2728 1238 2790 Monam.
1254 2729 1357 2806 actm,
1372 2729 1412 2806 V,
1429 2739 1499 2806 676,
1520 2741 1553 2794 n·
1574 2741 1621 2794 19.
1638 2735 1711 2798 Cor·

414 2844 522 2902 restim
539 2857 659 2918 qnoque
676 2839 803 2912 ibidem,
820 2845 895 2900 tom.
910 2837 1028 2910 XXXI,
1045 2853 1114 2914 pars
1127 2837 1164 2912 1⁸,
1180 2853 1211 2914 p.
1233 2845 1304 2912 666,
1320 2853 1359 2898 cx
1373 2840 1542 2917 antiquiore
1555 2841 1631 2904 libro
1643 2861 1708 2924 cop.

414 2945 551 3007 Aiderab.
567 2949 646 3008 circa
660 2961 732 3007 nnn.
750 2953 826 3006 tane
840 2940 1031 3021 conscripto.)

342 3184 560 3273 Fridericus,
575 3183 640 3256 Dei
663 3183 772 3278 gratia
792 3183 1024 3255 Romanorum
1043 3182 1227 3276 imperator
1250 3201 1385 3276 semper
1405 3195 1592 3280 augustus,
1613 3190 1710 3264 Jeru-

292 3309 402 3383 salem
426 3317 462 3381 et
483 3309 598 3381 Sicilie
615 3329 700 3401 rex,
721 3306 893 3380 universis
917 3306 1073 3378 mutariis
1092 3307 1166 3378 suis
1187 3305 1284 3402 apud
1302 3309 1500 3382 Danubium
1521 3315 1714 3388 constitutis

293 3432 456 3508 lidelibns
472 3434 546 3506 suis
564 3433 709 3526 gratiam
724 3454 821 3504 snam
836 3441 872 3504 et
885 3453 987 3504 omne
1008 3432 1150 3504 bonum.
1176 3432 1231 3504 En
1246 3442 1342 3526 parte
1357 3435 1565 3509 venerabilis
1580 3438 1715 3514 abbatis

294 3568 331 3631 et
345 3567 537 3632 conventus
551 3557 597 3630 de
611 3555 823 3652 niderspach
840 3554 995 3628 fidelium
1011 3564 1206 3628 nostrorum
1226 3565 1341 3629 nostro
1360 3557 1425 3629 luit
1438 3559 1579 3632 culmini
1596 3562 1713 3636 bumi-

294 3681 372 3754 litcr
386 3682 617 3777 supplicatum
634 3691 671 3752 ut
689 3681 834 3775 gratiam
852 3689 888 3751 et
902 3679 1093 3750 libertatem
1109 3679 1154 3750 ab
1171 3679 1294 3751 illustri
1310 3679 1401 3753 duce
1420 3683 1595 3778 leupoldo
1608 3689 1716 3762 felicis

294 3805 464 3890 memoria
479 3825 584 3900 snper
601 3805 829 3898 vectigalibus
845 3803 916 3874 vini
932 3813 966 3876 et
983 3803 1183 3876 victualium
1202 3825 1343 3882 suorum
1363 3827 1424 3900 per
1446 3807 1521 3880 loca
1544 3819 1715 3883 mutmum

295 3930 441 4004 ecclesie
457 3951 521 4001 sne
535 3929 704 4002 indultam
729 3937 844 4001 nostre
861 3928 1121 4023 approbationis
1137 3927 1361 4022 dignaremur
1378 3931 1571 4006 munimine
1587 3935 1717 4008 confir-

182 4143 190 4152 ,
294 4073 403 4126 marc.
422 4053 492 4126 Nos
511 4054 629 4148 itaque
652 4054 779 4148 pietate
797 4053 897 4125 solita
918 4074 988 4146 qua
1008 4051 1164 4146 personis
1178 4053 1348 4146 religiosis
1369 4055 1468 4127 lavor
1483 4055 1608 4132 adesse
1629 4082 1716 4132 con-

296 4180 425 4268 suevit,
438 4177 574 4252 devotis
587 4199 706 4250 corum
721 4177 880 4272 precibus
893 4175 1126 4250 favorabiliter
1138 4155 1304 4268 inclinati,
1318 4179 1462 4269 gratiam
1477 4189 1512 4252 et
1527 4183 1716 4257 libertatem

296 4325 403 4398 qnam
423 4302 468 4374 ab
490 4301 612 4376 eodem
633 4301 724 4374 duce
750 4301 927 4397 leopoldo
951 4302 986 4372 in
1013 4300 1086 4372 suis
1112 4311 1257 4380 actenus
1280 4301 1503 4376 obtinuerunt
1526 4307 1718 4402 privilegiis

297 4427 393 4534 circa
411 4426 594 4521 vectigalia
618 4426 691 4498 vini
711 4437 745 4500 et
769 4427 971 4500 victualium
999 4447 1163 4515 suorum,
1188 4425 1320 4499 eisdem
1344 4427 1462 4500 abbati
1480 4439 1514 4500 et
1532 4433 1717 4504 conventui

298 4550 503 4624 anctoritate
530 4550 742 4646 presentium
777 4550 946 4624 duximus
974 4547 1232 4640 confirmanda,
1266 4549 1472 4624 mandantes
1502 4553 1718 4628 universitati

299 4683 415 4746 vestre
431 4683 466 4747 et
482 4672 624 4748 firmiter
641 4675 869 4770 precipientes
888 4683 1061 4768 quatenus
1079 4673 1224 4766 gratiam
1246 4681 1281 4745 et
1298 4673 1489 4748 libertatem
1508 4677 1666 4750 eamdem
1685 4689 1721 4752 et

298 4797 391 4871 banc
408 4809 560 4873 nostram
574 4797 708 4873 eisdam
723 4799 857 4872 induite
876 4799 1042 4872 libertatis
1063 4798 1348 4894 approbationem
1360 4800 1464 4890 juxta
1484 4801 1627 4875 iormam
1648 4804 1720 4900 pri·
