4246 5906
247 616 344 678 lnmcr.
363 617 425 695 la]
695 616 890 678 HISTORIA
914 614 1206 677 urruollarlcll.
1473 633 1477 648 ¹
1591 610 1650 672 53¹1

249 751 334 822 Cum
353 751 401 824 ad
421 750 654 824 defensionem
675 763 866 824 nostrorum
887 749 1040 823 fidelium
1060 751 1121 844 qui
1138 751 1174 822 iu
1192 759 1251 820 tna
1264 747 1501 840 jurisdictione
1520 747 1649 820 consis-

250 883 326 944 tunt
338 893 403 968 pro
417 872 650 946 restaurandis
669 881 704 946 et
724 875 969 946 conservandis
978 873 1115 966 juribus
1129 873 1251 945 uostris
1266 881 1301 944 et
1316 871 1450 964 imperii
1466 880 1501 944 et
1512 869 1651 962 justicia

249 996 407 1070 iacienda
429 997 466 1068 iu
487 996 730 1070 exterminium
754 1006 789 1070 et
805 996 1053 1069 desolationem
1078 995 1388 1070 Mediolanensium
1413 993 1591 1066 rebellium
1618 1004 1652 1066 et

250 1118 462 1210 proditorum
476 1129 690 1206 nostrorum,
708 1127 741 1190 te
762 1140 874 1213 nuper
888 1119 1104 1212 capitaneum
1120 1119 1303 1190 Cumarum
1322 1117 1487 1190 duximus
1501 1125 1653 1188 statuen-

251 1241 349 1330 dum,
366 1251 464 1314 uteo
485 1242 611 1314 melius
627 1251 663 1314 et
681 1243 853 1337 potentius
874 1241 1026 1336 predicta
1048 1243 1163 1315 omnia
1182 1243 1294 1315 lacere
1315 1243 1432 1314 valeas
1456 1251 1491 1312 et
1511 1241 1653 1334 implere

250 1387 320 1460 qno
335 1387 418 1459 erga
439 1375 473 1438 te
488 1366 635 1438 senseris
653 1374 688 1438 et
711 1366 923 1439 intellexeris
942 1364 1176 1439 munificentie
1193 1375 1308 1439 nostre
1323 1365 1466 1459 gratiam
1483 1365 1651 1458 ampliari,

250 1495 362 1581 proter
378 1488 614 1560 auctoritatem
632 1496 667 1560 et
682 1497 882 1581 potestatem
899 1487 961 1560 tibi
981 1487 1157 1578 traditam,
1175 1487 1357 1561 devocioui
1376 1497 1435 1560 tue
1453 1488 1499 1560 de
1513 1487 1654 1581 speciali

251 1610 358 1703 gratia
381 1610 602 1683 concedimus
625 1619 659 1681 et
684 1611 869 1683 liberaliter
891 1609 1131 1684 confirmamus
1157 1620 1196 1682 ut
1216 1632 1336 1683 omues
1357 1620 1446 1684 terre
1470 1610 1654 1682 Mediolani

251 1753 319 1825 que
336 1734 468 1805 suntin
485 1731 725 1836 jurisdictione
741 1732 926 1806 Cumarum
949 1745 984 1806 et
1004 1736 1041 1805 iu
1059 1734 1359 1806 circumstantibus
1378 1735 1461 1806 locis
1485 1754 1547 1806 seu
1568 1755 1655 1828 pos-

252 1855 420 1927 sessiones
435 1877 505 1948 qoe
518 1864 578 1928 tuo
593 1855 708 1928 studio
730 1865 766 1928 et
784 1855 1014 1929 sollicitudine
1037 1858 1093 1929 vel
1111 1857 1258 1929 aliorum
1282 1866 1476 1930 nostrorum
1501 1856 1655 1929 fidelium

253 1980 298 2052 ad
319 1989 474 2050 nostram
498 1987 533 2050 et
547 1979 683 2073 imperii
703 1980 813 2071 juset
835 1979 1076 2074 proprietatem
1101 1981 1303 2072 contingerit
1326 1980 1498 2070 revocari,
1524 1981 1658 2073 integre

253 2102 320 2174 sub
338 2110 397 2172 tua
418 2100 657 2192 jurisdictione
678 2111 713 2174 et
733 2103 952 2196 capitaneatu
977 2103 1180 2187 subsistant,
1202 2111 1240 2173 ut
1254 2103 1291 2172 iu
1312 2103 1363 2174 eis
1381 2103 1473 2175 illam
1492 2104 1656 2195 jurisdic-

253 2225 379 2298 tionem
411 2245 575 2296 cxerceas
599 2246 705 2318 quam
731 2224 838 2298 debes
870 2226 905 2296 in
930 2225 1007 2298 aliis
1030 2236 1088 2296 tue
1111 2226 1359 2316 jurisdictionis
1383 2225 1518 2315 castris,
1545 2227 1653 2316 villis,

254 2347 351 2419 terris
368 2355 403 2418 et
418 2347 690 2439 possessionibus
710 2368 886 2420 exercere.
907 2345 962 2420 Ad
979 2347 1083 2439 hujus
1103 2359 1219 2420 autem
1238 2359 1355 2421 nostre
1373 2349 1605 2422 concessionis
1625 2359 1660 2422 et

256 2469 524 2542 confirmationis
543 2470 741 2542 memoriam
761 2480 797 2542 et
813 2471 919 2542 robur
940 2471 975 2542 iu
996 2480 1170 2564 posterum
1187 2472 1392 2562 valiturum,
1412 2481 1586 2566 presentes
1606 2474 1661 2544 lit·

253 2603 343 2665 teras
359 2593 487 2665 exinde
500 2593 562 2664 tibi
577 2591 651 2666 fieri
666 2603 701 2666 et
716 2593 830 2686 sigillo
843 2595 1029 2686 majestatis
1043 2603 1159 2665 nostre
1175 2595 1341 2684 jussimus
1357 2596 1575 2667 communiri.

301 2717 424 2789 Datum
447 2717 625 2802 Cremona,
643 2737 734 2788 auno
759 2717 931 2788 dominice
953 2717 1196 2788 iucarnationis
1223 2717 1403 2790 millesimo
1426 2718 1663 2792 ducentesimo

254 2839 429 2932 trigesimo
451 2860 556 2932 nouo,
576 2839 743 2912 vicesimo
759 2849 884 2912 octavo
897 2840 1108 2932 novembris,
1125 2841 1362 2926 terciodecimo
1377 2841 1586 2915 indictionis.

483 3169 1440 3182 m-—umnwa———ffl

308 3444 541 3551 Friderious,
561 3444 820 3528 Romanorum
839 3445 1057 3554 imperator,
1087 3445 1138 3527 ob
1156 3445 1376 3528 fidelitatem
1398 3447 1556 3530 civitatis
1579 3449 1663 3531 Cu·
1716 3475 1848 3572 cnm.

254 3601 407 3659 marum
431 3603 530 3685 quae
546 3577 885 3660 Mediolanensium
910 3578 1147 3684 proditorum
1169 3578 1317 3686 imperii
1335 3605 1480 3661 errores
1504 3581 1662 3689 dimisit,

256 3709 288 3790 ei
311 3707 512 3790 confirmat
532 3709 661 3790 omnia
679 3709 877 3819 privilegia
895 3736 917 3790 a
937 3709 1016 3791 suis
1034 3709 1334 3792 antecessoribus
1351 3721 1389 3792 et
1406 3736 1429 3791 a
1448 3737 1488 3794 se
1505 3712 1588 3822 ipso
1606 3713 1665 3796 iu-

256 3841 364 3922 dulta
391 3866 479 3922 cum
506 3841 854 3949 jurisdictionibus,
890 3842 1043 3949 cestrie,
1071 3842 1188 3949 villis,
1221 3843 1434 3950 plebatibus
1465 3856 1504 3928 et
1532 3845 1666 3957 burgis

257 3996 355 4080 quae
372 3996 575 4054 commuue
592 3973 718 4080 ipsum
737 3974 905 4082 possidet
922 3983 989 4056 aut
1001 3999 1100 4084 quae
1116 3974 1412 4058 Mediolanenses
1429 3977 1552 4061 eidem
1569 3978 1665 4061 abs-

258 4102 437 4186 tulerunt.

338 4301 433 4380 (Edit.
447 4319 496 4379 ap.
514 4302 664 4374 llovauur,
677 4303 778 4365 Storia
796 4301 827 4364 di
846 4305 932 4365 Como
950 4303 1087 4382 (Milauo,
1106 4305 1213 4384 1794),
1233 4312 1256 4367 t.
1277 4307 1319 4384 Il,
1336 4309 1468 4385 docum,
1481 4328 1512 4387 p.
1535 4321 1605 4391 sao,
1626 4329 1663 4374 ex

376 4407 488 4468 archiv.
507 4423 616 4468 comm.
637 4409 770 4488 Cumas,
789 4410 841 4470 lib.
855 4410 871 4469 1
889 4411 982 4471 Veter.
999 4411 1143 4486 Monam,
1160 4419 1265 4490 regest.
1279 4429 1426 4493 pergam„
1440 4415 1492 4479 iol.
1511 4425 1549 4478 ot
1565 4435 1664 4498 verso,

378 4519 416 4570 64
430 4511 533 4591 recto.)

309 4684 346 4752 lu
364 4683 503 4755 nomine
527 4695 644 4757 sancte
660 4695 696 4758 et
719 4685 900 4758 individue
919 4687 1103 4762 Trinitatis.
1120 4689 1319 4763 Frederious
1346 4693 1520 4768 secundus
1544 4697 1664 4778 divino

339 4804 376 4865 V.
1465 4824 1503 4877 68
