4278 5920
979 609 1192 670 rarnnnrcr
1213 607 1384 670 sncuuur
1704 606 1890 692 [amram

2112 1049 2113 1100 t

280 1163 435 1263 mg,
528 1150 762 1259 Fridericus,
782 1154 1044 1237 Romanorum
1061 1154 1286 1262 imperator,
1307 1153 1495 1236 Richardo
1521 1153 1649 1235 comiti
1678 1151 1894 1238 Comubiae

476 1287 620 1369 sororio
648 1313 718 1370 suo
740 1289 891 1369 nuntiat
917 1288 1157 1370 victoriama
1182 1314 1223 1370 se
1249 1288 1298 1369 de
1324 1285 1668 1371 Mediolanensibus
1694 1296 1892 1372 eteorum

475 1417 688 1503 fautoribus
724 1423 827 1529 apud
865 1421 1019 1504 Gurtem
1063 1421 1209 1506 Novam
1228 1431 1481 1528 reportatam,
1512 1446 1660 1503 necnon
1687 1421 1888 1528 carroecii,

473 1551 587 1634 castri
607 1551 733 1634 Curtia
751 1551 878 1636 Novae
896 1564 933 1636 et
949 1554 1147 1663 potestatis
1163 1552 1502 1639 Mediolanensium
1521 1553 1749 1661 captionem.

554 1775 645 1856 (Edit
659 1794 708 1854 ap.
723 1779 827 1839 Maru.
849 1779 967 1851 Penus,
981 1777 1092 1838 Histor.
1105 1777 1177 1858 maj.
1192 1773 1328 1858 Auctor„
1351 1793 1382 1854 p.
1398 1785 1472 1850 308,
1488 1776 1527 1838 ad
1540 1793 1611 1837 ann.
1631 1785 1721 1839 1231.
1742 1777 1805 1838 Sub
1825 1795 1884 1839 en·

592 1885 721 1962 cyclicae
734 1887 834 1946 mlnus
850 1892 951 1945 tamen
965 1887 1095 1963 integrae
1114 1885 1210 1945 torma
1224 1885 1309 1945 adest
1321 1900 1441 1961 quoque
1453 1886 1530 1943 luter
1543 1879 1677 1962 epistolas
1688 1884 1773 1944 Petri
1783 1883 1818 1944 dc
1837 1885 1889 1944 Vi-

592 1989 671 2063 sm's,
696 1990 749 2051 lib.
777 1991 823 2062 ll,
845 2007 911 2066 cap.
937 1999 991 2066 503
1011 2007 1093 2051 nunc
1118 1991 1278 2052 celicum
1300 1989 1645 2052 munducarent.
1668 1990 1780 2066 Paris,
1794 1988 1889 2072 sorde

589 2095 802 2172 Notrc-Damc,
816 2104 851 2155 u⁰
864 2093 948 2174 202.)

518 2288 739 2380 Fredericus,
757 2289 818 2362 Dei
830 2289 938 2383 gratie
956 2290 1186 2362 Romanorum
1205 2291 1390 2384 imperator
1404 2309 1542 2383 semper
1561 2299 1746 2384 angustus,
1762 2290 1887 2364 Hieru-

469 2414 574 2486 salem
595 2423 629 2485 et
651 2413 765 2486 Sicilie
784 2434 864 2504 rex,
881 2413 1051 2486 Richardo
1070 2415 1185 2486 comiti
1209 2415 1380 2486 Comubie
1404 2414 1530 2486 dilecto
1552 2414 1681 2487 sororio
1703 2437 1768 2488 sno
1792 2416 1886 2488 salu·

469 2547 540 2608 tem
557 2547 592 2608 et
608 2538 776 2608 sinceram
799 2536 1033 2609 dilectionem.
1053 2537 1189 2622 Quanta
1211 2539 1357 2610 audacie
1377 2547 1577 2632 quanteque
1601 2539 1797 2611 temeritatis
1817 2540 1888 2610 siut
1910 2587 1911 2590 =

468 2660 636 2754 Ligurum
653 2659 856 2732 excellentie
879 2669 993 2732 nostre
1012 2660 1193 2732 rebellium
1214 2661 1395 2748 sactiones,
1415 2659 1461 2732 ad
1477 2661 1654 2754 proximos
1672 2660 1887 2754 experientia

470 2783 592 2856 detulit
615 2792 650 2854 ct
667 2782 734 2854 loci
754 2782 914 2854 vicinitas
932 2793 966 2856 et
989 2784 1179 2856 inveterata
1194 2785 1286 2856 lama
1305 2784 1460 2879 nequitie
1481 2785 1621 2880 pertulit
1643 2785 1689 2857 ad
1705 2794 1854 2858 remotos
1873 2811 1883 2854 :

469 2929 534 2980 nec
560 2909 666 2980 latere
690 2928 754 2979 ros
775 2907 969 2996 credimus,
995 2929 1059 2980 nec
1079 2908 1234 2980 mundus
1259 2909 1393 3003 ignorat
1413 2919 1484 2982 tam
1508 2911 1610 3002 longe
1634 2921 1750 2982 nostra
1773 2909 1885 2982 dissi-

468 3032 667 3104 mulationis
690 3033 915 3104 constantiam
941 3033 1031 3105 circa
1059 3053 1136 3125 eos,
1168 3044 1205 3104 ut
1231 3035 1411 3106 tolerantia
1437 3045 1553 3107 nostra
1573 3055 1696 3106 verum
1721 3033 1887 3129 patientie

468 3177 593 3229 nomen
616 3155 787 3228 amitteret
809 3166 845 3228 ct
869 3157 992 3230 vitiose
1018 3168 1133 3230 notam
1159 3158 1454 3254 pusillanimitatis
1473 3162 1662 3232 incurreret
1680 3179 1742 3253 pro
1761 3157 1885 3230 decore

467 3278 618 3352 virtutis.
648 3279 970 3353 animadvertentes
1000 3281 1221 3376 postmodum
1252 3281 1349 3376 qnod
1383 3285 1471 3355 feno
1503 3281 1653 3355 secanda
1683 3291 1763 3352 snnt
1797 3281 1885 3353 vnl-

466 3423 569 3495 nera,
590 3424 659 3498 que
675 3405 902 3476 fomentorum
921 3427 990 3477 nou
1008 3407 1162 3477 sentiunt
1174 3405 1401 3496 medicinam,
1423 3406 1617 3480 necessario
1637 3425 1701 3478 nos
1723 3403 1771 3476 ad
1788 3423 1884 3476 arma

467 3527 717 3620 convertimus,
736 3549 897 3601 somnum
913 3528 1116 3602 dormientis
1136 3531 1267 3624 imperii
1282 3531 1486 3602 excitantes.
1507 3529 1593 3602 Cum
1613 3550 1678 3600 nec
1696 3549 1788 3600 anno
1805 3547 1883 3621 pre·

466 3650 567 3724 terito
580 3673 645 3724 nec
664 3653 813 3746 presenti
830 3673 1011 3747 possemus
1032 3654 1176 3726 rebelles
1194 3664 1328 3726 nostros
1342 3652 1390 3727 ad
1404 3654 1604 3748 campestris
1620 3673 1738 3747 pugne
1755 3649 1882 3724 discri-

1441 3835 1879 3852 ,μ--ι--αιι-ι--ι-ιι-ι-ιι*

466 3939 538 3997 mala
554 3939 676 3998 uacmtis
691 3945 720 3998 et
731 3939 881 3998 verberatis
892 3939 1032 3998 monachis
1044 3957 1158 4013 quorum
1173 3957 1239 4015 pars
1256 3941 1433 3999 Mediolanum
1445 3939 1573 4012 confugit,
1589 3939 1672 3996 altera
1689 3952 1753 3996 vero
1771 3936 1880 4011 Papiam

466 4037 541 4098 abiit
558 4039 621 4096 Post
634 4055 734 4112 paucos
745 4039 803 4096 dies
816 4039 901 4096 abbas
912 4040 1072 4098 Morimundi
1084 4041 1163 4098 simul
1175 4047 1203 4098 et
1214 4039 1299 4098 abbas
1316 4041 1409 4114 Aquae
1419 4039 1557 4112 Frigidae,
1570 4043 1634 4094 tunc
1642 4037 1804 4095 ltcrimundi
1816 4051 1882 4093 vcr-

467 4141 551 4206 satus,
566 4135 757 4209 imperatorem
769 4137 844 4192 adire
857 4135 1036 4193 decreverunt
1048 4137 1094 4209 qui
1110 4137 1181 4211 apud
1193 4139 1305 4194 Pontem
1323 4139 1420 4196 Vicum
1439 4135 1529 4194 stabat
1547 4141 1577 4193 ut
1593 4135 1643 4209 ipsi
1655 4133 1690 4190 de
1706 4132 1880 4206 Papiemihus

466 4231 605 4303 querelam
617 4231 762 4290 deterrent.
778 4253 792 4287 ι
808 4233 954 4304 Pergentes
972 4249 1034 4290 cum
1052 4235 1137 4291 multo
1156 4233 1249 4292 labore
1260 4241 1443 4308 pervenerunt
1453 4233 1578 4307 pedestre
1591 4233 1626 4288 ad
1644 4231 1730 4288 locum
1747 4230 1794 4303 qui
1810 4231 1881 4287 Pons

466 4327 551 4388 Vivus
565 4328 628 4401 (teg.
643 4329 715 4387 Pons
728 4327 819 4403 Vicus)
830 4335 958 4399 vocatur,
974 4330 1021 4386 ubi
1038 4331 1182 4404 imperator
1193 4347 1255 4388 oum
1267 4331 1387 4388 exercitu
1399 4331 1605 4399 demorabatur,
1619 4343 1734 4400 cumque
1745 4326 1881 4384 stetiment

465 4423 504 4481 ibi
516 4425 543 4481 in
556 4433 715 4500 paupertate
729 4432 758 4482 ct
770 4427 929 4484 necessitate
947 4427 1031 4484 multa
1043 4444 1092 4500 per
1103 4428 1161 4486 dies
1178 4428 1294 4502 aliquot,
1313 4428 1422 4485 tandem
1435 4427 1478 4484 die
1492 4428 1608 4500 quadem
1621 4423 1820 4498 opportunitate
1834 4423 1880 4478 in·

467 4527 561 4592 venta,
577 4522 706 4580 adeuntes
721 4521 911 4596 imperatorem
923 4523 993 4580 sicut
1007 4531 1071 4581 tunc
1081 4525 1193 4581 sedebat
1204 4526 1230 4579 in
1248 4539 1328 4598 equo,
1342 4522 1450 4580 allocuti
1460 4529 1522 4579 sunt
1534 4537 1611 4592 eum,
1624 4535 1657 4578 ea
1669 4535 1739 4593 quae
1753 4518 1879 4590 contige-

467 4624 528 4674 rant
542 4617 660 4677 breriter
672 4625 845 4694 exponentes.
868 4619 928 4694 lpse
946 4636 1009 4679 vero
1029 4637 1091 4678 cum
1107 4621 1239 4694 audisset,
1251 4621 1332 4692 abiit;
1345 4621 1411 4677 nihil
1430 4619 1501 4680 aiud
1516 4633 1598 4692 quam
1615 4616 1669 4675 sibi
1685 4615 1802 4673 doluisse
1815 4627 1878 4672 res·

467 4717 595 4790 perdita
