4350 5922
233 591 331 650 lunser.
352 585 413 668 lox}
686 583 883 644 HISTORIA
910 583 1203 646 ntrnoultrlclt.
1609 586 1650 648 39

235 722 407 794 inclinans
421 718 631 794 venerabilia
649 717 801 812 ipsorum
816 718 890 792 loca
908 729 942 790 et
958 719 995 790 in
1013 720 1063 792 sis
1077 717 1223 791 Domino
1238 717 1443 790 famulantes
1460 718 1517 812 pia
1535 719 1651 792 studet

234 843 454 940 providentia
466 842 588 916 insuia
600 841 704 933 justis
722 841 946 936 petitionibus
964 849 998 915 st
1011 840 1226 914 libertatibus
1240 841 1435 913 confovere.
1450 841 1522 912 Hac
1534 841 1652 938 itaque

235 967 511 1042 consideratione
529 965 643 1056 ducti,
664 974 786 1038 uotum
805 986 882 1038 esse
896 967 1058 1038 volumus
1074 976 1144 1038 um
1164 964 1381 1060 presentibus
1402 985 1506 1058 quam
1526 967 1651 1040 futuris

234 1091 332 1187 quod
355 1091 530 1164 constituti
554 1111 669 1163 coram
692 1089 794 1162 nobis
821 1089 1029 1162 venerabilis
1055 1089 1164 1162 abbas
1186 1097 1221 1162 et
1244 1097 1434 1161 conventus
1456 1090 1650 1162 Scottorum

236 1215 331 1311 apud
347 1215 549 1304 Wisnnam,
567 1211 688 1286 fideles
703 1211 831 1304 nostri;
848 1212 1046 1286 obtulerunt
1061 1211 1231 1304 maiestati
1248 1220 1363 1284 nostre
1388 1211 1565 1306 quoddam
1584 1215 1651 1308 pri·

236 1337 404 1432 vilegium
421 1337 595 1410 indultum
613 1337 663 1410 eie
681 1346 717 1412 ct
738 1337 883 1412 ecclesie
906 1359 970 1410 sue
985 1359 1007 1410 a
1022 1335 1199 1431 qnondam
1216 1335 1385 1431 Liupoldo
1401 1335 1491 1409 duce
1514 1337 1651 1411 Austris

237 1460 345 1535 felicis
359 1461 542 1553 memorie,
568 1460 743 1533 humiliter
759 1460 993 1558 supplicantes
1013 1469 1052 1532 ut
1072 1459 1165 1532 idem
1183 1458 1405 1555 privilegium
1428 1481 1594 1534 renovare
1617 1475 1652 1534 st

238 1585 441 1660 confirmare
464 1585 510 1658 de
538 1593 654 1658 nostra
685 1586 795 1680 gram
822 1583 1068 1678 dignaremur3
1097 1585 1197 1677 cujus
1220 1593 1316 1656 tenor
1344 1605 1404 1678 per
1434 1586 1549 1658 omnia
1576 1585 1652 1660 talis

240 1717 337 1782 erat:

285 1837 324 1907 ln
335 1833 477 1906 nomine
485 1842 603 1906 sancte
616 1841 651 1904 et
663 1831 848 1905 individue
858 1831 1047 1922 Trinitatis,
1059 1831 1167 1904 Patris
1179 1842 1214 1904 et
1228 1831 1302 1902 Filii
1314 1839 1348 1904 et
1360 1831 1508 1925 Spiritus
1520 1833 1648 1906 Sancti.

239 1956 449 2052 leupoldns,
468 1956 530 2028 Dei
543 1957 672 2048 gratia,
689 1955 766 2028 dux
782 1953 933 2029 Austris.
951 1955 1037 2028 Cum
1059 1955 1280 2051 protectionis
1301 1965 1416 2028 nostre
1434 1952 1550 2028 debito
1572 1956 1653 2028 uni·

240 2083 417 2155 carnaliter
431 2082 586 2154 omnium
609 2080 831 2154 ecclesiarum
852 2080 998 2172 injurias
1014 2101 1079 2176 pro
1102 2079 1236 2152 viribus
1253 2079 1378 2152 nostris
1402 2079 1603 2174 propulsare
1619 2089 1655 2153 et

240 2207 315 2302 paci
334 2205 565 2278 ecclesiastice
582 2202 764 2299 providere
779 2204 916 2296 dejure
929 2201 1131 2294 debeamus,
1148 2202 1340 2297 specialiter
1359 2212 1474 2276 tamen
1492 2203 1568 2276 illus
1585 2225 1655 2298 que

240 2329 350 2402 solum
369 2349 433 2400 nos
453 2327 489 2400 iu
506 2327 579 2398 suis
592 2327 853 2400 necessitatibus
868 2325 1057 2421 respiciunt
1072 2336 1107 2398 et
1124 2347 1194 2419 qne
1211 2324 1259 2398 ad
1274 2345 1337 2397 nos
1350 2327 1430 2417 jure
1444 2325 1655 2399 fundationis

240 2452 504 2546 perducatque
518 2451 622 2523 stiam
638 2450 738 2522 nobis
751 2451 945 2523 accuratius
961 2449 1145 2524 commisse
1158 2457 1252 2540 suot,
1264 2449 1413 2544 amplius
1426 2448 1605 2524 defensare
1621 2460 1657 2522 et

241 2575 351 2670 quieti
368 2576 523 2670 ipsarum
542 2575 722 2648 consulere
737 2575 884 2669 dignum
901 2572 1114 2666 judicamus.
1141 2572 1226 2648 lude
1243 2573 1407 2667 estquod
1429 2595 1493 2648 nos
1512 2583 1656 2670 paterne

241 2697 467 2772 institutionis
478 2719 706 2790 successores,
718 2698 755 2770 in
770 2697 915 2772 ecclesia
922 2697 1110 2773 Viennensi
1118 2699 1296 2770 Scotorum
1305 2698 1503 2786 existentes,
1515 2708 1657 2792 paterne

242 2823 345 2896 etiam
355 2822 492 2918 pictatis
500 2821 599 2916 sequi
608 2820 709 2894 decet
718 2821 937 2895 devotionem
949 2831 987 2895 ut
997 2843 1067 2918 que
1076 2823 1186 2918 ipsius
1198 2821 1377 2915 diligentia
1387 2821 1501 2894 eidem
1512 2823 1657 2896 ecclesie

242 2946 399 3038 contulit,
412 2946 477 3019 bec
490 2955 525 3020 et
537 2945 604 3018 alia
616 2945 768 3040 posthsc
779 2945 1006 3042 superaddita
1018 2945 1162 3019 distrahi
1171 2947 1368 3019 nullatenus
1378 2945 1561 3040 patiamur.
1571 2947 1656 3020 Cum

243 3073 337 3144 enim
352 3071 468 3144 variss
486 3079 521 3142 et
536 3069 692 3142 diversas
701 3070 853 3164 justitias
877 3071 914 3142 in
932 3081 1025 3145 terra
1041 3079 1158 3144 nostra
1172 3071 1251 3163 jure
1264 3070 1439 3163 requirere
1450 3069 1653 3162 debeamus,

243 3217 305 3268 nos
318 3206 433 3268 tamen
446 3193 602 3268 redditus
614 3194 724 3290 ipsius
735 3195 877 3268 ecclesie
889 3195 935 3268 ab
947 3195 1127 3287 omnijnrs
1139 3203 1255 3268 nostro
1266 3203 1336 3266 mm
1347 3194 1504 3288 aplacito
1516 3195 1656 3288 provin·

244 3319 320 3392 ciali
335 3318 431 3413 qnod
445 3319 552 3413 vulgo
568 3319 710 3392 Lantiuc
721 3317 849 3391 dicitur
862 3341 967 3414 quam
981 3341 1004 3394 a
1018 3319 1148 3414 pabulo
1161 3317 1256 3412 quod
1269 3317 1440 3390 marstallo
1453 3325 1570 3390 nostro
1584 3320 1658 3391 sol·

244 3442 338 3514 uitur
352 3441 729 3531 scilicetllarcbmntte,
745 3441 885 3536 penitus
897 3442 1102 3538 excepimus
1117 3451 1152 3516 st
1167 3443 1294 3514 liberos
1309 3462 1384 3514 csse
1402 3441 1657 3537 inperpetuum

245 3565 442 3638 statuimus.
473 3563 557 3638 lnds
584 3565 614 3636 si
644 3562 787 3658 quidem
820 3563 939 3638 divine
968 3574 1086 3640 contra
1113 3585 1178 3636 nos
1211 3564 1460 3656 indignationis
1490 3565 1657 3638 offensam

246 3709 435 3784 provocare
450 3689 648 3762 timeremus
665 3697 705 3760 ut
720 3686 817 3782 quod
838 3687 946 3783 patris
966 3689 1073 3762 nostri
1095 3688 1234 3762 traditio
1255 3688 1302 3762 ad
1323 3695 1475 3761 eternam
1499 3690 1658 3762 obtinen-

247 3810 327 3884 dam
351 3813 496 3884 salutem
511 3813 584 3884 Deo
602 3811 748 3902 obtulit,
768 3831 832 3883 nos
847 3833 968 3883 rursus
984 3811 1032 3884 ad
1049 3833 1135 3884 usus
1153 3821 1285 3885 nostros
1301 3810 1427 3906 redire:
1438 3833 1655 3903 cogeremus.

247 3934 296 4008 Ne
316 3934 398 4029 quis
419 3943 535 4008 antem
553 3935 597 4008 de
614 3945 727 4008 cetero
747 3933 860 4027 judex
883 3935 959 4008 eive
981 3955 1085 4030 preco
1111 3935 1188 4008 sive
1208 3936 1313 4008 etiam
1339 3936 1569 4010 marschalcns
1598 3947 1660 4010 ant

248 4059 391 4153 quilibet
405 4059 560 4132 officialis
579 4068 695 4133 noster
714 4059 750 4130 in
768 4059 868 4132 bonis
884 4060 1027 4132 fratrum
1046 4058 1199 4154 predicte
1222 4059 1365 4133 ecclesis
1391 4060 1484 4132 intus
1501 4069 1561 4135 aut
1576 4061 1659 4134 foris

248 4183 374 4256 audeat
395 4193 510 4258 nostre
527 4185 705 4280 repentine
718 4183 792 4281 (sic)
807 4183 941 4276 justitie
962 4205 1069 4278 quam
1087 4206 1229 4280 prorsus
1247 4185 1297 4258 eis
1312 4185 1508 4258 remisimus
1526 4184 1659 4279 aliquid

248 4307 409 4402 exigere,
430 4307 584 4382 districte
600 4308 825 4404 prohibemus
841 4317 876 4380 et
891 4308 1060 4403 presentis
1080 4309 1198 4404 scripti
1216 4309 1324 4382 nostri
1344 4309 1587 4405 pagiua'qnod
1607 4309 1660 4380 si-

248 4429 324 4522 gilli
342 4431 451 4504 nostri
474 4433 696 4527 impressione
725 4433 938 4508 munivimus
965 4433 1216 4508 interdicimus.
1236 4435 1354 4508 Testes
1375 4435 1478 4507 stiam
1502 4434 1660 4506 subscri-

247 4553 369 4627 bentes
382 4563 454 4628 um
467 4557 593 4630 liberos
604 4577 709 4652 quam
723 4556 962 4632 ministeriales
977 4585 986 4630 ε
999 4558 1205 4634 Chunradus
1221 4579 1337 4632 comes
1349 4557 1394 4632 de
1405 4559 1527 4645 Raker,
1545 4579 1660 4632 comes

247 4675 427 4752 Conradns
440 4677 486 4754 ds
501 4679 676 4775 Bibteine,
699 4701 814 4756 comes
833 4681 1031 4778 Leupoldus
1047 4679 1092 4756 de
1109 4681 1240 4776 Pleien,
1258 4681 1337 4755 Otto
1354 4680 1399 4754 de
1416 4679 1657 4774 lengenbach,
