4226 5900
485 543 545 606 ms
782 521 785 526 '
983 539 1198 602 rnruurucr
1226 541 1401 603 sscuuor
1705 543 1787 621 [aas.
1807 543 1893 606 reas.

485 685 611 751 statuta
625 681 877 770 presumerent,
894 673 940 746 ad
955 668 1212 749 defendendum
1225 677 1262 748 in
1278 677 1433 772 pomonis
1448 685 1484 750 et
1495 676 1602 750 rebus
1614 698 1704 772 quas
1716 677 1754 750 iu
1772 677 1895 752 oedem

485 809 585 896 portu
603 799 749 872 emerint
760 817 881 870 omnes
898 796 960 890 qui
976 806 1114 893 proptor
1124 798 1191 872 hcc
1204 801 1376 890 venerint,
1391 800 1450 874 dat
1464 801 1564 874 vebis
1577 823 1680 875 omne
1696 802 1894 894 consilium,

485 923 656 998 auxilium
670 931 703 996 et
715 923 880 995 savorem.
901 919 1069 992 Volumus
1084 923 1175 996 enim
1191 944 1250 996 eos
1265 943 1384 998 omues
1397 927 1537 997 securos
1552 934 1587 998 et
1603 924 1807 1021 indempnes
1822 947 1898 998 esse

487 1050 523 1120 in
538 1047 693 1142 personis
707 1055 741 1119 et
754 1045 870 1137 rebus,
886 1054 922 1118 et
938 1044 1040 1119 dictis
1053 1045 1259 1120 officialibus
1276 1057 1417 1144 propter
1428 1049 1496 1121 hoc
1508 1049 1712 1123 mundatum
1724 1051 1897 1123 mictimus

487 1171 647 1268 speciale.
667 1169 874 1243 Maudamus
891 1168 991 1242 vobis
1015 1178 1170 1265 preterea
1187 1179 1226 1244 ut
1248 1172 1285 1243 iu
1313 1169 1382 1244 fine
1404 1171 1589 1264 cujuslibet
1613 1173 1712 1264 anni,
1740 1159 1831 1247 lacta
1854 1173 1899 1248 de

487 1295 738 1387 omnibusque
761 1292 956 1388 receperitis
977 1304 1012 1365 et
1036 1315 1106 1388 que
1132 1294 1225 1368 dicto
1250 1296 1413 1389 magistro
1440 1296 1542 1368 erarii
1562 1298 1821 1392 migraveritis
1843 1317 1898 1372 ra-

487 1419 599 1508 tione,
617 1425 722 1492 totam
742 1437 912 1490 summam
931 1414 1077 1489 fideliler
1098 1425 1134 1489 et
1149 1415 1312 1490 distincte
1329 1419 1430 1491 nobis
1447 1419 1514 1491 sub
1528 1420 1641 1514 sigillo
1658 1429 1774 1493 vestro
1790 1421 1898 1512 sigui·

488 1539 590 1614 ficare
613 1540 751 1613 curetis.
771 1541 940 1612 Volumus
962 1541 1065 1612 etiam
1088 1549 1126 1611 ut
1148 1541 1271 1614 incolis
1294 1541 1392 1636 regui
1409 1543 1564 1637 prodicta
1584 1544 1748 1617 victualia
1763 1553 1799 1616 et
1815 1543 1898 1617 ani-

488 1665 591 1738 malia
615 1664 645 1740 si
671 1662 843 1736 volueriut
862 1662 1044 1736 extrahere
1070 1672 1106 1735 et
1127 1663 1262 1736 delerre
1276 1665 1439 1737 venetias
1461 1665 1691 1759 permictatis,
1715 1675 1817 1740 caute
1833 1666 1900 1738 hoc

489 1789 654 1860 iacientes
676 1779 716 1857 u't
736 1807 806 1859 nou
821 1784 984 1858 videatur
1006 1787 1211 1876 generaliter
1233 1785 1395 1860 omnibus
1414 1807 1491 1860 esse
1513 1787 1718 1884 permissum
1736 1809 1802 1861 nec
1817 1810 1900 1884 per-

488 1911 604 1983 veniat
615 1910 662 1984 ad
678 1909 833 1983 notitiam
850 1911 1071 1982 Venetorum.

536 2037 662 2106 Datum
679 2033 714 2104 in
736 2033 856 2106 castris
868 2055 975 2129 prope
992 2032 1247 2132 Mediolanum,
1267 2031 1475 2126 vodebris,
1494 2033 1573 2106 xm
1588 2033 1800 2107 indictionis.

537 2161 620 2230 ilem
633 2159 791 2252 scripsit:

559 2290 565 2372 1
587 2281 799 2371 Fredericus,
816 2289 898 2374 etc,
916 2281 1049 2354 notario
1066 2280 1225 2376 Philippo
1239 2281 1285 2354 de
1297 2282 1422 2353 Sancto
1435 2278 1602 2374 Gregorio
1619 2280 1663 2354 de
1679 2281 1836 2354 Salemo.
1855 2283 1903 2355 lle

490 2417 549 2478 tua
570 2405 752 2501 prudentia
757 2455 1129 2476 ..........
1149 2403 1331 2475 statuimus
1358 2411 1394 2476 te
1418 2403 1588 2476 notarium
1614 2403 1649 2474 in
1672 2413 1774 2498 portu
1790 2405 1902 2477 Veteri

491 2550 603 2625 nuper
622 2537 761 2601 statuto.
784 2528 822 2599 lu
839 2548 911 2622 quo
927 2528 1031 2600 etiam
1047 2526 1244 2600 Oderisium
1260 2526 1434 2618 Peregrini
1452 2525 1497 2600 de
1512 2527 1630 2622 Capua
1650 2527 1819 2600 duximus
1833 2537 1904 2600 sta·

492 2653 674 2744 tuendum,
689 2652 780 2725 sicut
796 2673 857 2748 per
875 2652 1047 2748 plenarias
1062 2651 1198 2725 licteras
1216 2659 1349 2724 noauas
1359 2673 1448 2746 quas
1462 2651 1496 2723 ei
1512 2651 1763 2724 transmisimus
1780 2653 1857 2744 ejus
1871 2665 1905 2726 ct

491 2789 590 2852 tuum
607 2777 759 2850 officium
763 2827 1421 2848 .................
1440 2775 1567 2870 poteris
1581 2775 1772 2848 manifeste.
1792 2777 1905 2861 Quare

494 2903 652 2976 fidelitati
675 2911 734 2974 tue
762 2901 983 2997 precipiendo
1009 2899 1216 2974 mandamus
1240 2909 1414 2995 quatenus
1437 2901 1554 2973 statim
1577 2899 1663 2972 visis
1689 2900 1756 2996 hys
1780 2901 1905 2974 lictoris

495 3029 651 3101 conseras
669 3035 703 3098 te
718 3025 764 3098 ad
785 3025 916 3098 dictum
921 3076 1337 3098 ...........
1356 3045 1428 3097 una
1445 3045 1524 3096 cum
1543 3045 1587 3097 eo
1602 3025 1639 3096 in
1656 3023 1770 3097 officio
1788 3034 1904 3120 portus

494 3152 650 3246 ejusdem
668 3149 855 3245 procedere
877 3147 1018 3222 studeas
1034 3151 1138 3244 juxta
1159 3149 1313 3244 priorum
1329 3156 1521 3222 nostrarum
1540 3149 1786 3222 continentiam
1802 3149 1904 3221 licte-

495 3297 624 3348 rarum.

544 3402 682 3494 (ilatum
701 3407 741 3470 ut
759 3395 894 3493 supra.)

546 3527 629 3595 item
646 3521 805 3613 scripsit:

545 3645 758 3729 Fredericus,
774 3653 856 3734 etc.‚
870 3640 1010 3714 Andree
1025 3640 1070 3714 de
1085 3641 1198 3714 Cicala
1211 3641 1390 3736 capitaneo
1404 3650 1536 3736 aperta
1548 3641 1662 3713 Roseti
1674 3661 1788 3734 usque
1799 3643 1904 3713 Trou·

498 3782 571 3841 tum
588 3767 734 3841 adfines
752 3767 863 3861 regni,
877 3775 943 3838 etc.
959 3766 1115 3838 Generali
1128 3763 1201 3838 fisci
1215 3763 1274 3862 (a),
1289 3774 1372 3856 eto,
1384 3787 1486 3859 aspre
1498 3774 1637 3860 recepta
1650 3763 1733 3836 suut
1752 3765 1790 3834 in
1797 3765 1905 3859 priam

500 3895 625 3966 lietera.
645 3891 731 3963 Cum
749 3891 855 3984 igitur
870 3890 959 3962 inira
972 3888 1247 3982 jurisdictionem
1267 3899 1363 3962 tuam
1385 3889 1422 3962 in
1438 3889 1536 3961 Torri
1555 3890 1658 3962 Maris
1676 3909 1807 3960 novum
1829 3909 1906 3983 pon

498 4027 572 4089 lum
592 4026 627 4089 et
651 4017 687 4086 iu
705 4035 748 4088 ec
764 4013 944 4087 custodem
965 4013 1148 4086 Henricum
1173 4013 1219 4088 de
1236 4013 1395 4087 Tenardc
1413 4013 1459 4087 de
1474 4011 1669 4086 Brundusio
1685 4021 1721 4085 et
1734 4013 1905 4085 notamum

498 4139 721 4214 Prudentium
748 4138 794 4211 de
817 4139 970 4209 Hostuno
994 4147 1029 4210 et
1055 4137 1210 4210 similiter
1233 4137 1279 4210 de
1303 4146 1464 4232 portuum
1488 4137 1689 4210 custodibus
1711 4147 1746 4208 et
1766 4136 1906 4208 notariis

495 4263 677 4354 distincte,
695 4262 783 4334 sicut
809 4261 978 4355 posterius
1001 4261 1214 4351 continetur,
1241 4259 1409 4333 duximus
1430 4259 1647 4352 statuendos,
1673 4259 1828 4332 fidelitati
1851 4270 1907 4331 tue

500 4385 722 4482 precipiendo
741 4385 946 4458 mandamus
968 4394 1139 4479 quatenus
1164 4385 1356 4478 aquolibet
1375 4385 1605 4480 predictorum
1630 4385 1758 4478 quibus
1780 4383 1907 4458 exinde

541 4542 582 4621 (a)
605 4543 671 4604 Nou
685 4541 880 4602 dubltundum
894 4543 966 4619 qulu
984 4543 1043 4601 alut
1056 4557 1091 4602 ca
1108 4557 1184 4619 quae
1197 4541 1305 4603 desum
1326 4545 1421 4621 prima
1433 4543 1524 4605 verba
1542 4543 1672 4604 mandati
1689 4543 1727 4604 ad
1740 4523 1906 4606 Odmislum

500 4651 619 4722 dlrecll,
634 4649 745 4710 scilicet
760 4665 768 4706 ε
783 4644 918 4710 dccccli
924 4645 994 4726 fisci
1005 4645 1147 4708 commodo
1154 4645 1348 4728 procidentes.
