4242 5904
217 582 315 642 lucror.
335 578 398 655 ll]
671 576 867 638 HISTORIA
893 575 1185 638 ululollllulcrt
1571 577 1632 640 209

265 717 305 786 ln
324 713 465 785 nomine
481 710 620 782 Domini
634 712 740 784 nostri
753 713 834 784 Jeso
848 711 983 784 Christi.
996 712 1097 784 Anno
1112 711 1269 805 ejusdem
1290 711 1537 785 incarnationis
1551 713 1630 784 mil·

216 837 337 910 lesimo
363 833 605 926 ccxxxvlll,
637 835 827 929 imperante
850 835 992 908 domino
1018 847 1137 910 nostro
1170 834 1372 926 Frederico,
1397 835 1631 910 Romanorum

215 961 422 1056 imperatore
448 979 584 1053 semper
608 968 775 1052 augusto,
797 961 984 1032 Jerusalem
1012 969 1046 1032 et
1074 961 1189 1032 Sicilie
1218 981 1318 1052 rege,
1347 959 1544 1033 indictione.
1564 962 1629 1052 Xl,

215 1085 344 1156 mensis
373 1083 463 1177 junii
487 1083 545 1154 die
574 1080 740 1154 secunda.
767 1083 890 1155 Fateor
916 1104 981 1175 ego
1008 1083 1159 1154 lacobus
1183 1081 1325 1154 Girandi
1356 1081 1443 1152 civis
1469 1103 1632 1155 romanus

215 1207 314 1300 quod
338 1207 374 1277 iu
397 1206 570 1299 presentia
593 1205 747 1276 virorum
778 1205 947 1276 nobilium
977 1205 1198 1276 dominorum
1224 1206 1312 1276 Petri
1338 1205 1538 1298 Fraiapanis
1562 1203 1576 1299 (
1601 1203 1630 1300 ),

216 1329 382 1400 Gualterii
401 1328 446 1400 de
468 1328 606 1418 Cicela,
626 1327 793 1400 Iohannis
809 1328 899 1399 Petri
921 1327 1095 1413 Benaudi‚
1119 1329 1255 1400 Martini
1279 1329 1409 1400 Ferrari
1437 1327 1483 1400 de
1508 1331 1632 1400 Sancto

217 1454 405 1541 Germano,
426 1452 525 1524 tactis
548 1452 766 1545 corporaliter
784 1451 1011 1524 sacrosanctis
1034 1452 1250 1543 Evangeliis,
1269 1452 1384 1542 juravi
1402 1451 1542 1524 domino
1566 1453 1632 1524 im-

217 1576 365 1670 peratori
381 1575 627 1668 vassallagium
650 1575 685 1645 in
708 1574 802 1646 hunc
818 1575 962 1647 modum
981 1601 989 1644 ε
1009 1575 1082 1668 Ego
1101 1575 1251 1646 lacobus
1265 1576 1346 1665 juro
1364 1573 1410 1648 ed
1428 1575 1493 1648 hec
1514 1585 1632 1649 sancta

217 1701 278 1772 Dei
296 1699 488 1792 Evangelia
504 1697 600 1791 quod
613 1699 658 1770 ab
677 1696 742 1770 hac
759 1720 820 1770 ora
838 1699 914 1794 (sic)
929 1699 964 1767 in
992 1709 1092 1770 antea
1113 1719 1173 1770 ero
1195 1699 1365 1770 vassallus
1382 1707 1417 1770 ct
1435 1697 1547 1770 fidelis
1562 1698 1632 1771 do-

216 1825 313 1896 mino
336 1833 453 1896 nostro
478 1822 675 1912 Frederico‚
704 1823 764 1894 Dei
790 1823 900 1915 gratia
928 1823 1160 1894 Romanorum
1183 1822 1379 1916 imperatori
1407 1843 1542 1917 semper
1568 1845 1631 1894 au·

218 1955 337 2039 gusto,
356 1945 546 2018 Jerusalem
565 1953 599 2016 et
615 1944 731 2016 Sicilie
749 1945 842 2037 regi,
863 1953 897 2016 et
901 1996 1272 2016 ..........
1301 1966 1360 2017 ero
1384 1944 1514 2018 indicto
1535 1967 1633 2020 sacro

218 2069 360 2142 consilio
375 2120 830 2140 ............
857 2089 1027 2141 consensu
1052 2069 1198 2161 qualiter
1213 2121 1630 2143 ...........

219 2214 279 2265 seu
305 2201 431 2264 terram
455 2192 512 2264 vel
535 2191 700 2264 honorem
725 2213 795 2263 nou
818 2193 976 2281 afflictat,
1005 2215 1046 2264 ac
1068 2213 1205 2264 omnem
1231 2191 1337 2266 linem
1357 2202 1391 2264 et
1412 2193 1633 2268 devotionem

219 2315 398 2408 guardabo
416 2317 452 2386 in
467 2316 614 2408 negotiis
642 2326 676 2388 et
699 2316 847 2388 servitiis
867 2317 959 2402 suis,
984 2327 1019 2388 et
1046 2337 1108 2410 pro
1131 2317 1280 2388 servitiis
1308 2328 1343 2388 et
1368 2317 1538 2390 mandatis
1561 2319 1633 2390 suis

221 2439 365 2512 fideliter
381 2437 599 2532 exequendis
615 2461 676 2512 ero
695 2439 842 2512 lideliter
856 2450 891 2511 et
906 2441 1088 2513 efficaciter
1104 2440 1237 2512 amicus
1255 2451 1289 2511 et
1304 2441 1441 2531 adjutor
1457 2442 1548 2514 bona
1563 2440 1634 2514 lide

218 2583 281 2655 pro
298 2583 405 2656 posse
422 2583 500 2634 meo
515 2563 671 2634 omnium
689 2562 844 2635 fidelium
861 2575 896 2636 et
913 2563 1104 2636 amicorum
1122 2562 1232 2656 ipsius
1251 2561 1384 2632 domini
1405 2563 1631 2658 imperatoris,

220 2695 252 2757 et
280 2686 472 2757 contrarius
504 2707 564 2758 ero
593 2685 748 2759 omnium
775 2686 1022 2758 contrariorum
1047 2696 1082 2756 et
1106 2685 1388 2758 adversariorum
1422 2709 1564 2760 suorum
1598 2688 1635 2760 in

220 2809 380 2880 omnibus
398 2810 545 2903 negotiis
563 2809 720 2902 ejusdem
738 2809 870 2882 domini
889 2809 1123 2905 imperatoris;
1145 2831 1186 2882 ea
1206 2810 1308 2882 etiam
1327 2810 1531 2904 omniaque
1550 2812 1634 2885 mibi

219 2953 280 3026 per
295 2933 441 3006 nuncios
465 2943 500 3006 et
517 2933 646 3006 litteras
664 2955 745 3006 suas
764 2935 917 3026 injuncta
937 2934 1095 3023 luerunt,
1119 2952 1183 3026 pro
1206 2953 1307 3028 posse
1330 2954 1408 3006 meo
1433 2932 1580 3008 fideliter
1601 2946 1636 3008 ct

220 3056 401 3128 efficaciter
434 3056 632 3151 adimplebo
660 3067 694 3130 et
723 3058 790 3130 sub
820 3056 1030 3128 credentiam
1059 3057 1183 3128 tenebo
1214 3077 1327 3150 usque
1356 3057 1404 3129 ad
1431 3057 1634 3130 mandatum

220 3179 328 3270 ipsius
351 3178 481 3252 domini
501 3179 714 3273 imperatorie
739 3189 774 3252 et
792 3180 996 3252 nunciorum
1010 3201 1166 3268 suorum,
1185 3180 1284 3251 selvo
1308 3189 1423 3252 tamen
1443 3180 1541 3275 quod
1567 3182 1635 3254 do·

220 3303 334 3376 minus
360 3303 547 3397 imperator
575 3324 644 3377 nou
671 3305 789 3376 veniat
813 3304 859 3377 ad
885 3324 1046 3396 guerram
1072 3304 1277 3396 generaliter
1305 3325 1385 3374 cum
1415 3305 1578 3377 Romanis
1600 3316 1635 3376 et

220 3425 339 3497 tendat
356 3427 535 3499 manifeste
549 3426 595 3499 ad
611 3427 851 3500 confusionem
869 3427 981 3500 Urbis.
998 3428 1069 3499 Hec
1086 3435 1202 3499 autem
1222 3428 1340 3498 omnia
1359 3437 1392 3499 et
1410 3428 1547 3520 singula
1565 3451 1635 3522 que

219 3549 415 3643 supradicta
432 3561 514 3622 sunt
527 3554 608 3642 juro
633 3561 671 3622 ut
687 3551 818 3624 dictum
835 3559 890 3623 est
904 3549 1083 3623 attendere
1101 3559 1136 3623 et
1153 3550 1337 3624 observare
1354 3573 1533 3646 proposse
1555 3574 1634 3626 meo

221 3673 309 3744 bona
324 3673 395 3747 fide
419 3675 494 3748 sine
520 3675 641 3748 fraude
655 3684 690 3748 et
715 3677 804 3748 malo
829 3674 981 3769 ingenio.
1000 3675 1056 3746 Sic
1082 3696 1137 3746 me
1160 3671 1321 3746 domiuus
1347 3674 1489 3766 adjuvet
1519 3685 1553 3747 et
1570 3676 1634 3748 bec

227 3879 468 3892 u--n-o—-u
472 3883 590 3892 --·-—----
595 3883 766 3893 ---—--—
770 3884 784 3892 -

253 4010 287 4083 (l)
306 4009 430 4068 Abanno
449 4013 518 4069 ⁴2³6
537 4013 632 4069 Petrus
650 4011 820 4085 Frangipanis
839 4013 987 4070 dominium
1002 4012 1103 4070 Itomae
1123 4010 1266 4069 exercebat
1286 4028 1335 4084 pro
1355 4017 1431 4086 parte
1450 4013 1630 4086 imperatoris.

219 4107 277 4163 lid.
290 4123 384 4181 supra,
401 4115 422 4164 t.
437 4109 484 4178 IV,
495 4127 522 4182 p.
534 4113 582 4164 llil
601 4114 628 4166 et
641 4116 695 4166 not.
711 4113 736 4165 l.
748 4109 823 4166 Circa
837 4109 973 4167 octobrem
986 4111 1055 4166 ttal
1067 4109 1228 4166 lateranum
1241 4107 1321 4164 rediit
1333 4124 1403 4182 pape
1413 4108 1495 4166 invito
1507 4116 1632 4166 seuawre

218 4205 338 4262 iohanne
346 4203 437 4262 Cincio
446 4205 491 4278 qui
505 4207 640 4266 Friderico
650 4208 767 4264 moundo
777 4208 949 4264 adhaerebat.
960 4207 1013 4264 Sed
1024 4207 1113 4264 denuo
1124 4205 1297 4263 seditionibus
1309 4207 1411 4264 exortis
1420 4213 1529 4280 propter
1541 4208 1632 4264 Vitar-

218 4301 328 4359 bienees
347 4317 416 4375 quos
431 4303 500 4360 inter
518 4309 546 4360 et
561 4304 696 4363 Romanos
713 4306 804 4363 edum
823 4311 901 4362 retus
921 4305 1041 4376 vigebat,
1057 4303 1203 4374 Gregorius
1221 4304 1261 4360 lx
1279 4303 1386 4360 exulare
1399 4311 1521 4375 coactus,
1538 4319 1631 4361 mense

213 4401 289 4472 junio
305 4403 375 4459 ⁴2³8
388 4400 535 4473 Anagniarn
549 4419 578 4458 ee
591 4403 713 4460 eontulit.
726 4403 765 4460 (ΙΙ.
783 4405 833 4459 Vit.
845 4405 957 4476 Grepor.
971 4403 1086 4475 1X,np.
1099 4402 1257 4470 Mosarna„
1268 4401 1414 4484 Scriptus,
1431 4407 1452 4456 t.
1464 4401 1510 4469 111,
1522 4417 1549 4472 p.
1565 4405 1629 4472 tat,

218 4501 279 4553 5⁸2.
292 4517 305 4550 r
319 4497 412 4556 Mense
420 4499 522 4556 octobri
535 4499 680 4572 Gregorius
692 4516 761 4574 papa
774 4501 807 4556 de
821 4501 942 4573 Anagnia
951 4501 1029 4556 rediit
1043 4500 1076 4556 ad
1088 4498 1189 4556 Urbem
1202 4499 1247 4554 ubi
1261 4499 1324 4556 novi
1336 4499 1464 4556 conlulati
1475 4505 1538 4556 sunt
1549 4513 1628 4555 sena·

218 4599 298 4651 tores.
311 4613 325 4646 s
340 4595 417 4652 llroc.
437 4599 511 4655 ons.
527 4597 619 4655 Gerar.
639 4598 674 4654 ad
692 4614 754 4654 ann.
772 4601 855 4670 ⁴2³8,
869 4613 913 4671 ap.
934 4599 1092 4666 Munlror„
1108 4596 1254 4669 Scriptor„
1267 4600 1287 4652 t.
1307 4595 1369 4666 Vll,
1382 4613 1410 4669 p.
1429 4598 1507 4652 tolo.
1525 4595 1631 4653 Scilicet

219 4705 309 4748 mense
323 4698 451 4764 exeunte,
466 4693 531 4751 dum
544 4695 671 4752 vicesimo
683 4701 777 4754 octavo
785 4695 828 4752 die
839 4694 956 4752 octobris
969 4694 1057 4750 adbuc
1067 4693 1203 4766 Anagniae
1215 4708 1286 4766 papa
1299 4698 1458 4752 moraretur.

299 4789 334 4850 V.
1430 4801 1466 4853 27
