4224 5898
484 562 546 624 ata
983 557 1196 620 nataautct
1221 557 1394 620 SECUNDI
1707 560 1786 644 [dnn.
1804 563 1889 626 lats.

486 718 569 768 usus
588 713 710 786 erogas
729 711 931 786 egenorum.
955 691 1024 766 Sed
1042 703 1081 765 ut
1103 701 1246 782 testatur
1261 692 1450 787 Anagnia,
1464 693 1637 768 mandasti
1652 694 1797 769 domum
1819 695 1892 772 lieri

485 819 697 910 mirabilem,
716 817 805 890 sicut
832 817 929 908 regia
950 817 1032 890 solis
1053 827 1143 908 arat,
1164 817 1292 890 oblitus
1313 839 1457 912 prorsus
1476 817 1565 890 Petri
1594 819 1727 914 inopie,
1749 821 1812 916 qui
1830 823 1893 896 du·

486 945 569 1018 dnm
596 964 666 1016 non
688 941 809 1014 habuit
832 941 898 1013 nisi
919 950 1010 1032 rete;
1035 949 1070 1012 et
1091 940 1187 1034 qnod
1209 941 1309 1035 pejus
1327 951 1381 1014 est
1405 943 1527 1026 etiam,
1551 941 1608 1015 illa
1627 951 1747 1016 nostra
1769 945 1893 1017 Hieru-

485 1069 612 1158 salem,
631 1067 668 1137 in
685 1086 757 1160 qua
771 1063 923 1136 Christus
938 1063 1049 1136 effuso
1070 1064 1238 1157 sangnine
1254 1064 1326 1160 pati
1340 1066 1451 1138 voluit
1468 1075 1503 1138 et
1516 1065 1642 1155 occidi,
1660 1067 1755 1159 jacet
1770 1069 1893 1142 ancilla

486 1190 629 1264 canibus
657 1198 693 1262 et
718 1187 899 1260 tributaria
924 1188 1114 1261 Saracenis.
1142 1188 1185 1260 Et
1214 1197 1252 1260 tn
1284 1188 1407 1262 Christi
1435 1189 1587 1262 vicarius
1613 1191 1650 1262 in
1674 1191 1741 1263 hoc
1765 1189 1893 1264 dormis

486 1335 551 1386 nec
575 1333 676 1386 curas
703 1313 799 1406 quod
828 1320 944 1385 nostra
971 1311 1065 1384 dolet
1088 1311 1262 1384 hereditas
1287 1311 1334 1386 ad
1359 1311 1445 1384 alios
1467 1313 1643 1385 devoluta.
1673 1313 1778 1387 Sedet
1802 1315 1894 1386 enim

488 1438 627 1512 deserta
645 1436 786 1527 civitas,
806 1436 888 1508 olim
907 1437 1009 1530 plena
1026 1435 1155 1530 populo
1171 1445 1206 1508 et
1221 1436 1383 1529 mutibus
1402 1436 1578 1531 speciosa,
1595 1437 1737 1510 Romani
1751 1437 1894 1532 quidem

488 1561 648 1634 antistitis
666 1561 760 1632 omni
781 1581 921 1654 prorsus
936 1559 1060 1632 solatio
1079 1559 1256 1650 destituta,
1274 1559 1426 1632 lundens
1443 1560 1537 1632 rivos
1554 1561 1808 1650 amaritudinis,
1825 1583 1895 1656 qne

486 1685 540 1758 lae
560 1694 596 1758 et
614 1685 682 1756 mel
700 1683 782 1756 olim
810 1681 956 1756 tundere
980 1683 1173 1756 consuevit.
1199 1684 1277 1754 Vox
1299 1684 1417 1776 cujus,
1436 1684 1536 1776 quasi
1561 1703 1631 1757 vox
1656 1685 1800 1756 turturis
1826 1706 1895 1779 qne

487 1831 550 1905 pro
566 1817 671 1880 cantu
690 1806 750 1880 dat
771 1807 956 1901 gemitum,
975 1806 1120 1879 viduata
1140 1809 1251 1902 plorat
1268 1807 1392 1899 anxie,
1418 1809 1516 1880 velut
1537 1808 1662 1881 Rachel
1682 1805 1771 1881 filios
1789 1829 1892 1900 snos,

488 1931 583 2027 quod
603 1932 640 2002 in
659 1931 786 2025 templo
807 1940 926 2002 sancto
945 1951 1009 2002 suo
1025 1952 1096 2003 non
1114 1929 1211 2002 videt
1229 1931 1397 2003 sabbatha
1416 1931 1593 2021 venerari,
1613 1932 1755 2006 assidue
1767 1932 1895 2027 Regem

487 2077 608 2150 regum
626 2074 808 2126 romanum
834 2061 1019 2148 expectans
1039 2053 1249 2149 principem,
1269 2054 1477 2148 captivitatis
1493 2076 1556 2127 sue
1573 2053 1756 2146 lidnciam,
1780 2064 1816 2128 et
1840 2055 1894 2127 sui

488 2179 683 2253 exterminii
699 2177 962 2274 redemptorem.
978 2179 1030 2249 Tu
1043 2187 1158 2250 autem
1175 2179 1296 2269 hostis,
1311 2177 1464 2252 Heredes
1480 2179 1598 2273 impie,
1614 2179 1697 2251 illuc
1712 2179 1761 2252 irc
1775 2179 1893 2272 times3

488 2302 574 2398 lapis
591 2301 790 2375 offensionis
808 2311 843 2373 et
860 2311 958 2396 petra
981 2301 1152 2392 scandali,
1175 2301 1279 2374 maris
1296 2309 1331 2374 st
1346 2311 1436 2374 torre
1451 2302 1588 2374 semitas
1603 2302 1832 2395 conturbasti,
1849 2323 1897 2375 ne

489 2429 590 2500 Cesar
605 2425 682 2516 iste,
701 2424 859 2497 mirabile
874 2424 998 2497 mundi
1016 2425 1133 2496 lumen
1152 2433 1185 2496 et
1204 2425 1385 2520 speculum
1403 2424 1478 2498 sine
1496 2445 1597 2517 ruga,
1613 2434 1790 2498 succurrat
1802 2445 1898 2498 more

490 2551 633 2624 Cesareo
649 2559 737 2622 terre
755 2548 831 2620 Dei.
849 2547 918 2620 Sed
934 2569 1013 2620 cnm
1031 2546 1190 2620 delendis
1201 2547 1372 2621 hereticos
1386 2547 1592 2644 perditionis
1605 2547 1693 2621 lilios
1708 2557 1743 2620 et
1756 2550 1896 2639 amris,

490 2673 611 2746 audire
640 2681 737 2767 potes
765 2671 886 2744 meritc
912 2671 1059 2743 verbum
1085 2671 1199 2743 illud:
1222 2695 1240 2740 o
1263 2671 1366 2744 Error
1389 2672 1446 2743 cni
1470 2693 1542 2744 non
1560 2671 1739 2764 resistitur,
1766 2671 1899 2767 adplu-

491 2797 604 2868 batur.
625 2817 644 2864 o
668 2795 741 2866 Nec
762 2802 815 2866 est
838 2793 984 2877 mirnm;
1014 2815 1085 2866 nou
1113 2794 1206 2866 enim
1233 2816 1328 2868 cares
1354 2795 1489 2868 occulte
1517 2796 1689 2868 societatis
1713 2797 1894 2890 scrupulo,

492 2940 572 2990 cum
588 2917 771 2990 manilesto
789 2917 932 2990 facinori
948 2916 1088 2989 desinas
1104 2915 1257 2989 obviare.
1278 2915 1333 2990 Ad
1354 2939 1414 2990 cor
1435 2939 1518 3012 ergo
1536 2927 1724 3008 revertere,
1744 2941 1809 2992 nec
1826 2939 1900 3013 op-

493 3062 601 3135 ponas
628 3049 662 3112 te
679 3039 825 3134 principi
844 3039 961 3112 matris
979 3039 1131 3112 Ecclesie
1152 3038 1336 3131 delensori,
1360 3039 1424 3114 sed
1446 3042 1560 3135 cogita
1584 3051 1619 3115 ct
1640 3043 1780 3116 attende
1802 3041 1900 3138 quod

493 3167 669 3260 Sylvestro
690 3163 825 3236 dudum
841 3185 931 3258 pape
946 3165 1166 3259 pauperrimo
1183 3163 1304 3236 latenti
1321 3173 1405 3236 tnnc
1422 3166 1585 3260 temporis
1602 3166 1639 3236 in
1655 3188 1805 3241 caverna
1821 3189 1899 3241 res·

494 3287 631 3384 pendit,
660 3295 699 3358 nt
724 3287 840 3358 decuit
868 3295 1001 3358 tantum
1031 3287 1160 3377 virum,
1185 3288 1274 3360 sacri
1301 3288 1558 3382 magnificentia
1586 3289 1813 3380 Constantini,
1838 3293 1901 3386 qni

493 3420 633 3484 curatus
649 3431 670 3483 a
688 3411 785 3504 lepre
804 3409 908 3500 vitio,
931 3409 1028 3484 dedit
1046 3411 1197 3484 Ecclesia
1221 3410 1391 3505 quicquid
1415 3411 1519 3484 habet
1540 3411 1705 3486 libertatis
1722 3413 1827 3488 hodie
1844 3417 1899 3488 vel

494 3533 645 3624 honoris.
672 3532 742 3604 Sed
761 3533 925 3626 Sylvestri
944 3554 1119 3606 successor
1138 3535 1227 3606 male
1249 3533 1435 3628 respondet
1452 3533 1557 3608 hodie
1578 3535 1765 3610 Friderico.
1790 3539 1900 3610 Num·

493 3657 579 3752 quid
595 3655 687 3728 enim
709 3654 852 3728 dimittis
876 3657 1110 3751 septuagesies
1136 3657 1280 3752 septies,
1302 3657 1393 3730 sicut
1411 3659 1524 3731 ,eterni
1551 3658 1653 3753 Regis
1675 3661 1783 3732 Filius
1809 3660 1903 3734 dixit

494 3781 593 3852 Petro
615 3806 624 3849 ι
650 3804 668 3848 u
683 3777 750 3862 Qui
775 3779 916 3852 nonnis
935 3782 1026 3852 sonti
1045 3781 1150 3852 semel
1165 3800 1308 3874 parcere
1322 3801 1404 3876 sepe
1419 3781 1557 3854 veniam
1572 3783 1782 3876 postulanti?
1804 3809 1822 3854 s
1840 3793 1903 3858 ant

495 3925 575 3975 cum
594 3900 687 3974 dicat
703 3899 888 3996 Apostolus
905 3929 914 3973 ι
933 3929 952 3972 a
976 3904 1097 3976 Omnis
1114 3913 1264 3998 potestas
1281 3925 1302 3976 a
1319 3905 1466 3976 Domino
1484 3906 1557 3977 Deo
1575 3915 1644 3992 eat;
1663 3907 1902 4002 quipotastati

494 4025 636 4113 resistit,
668 4023 787 4096 divine
814 4026 967 4119 patenum
996 4027 1210 4100 contradicit.
1239 4028 1520 4099 »Revertentem
1547 4049 1630 4122 ergo
1655 4029 1702 4102 ad
1730 4032 1902 4121 gremium

494 4147 614 4222 matris
629 4147 782 4220 Ecclesie
797 4147 948 4243 benigne
969 4150 1114 4244 recipias
1132 4148 1242 4222 lilium
1260 4151 1487 4243 singularem,
1508 4152 1686 4246 presertim
1710 4174 1789 4225 cum
1810 4164 1904 4250 petat

494 4275 660 4344 instanter
676 4271 813 4344 veniam
830 4273 963 4368 absque
981 4275 1104 4368 culpa3
1129 4274 1283 4369 alioquin
1305 4275 1361 4348 leo
1390 4284 1505 4348 noster
1527 4274 1746 4368 transimus,
1771 4279 1834 4373 qni
1852 4279 1904 4350 si-

494 4395 602 4468 mulat
619 4392 726 4466 hodie
741 4416 779 4468 se
795 4395 963 4488 dormire,
983 4397 1119 4490 rugitus
1135 4417 1220 4469 sono
1242 4397 1384 4470 terribili
1400 4397 1511 4471 trahet
1524 4397 1570 4470 ad
1587 4419 1625 4472 sc
1638 4419 1758 4474 omnes
1775 4423 1796 4473 a
1813 4411 1904 4473 terre

495 4517 623 4590 linibus
639 4525 757 4590 muros
770 4517 937 4612 pingues,
953 4528 988 4590 et
1002 4518 1191 4613 plantando
1206 4519 1374 4612 justitiam
1389 4519 1576 4593 Ecclesiam
1589 4519 1732 4612 diriget,
1750 4521 1905 4595 evellens

495 4661 635 4736 prorsus
655 4661 696 4712 ac
713 4639 895 4714 destruens
919 4661 1046 4714 cornua
1064 4641 1310 4735 superborum.-
1717 4659 1721 4666 ·
