4242 5904
507 629 568 689 240
1007 613 1223 676 rntnnnrct
1248 614 1424 676 struunt
1733 621 1813 700 [aaa.
1833 625 1922 690 reta.

508 763 643 835 firmare
659 757 703 832 de
725 765 841 829 nostra
859 753 969 849 gratia
990 753 1225 846 dignaremur.
1249 751 1319 822 Nos
1336 752 1453 846 itaque
1469 751 1554 826 dum
1573 774 1635 848 per
1652 755 1813 830 eumdem
1830 760 1924 854 prin·

507 888 619 980 cipem
637 890 791 954 nostrum
812 877 1043 952 venerabilem
1061 873 1399 947 archicancellarium
1420 873 1601 948 Germanic
1623 875 1669 949 de
1688 878 1763 972 ipso
1783 881 1922 973 negotio

506 1008 619 1081 edocti
636 1005 772 1102 plenius
790 1003 994 1089 fuissemus,
1018 997 1116 1092 qnod
1132 996 1225 1070 dicta
1241 997 1417 1071 abbatissa
1437 1009 1472 1070 et
1488 999 1564 1090 ejus
1580 1012 1771 1074 conventus
1787 1003 1920 1078 dictum

504 1135 563 1224 jus
587 1138 787 1224 patronatus
802 1127 977 1199 evicerant
993 1123 1039 1196 ad
1060 1144 1098 1195 se
1117 1131 1152 1194 et
1173 1120 1219 1194 ad
1238 1143 1337 1194 suam
1358 1124 1539 1196 ecclesiam
1556 1125 1707 1218 legitime
1726 1128 1916 1222 pertinere,

508 1245 660 1349 ipsarum
682 1251 817 1325 devotis
837 1259 871 1322 et
882 1250 985 1342 justis
1005 1245 1318 1342 supplicationibus
1329 1246 1515 1340 benignius
1532 1246 1704 1339 inclinati,
1724 1271 1920 1344 processum

508 1379 662 1474 ipsorum
671 1375 848 1468 judicum,
868 1373 957 1445 sicut
970 1373 1061 1464 juste
1073 1380 1109 1442 et
1123 1368 1370 1442 rationabiliter
1386 1379 1484 1443 actus
1499 1379 1563 1462 est,
1584 1371 1630 1444 do
1648 1373 1922 1448 mansuetudinis

508 1511 623 1574 nostre
638 1499 818 1572 clementia
833 1493 1039 1568 notificantes
1060 1493 1175 1589 ipsum
1198 1493 1400 1566 auctoritate
1424 1494 1532 1566 nostri
1554 1495 1714 1568 culminis
1737 1495 1921 1571 confirma-

508 1649 599 1699 mus.
625 1625 725 1698 Nulli·
738 1643 822 1718 ergo
841 1621 1021 1694 hominum
1038 1618 1138 1692 liceat
1162 1618 1331 1713 presentis
1349 1617 1582 1691 ratificaticnis
1601 1627 1636 1692 et
1653 1619 1920 1694 confirmationis

509 1760 624 1824 nostre
640 1748 804 1844 paginam
824 1745 1011 1837 infringere
1022 1743 1078 1814 vel
1095 1741 1128 1814 ei
1144 1763 1234 1814 ausu
1252 1743 1433 1815 temerario
1445 1741 1625 1827 contraire.
1645 1743 1747 1828 Quod
1763 1745 1825 1838 qni
1842 1766 1920 1839 prc-

509 1873 694 1968 sumpserit
709 1869 983 1964 indignationem
1001 1874 1151 1938 nostram
1168 1887 1206 1938 se
1218 1865 1355 1938 noverit
1367 1866 1517 1959 graviter
1530 1865 1726 1938 incurrisse.
1746 1864 1803 1939 Ad
1816 1867 1920 1960 hujus

509 1999 628 2090 itaque
643 1995 693 2068 rei
714 1991 914 2066 memoriam
934 2011 1076 2086 presens
1096 1988 1264 2084 scriptum
1283 1987 1358 2061 lieri
1379 1998 1415 2062 et
1433 1987 1546 2083 sigillo
1570 1997 1684 2062 nostre
1706 1989 1921 2064 celsitudinis

506 2121 673 2214 jussimus
687 2116 904 2190 communiri.

558 2246 674 2316 Testes
691 2261 832 2336 quoqne
853 2239 902 2312 bii
921 2247 1030 2310 sunt:
1052 2236 1170 2310 dilecti
1195 2235 1368 2331 principes
1384 2235 1492 2307 nostri
1514 2235 1694 2308 Bertoldus
1717 2238 1921 2313 venerabilis

467 2345 473 2358 ⁸
510 2367 701 2462 patriarcha
717 2361 993 2458 Aquileigensis,
1017 2359 1164 2432 Siiridus
1188 2358 1466 2454 archiepiscopus
1487 2360 1725 2453 Moguntinus,
1753 2361 1921 2436 Herman-

510 2514 577 2564 nus
609 2487 880 2584 Herbipclensis,
906 2484 1110 2578 liudegerus
1133 2482 1347 2555 Pataviensis
1378 2493 1413 2555 et
1442 2483 1627 2556 landolfus
1656 2459 1921 2559 Wormaciensis

511 2615 682 2710 episcopi,
695 2610 915 2684 Bernhardus
929 2609 1005 2682 dux
1020 2606 1219 2695 Karinthie,
1238 2606 1420 2678 Heinricus
1434 2627 1549 2679 comes
1562 2605 1718 2699 Ascarie,
1742 2579 1921 2683 Heinricus

511 2761 627 2810 comm
648 2737 693 2808 de
715 2735 961 2825 Hennenberc,
983 2731 1162 2815 Conradus
1178 2730 1409 2823 burcgravius
1424 2730 1470 2802 de
1486 2731 1706 2822 Nurenberc,
1726 2733 1921 2810 Goteiridus

511 2873 545 2934 et
564 2861 741 2934 Conradus
761 2861 883 2932 fratres
901 2858 947 2930 de
968 2856 1167 2946 Hohenloh,
1187 2855 1370 2928 Conradus
1391 2854 1437 2928 de
1456 2853 1658 2929 Smidelvelt
1675 2857 1782 2930 etalii
1801 2881 1921 2953 qnam-

512 2987 640 3082 plures.

559 3109 684 3180 Actum
709 3128 799 3179 anno
825 3105 1000 3178 dominico
1025 3101 1268 3174 incarnationis
1292 3099 1474 3174 millesimo
1495 3097 1732 3176 ducentesimo
1750 3105 1920 3180 tricesimo

511 3245 655 3320 octavu,
675 3251 791 3302 mense
811 3227 978 3316 octobris,
996 3225 1202 3298 duodecime
1220 3223 1431 3297 indictionis.

561 3358 685 3428 Datum
703 3355 739 3424 in
757 3352 937 3425 obsidione
955 3350 1104 3447 Bryxie,
1125 3370 1239 3439 anno,
1260 3369 1378 3421 mense
1401 3361 1436 3422 et
1452 3348 1640 3422 indictione
1659 3351 1867 3448 prescriptis.

737 3717 817 3732 ...n--
824 3715 902 3725 nou-nr-
908 3714 969 3725 n-—n
976 3714 983 3723 ι
990 3711 1228 3723 ι-ιι--οο-ιαιοιι
1234 3707 1698 3720 omn-unumne·-

563 4039 795 4143 Fridericus,
815 4039 1075 4122 Romanorum
1097 4037 1318 4146 imperator,
1339 4038 1390 4120 ad
1410 4039 1720 4148 conquestionem
1748 4039 1918 4147 patriar-

363 4181 444 4266 ?,iitt
510 4173 603 4255 chae
632 4170 912 4282 Aquilegiensis
949 4180 1080 4251 contra
1111 4169 1302 4277 quosdam
1337 4168 1552 4253 infeudatos
1590 4170 1631 4250 in
1667 4169 1848 4278 Forojulii
1884 4181 1920 4253 ct

509 4303 620 4386 lstria
637 4303 857 4410 existentes,
880 4301 1149 4385 sententialiter
1166 4299 1335 4382 declarat
1360 4301 1428 4410 qui
1445 4302 1493 4384 de
1511 4302 1637 4384 cauda
1658 4301 1921 4384 criminalibus

509 4446 547 4520 et
564 4436 647 4519 aliis
665 4462 765 4545 quae
783 4436 833 4518 ad
851 4460 1000 4518 merum
1017 4444 1054 4516 et
1071 4433 1235 4516 mixtum
1253 4432 1457 4540 imperium
1480 4435 1690 4543 pertinent,
1711 4459 1752 4516 se
1779 4444 1919 4517 aucto-

509 4571 617 4652 ritate
640 4569 793 4678 propria
814 4567 1062 4649 intromittere
1082 4565 1404 4674 praesumpserint
1421 4568 1515 4648 etin
1534 4566 1716 4649 abusione
1735 4593 1920 4676 perman·-

509 4702 645 4810 serint,
666 4725 888 4785 mansorum
907 4699 984 4784 sive
1002 4697 1218 4784 advocatiae
1236 4697 1350 4781 leudo
1373 4699 1578 4807 privandos
1595 4725 1691 4782 csse.
