<?xml version="1.0" encoding="UTF-8"?>
<!DOCTYPE html PUBLIC "-//W3C//DTD XHTML 1.0 Transitional//EN"
    "http://www.w3.org/TR/xhtml1/DTD/xhtml1-transitional.dtd">
<html xmlns="http://www.w3.org/1999/xhtml" xml:lang="en" lang="en">
 <head>
  <title>
</title>
<meta http-equiv="Content-Type" content="text/html;charset=utf-8" />
  <meta name='ocr-system' content='tesseract 3.04.00' />
  <meta name='ocr-capabilities' content='ocr_page ocr_carea ocr_par ocr_line ocrx_word'/>
</head>
<body>
  <div class='ocr_page' id='page_1' title='image "./historiadiploma02fredgoog_0053.png"; bbox 0 0 4350 5922; ppageno 0'>
   <div class='ocr_carea' id='block_1_1' title="bbox 507 633 1915 720">
    <p class='ocr_par' dir='ltr' id='par_1_1' title="bbox 507 633 1915 720">
     <span class='ocr_line' id='line_1_1' title="bbox 507 633 1915 720; baseline 0.002 -22"><span class='ocrx_word' id='word_1_1' title='bbox 507 635 549 698; x_wconf 82' lang='lat' dir='ltr'>to</span> <span class='ocrx_word' id='word_1_2' title='bbox 1011 633 1222 694; x_wconf 76' lang='lat' dir='ltr'>FllleRlGl</span> <span class='ocrx_word' id='word_1_3' title='bbox 1247 633 1422 694; x_wconf 78' lang='lat' dir='ltr'>Sllcllllllll</span> <span class='ocrx_word' id='word_1_4' title='bbox 1730 636 1810 720; x_wconf 74' lang='lat' dir='ltr'>[lisa.</span> <span class='ocrx_word' id='word_1_5' title='bbox 1829 639 1915 701; x_wconf 73' lang='lat'>1237.</span> 
     </span>
    </p>
   </div>
   <div class='ocr_carea' id='block_1_2' title="bbox 470 767 1935 4809">
    <p class='ocr_par' dir='ltr' id='par_1_2' title="bbox 506 767 1919 1236">
     <span class='ocr_line' id='line_1_2' title="bbox 509 767 1919 864; baseline 0.002 -21"><span class='ocrx_word' id='word_1_6' title='bbox 509 771 643 843; x_wconf 89' lang='lat' dir='ltr'>Utricus</span> <span class='ocrx_word' id='word_1_7' title='bbox 657 769 702 843; x_wconf 88' lang='lat' dir='ltr'>de</span> <span class='ocrx_word' id='word_1_8' title='bbox 717 771 871 864; x_wconf 84' lang='lat' dir='ltr'>Asparn,</span> <span class='ocrx_word' id='word_1_9' title='bbox 890 769 1006 841; x_wconf 84' lang='lat' dir='ltr'>Gralto</span> <span class='ocrx_word' id='word_1_10' title='bbox 1023 771 1069 842; x_wconf 90' lang='lat' dir='ltr'>de</span> <span class='ocrx_word' id='word_1_11' title='bbox 1087 770 1352 856; x_wconf 80' lang='lat' dir='ltr'>Amziuesbach,</span> <span class='ocrx_word' id='word_1_12' title='bbox 1371 769 1507 842; x_wconf 90' lang='lat' dir='ltr'>Ulricus</span> <span class='ocrx_word' id='word_1_13' title='bbox 1523 767 1569 842; x_wconf 91' lang='lat' dir='ltr'>de</span> <span class='ocrx_word' id='word_1_14' title='bbox 1586 767 1785 858; x_wconf 86' lang='lat' dir='ltr'>lludsuicb,</span> <span class='ocrx_word' id='word_1_15' title='bbox 1805 773 1919 846; x_wconf 85' lang='lat' dir='ltr'>Hado-</span> 
     </span>
     <span class='ocr_line' id='line_1_3' title="bbox 507 893 1919 992; baseline 0.002 -26"><span class='ocrx_word' id='word_1_16' title='bbox 507 917 625 968; x_wconf 90' lang='lat' dir='ltr'>marus</span> <span class='ocrx_word' id='word_1_17' title='bbox 656 893 700 967; x_wconf 88' lang='lat' dir='ltr'>de</span> <span class='ocrx_word' id='word_1_18' title='bbox 727 894 973 988; x_wconf 83' lang='lat' dir='ltr'>Kuueriugeu‚</span> <span class='ocrx_word' id='word_1_19' title='bbox 1003 893 1212 966; x_wconf 79' lang='lat' dir='ltr'>wichardus</span> <span class='ocrx_word' id='word_1_20' title='bbox 1245 894 1379 990; x_wconf 81' lang='lat' dir='ltr'><strong>dapifer</strong></span> <span class='ocrx_word' id='word_1_21' title='bbox 1403 902 1438 965; x_wconf 90' lang='lat' dir='ltr'>et</span> <span class='ocrx_word' id='word_1_22' title='bbox 1464 893 1568 965; x_wconf 81' lang='lat' dir='ltr'>irater</span> <span class='ocrx_word' id='word_1_23' title='bbox 1592 894 1669 985; x_wconf 88' lang='lat' dir='ltr'>ejus</span> <span class='ocrx_word' id='word_1_24' title='bbox 1698 894 1919 992; x_wconf 67' lang='lat' dir='ltr'>Cbadoldus,</span> 
     </span>
     <span class='ocr_line' id='line_1_4' title="bbox 506 1015 1918 1113; baseline 0 -21"><span class='ocrx_word' id='word_1_25' title='bbox 506 1019 668 1092; x_wconf 82' lang='lat' dir='ltr'>Albsrtus</span> <span class='ocrx_word' id='word_1_26' title='bbox 691 1017 737 1090; x_wconf 91' lang='lat' dir='ltr'>dc</span> <span class='ocrx_word' id='word_1_27' title='bbox 758 1016 1002 1113; x_wconf 86' lang='lat' dir='ltr'>Pbapbstaide,</span> <span class='ocrx_word' id='word_1_28' title='bbox 1032 1017 1111 1090; x_wconf 90' lang='lat' dir='ltr'>Otto</span> <span class='ocrx_word' id='word_1_29' title='bbox 1135 1019 1180 1091; x_wconf 91' lang='lat' dir='ltr'>de</span> <span class='ocrx_word' id='word_1_30' title='bbox 1199 1015 1479 1106; x_wconf 86' lang='lat' dir='ltr'>Burchartsdori,</span> <span class='ocrx_word' id='word_1_31' title='bbox 1499 1015 1704 1090; x_wconf 91' lang='lat' dir='ltr'>Bertboldus</span> <span class='ocrx_word' id='word_1_32' title='bbox 1728 1017 1774 1091; x_wconf 86' lang='lat' dir='ltr'>de</span> <span class='ocrx_word' id='word_1_33' title='bbox 1792 1019 1918 1093; x_wconf 87' lang='lat' dir='ltr'>lvvau·</span> 
     </span>
     <span class='ocr_line' id='line_1_5' title="bbox 507 1141 1388 1236; baseline -0.002 -23"><span class='ocrx_word' id='word_1_34' title='bbox 507 1144 587 1234; x_wconf 89' lang='lat' dir='ltr'>stul,</span> <span class='ocrx_word' id='word_1_35' title='bbox 609 1142 759 1215; x_wconf 85' lang='lat' dir='ltr'>Ortollus</span> <span class='ocrx_word' id='word_1_36' title='bbox 779 1141 1004 1233; x_wconf 83' lang='lat' dir='ltr'>camerarius,</span> <span class='ocrx_word' id='word_1_37' title='bbox 1025 1149 1060 1213; x_wconf 86' lang='lat' dir='ltr'>et</span> <span class='ocrx_word' id='word_1_38' title='bbox 1077 1141 1135 1212; x_wconf 91' lang='lat' dir='ltr'>alii</span> <span class='ocrx_word' id='word_1_39' title='bbox 1153 1142 1388 1236; x_wconf 85' lang='lat' dir='ltr'>quamplures.</span> 
     </span>
    </p>

    <p class='ocr_par' dir='ltr' id='par_1_3' title="bbox 506 1263 1913 1484">
     <span class='ocr_line' id='line_1_6' title="bbox 554 1263 1913 1358; baseline 0.001 -20"><span class='ocrx_word' id='word_1_40' title='bbox 554 1265 640 1338; x_wconf 84' lang='lat' dir='ltr'>Acta</span> <span class='ocrx_word' id='word_1_41' title='bbox 653 1275 733 1338; x_wconf 91' lang='lat' dir='ltr'>sunt</span> <span class='ocrx_word' id='word_1_42' title='bbox 747 1266 812 1338; x_wconf 86' lang='lat' dir='ltr'>hec</span> <span class='ocrx_word' id='word_1_43' title='bbox 826 1286 917 1337; x_wconf 88' lang='lat' dir='ltr'>anuo</span> <span class='ocrx_word' id='word_1_44' title='bbox 927 1264 1100 1338; x_wconf 89' lang='lat' dir='ltr'>dominice</span> <span class='ocrx_word' id='word_1_45' title='bbox 1115 1265 1361 1338; x_wconf 88' lang='lat' dir='ltr'>iucarnationis</span> <span class='ocrx_word' id='word_1_46' title='bbox 1375 1263 1558 1336; x_wconf 89' lang='lat' dir='ltr'>millesimo</span> <span class='ocrx_word' id='word_1_47' title='bbox 1569 1264 1913 1358; x_wconf 85' lang='lat' dir='ltr'>centesimoLXXXl,</span> 
     </span>
     <span class='ocr_line' id='line_1_7' title="bbox 506 1387 1793 1484; baseline -0.001 -22"><span class='ocrx_word' id='word_1_48' title='bbox 506 1400 671 1484; x_wconf 79' lang='lat' dir='ltr'>regnante</span> <span class='ocrx_word' id='word_1_49' title='bbox 685 1389 825 1462; x_wconf 92' lang='lat' dir='ltr'>domiuo</span> <span class='ocrx_word' id='word_1_50' title='bbox 843 1399 958 1462; x_wconf 90' lang='lat' dir='ltr'>nostro</span> <span class='ocrx_word' id='word_1_51' title='bbox 974 1389 1124 1482; x_wconf 77' lang='lat' dir='ltr'>glorioso</span> <span class='ocrx_word' id='word_1_52' title='bbox 1142 1389 1372 1461; x_wconf 88' lang='lat' dir='ltr'>llomauorum</span> <span class='ocrx_word' id='word_1_53' title='bbox 1389 1389 1593 1483; x_wconf 76' lang='lat' dir='ltr'>imperatore</span> <span class='ocrx_word' id='word_1_54' title='bbox 1606 1387 1793 1462; x_wconf 83' lang='lat' dir='ltr'>Friderico.</span> 
     </span>
    </p>

    <p class='ocr_par' dir='ltr' id='par_1_4' title="bbox 555 1512 1273 1607">
     <span class='ocr_line' id='line_1_8' title="bbox 555 1512 1273 1607; baseline -0.007 -20"><span class='ocrx_word' id='word_1_55' title='bbox 555 1517 678 1587; x_wconf 87' lang='lat' dir='ltr'>Datum</span> <span class='ocrx_word' id='word_1_56' title='bbox 694 1513 859 1598; x_wconf 87' lang='lat' dir='ltr'>Wieuue,</span> <span class='ocrx_word' id='word_1_57' title='bbox 881 1512 1039 1585; x_wconf 83' lang='lat' dir='ltr'><strong>kalendis</strong></span> <span class='ocrx_word' id='word_1_58' title='bbox 1057 1512 1273 1607; x_wconf 77' lang='lat' dir='ltr'>septembris.</span> 
     </span>
    </p>

    <p class='ocr_par' dir='ltr' id='par_1_5' title="bbox 470 1635 1915 3092">
     <span class='ocr_line' id='line_1_9' title="bbox 555 1635 1914 1732; baseline 0 -24"><span class='ocrx_word' id='word_1_59' title='bbox 555 1639 662 1731; x_wconf 79' lang='lat' dir='ltr'>igitur</span> <span class='ocrx_word' id='word_1_60' title='bbox 679 1638 805 1732; x_wconf 86' lang='lat' dir='ltr'>pietate</span> <span class='ocrx_word' id='word_1_61' title='bbox 823 1637 920 1708; x_wconf 91' lang='lat' dir='ltr'>solita</span> <span class='ocrx_word' id='word_1_62' title='bbox 936 1659 1006 1730; x_wconf 90' lang='lat' dir='ltr'>qua</span> <span class='ocrx_word' id='word_1_63' title='bbox 1028 1638 1218 1731; x_wconf 86' lang='lat' dir='ltr'>proiectum</span> <span class='ocrx_word' id='word_1_64' title='bbox 1237 1646 1272 1709; x_wconf 90' lang='lat' dir='ltr'>st</span> <span class='ocrx_word' id='word_1_65' title='bbox 1292 1635 1484 1708; x_wconf 86' lang='lat' dir='ltr'>libertatem</span> <span class='ocrx_word' id='word_1_66' title='bbox 1511 1635 1667 1707; x_wconf 93' lang='lat' dir='ltr'>omnium</span> <span class='ocrx_word' id='word_1_67' title='bbox 1691 1637 1914 1710; x_wconf 85' lang='lat' dir='ltr'>ecclesiarum</span> 
     </span>
     <span class='ocr_line' id='line_1_10' title="bbox 505 1757 1914 1858; baseline -0.001 -23"><span class='ocrx_word' id='word_1_68' title='bbox 505 1763 760 1858; x_wconf 79' lang='lat' dir='ltr'>amplectimur,</span> <span class='ocrx_word' id='word_1_69' title='bbox 783 1760 1015 1856; x_wconf 90' lang='lat' dir='ltr'>predictorum</span> <span class='ocrx_word' id='word_1_70' title='bbox 1033 1759 1169 1832; x_wconf 89' lang='lat' dir='ltr'>abbatis</span> <span class='ocrx_word' id='word_1_71' title='bbox 1194 1769 1229 1831; x_wconf 88' lang='lat' dir='ltr'>et</span> <span class='ocrx_word' id='word_1_72' title='bbox 1248 1769 1438 1832; x_wconf 90' lang='lat' dir='ltr'>conventus</span> <span class='ocrx_word' id='word_1_73' title='bbox 1453 1757 1589 1832; x_wconf 88' lang='lat' dir='ltr'>devotis</span> <span class='ocrx_word' id='word_1_74' title='bbox 1607 1759 1914 1855; x_wconf 79' lang='lat' dir='ltr'>supplicationibus</span> 
     </span>
     <span class='ocr_line' id='line_1_11' title="bbox 505 1879 1915 1980; baseline -0.001 -20"><span class='ocrx_word' id='word_1_75' title='bbox 505 1896 714 1972; x_wconf 84' lang='lat' dir='ltr'>annuentes,</span> <span class='ocrx_word' id='word_1_76' title='bbox 742 1884 863 1957; x_wconf 90' lang='lat' dir='ltr'>divine</span> <span class='ocrx_word' id='word_1_77' title='bbox 887 1879 1120 1957; x_wconf 85' lang='lat' dir='ltr'>retributionis</span> <span class='ocrx_word' id='word_1_78' title='bbox 1143 1885 1267 1955; x_wconf 91' lang='lat' dir='ltr'>iutuitu</span> <span class='ocrx_word' id='word_1_79' title='bbox 1294 1893 1329 1956; x_wconf 90' lang='lat' dir='ltr'>et</span> <span class='ocrx_word' id='word_1_80' title='bbox 1357 1905 1420 1980; x_wconf 91' lang='lat' dir='ltr'>pro</span> <span class='ocrx_word' id='word_1_81' title='bbox 1447 1893 1562 1956; x_wconf 85' lang='lat' dir='ltr'>nostre</span> <span class='ocrx_word' id='word_1_82' title='bbox 1585 1884 1705 1955; x_wconf 90' lang='lat' dir='ltr'>salutis</span> <span class='ocrx_word' id='word_1_83' title='bbox 1729 1893 1915 1977; x_wconf 80' lang='lat' dir='ltr'>augmento</span> 
     </span>
     <span class='ocr_line' id='line_1_12' title="bbox 504 2005 1914 2105; baseline -0.001 -23"><span class='ocrx_word' id='word_1_84' title='bbox 504 2009 696 2105; x_wconf 89' lang='lat' dir='ltr'>predictum</span> <span class='ocrx_word' id='word_1_85' title='bbox 723 2007 945 2103; x_wconf 81' lang='lat' dir='ltr'>privilegium</span> <span class='ocrx_word' id='word_1_86' title='bbox 971 2027 1179 2080; x_wconf 83' lang='lat' dir='ltr'>renovamus</span> <span class='ocrx_word' id='word_1_87' title='bbox 1208 2015 1243 2080; x_wconf 87' lang='lat' dir='ltr'>et</span> <span class='ocrx_word' id='word_1_88' title='bbox 1272 2005 1317 2079; x_wconf 91' lang='lat' dir='ltr'>de</span> <span class='ocrx_word' id='word_1_89' title='bbox 1345 2006 1562 2102; x_wconf 87' lang='lat' dir='ltr'>plenitudiue</span> <span class='ocrx_word' id='word_1_90' title='bbox 1589 2007 1777 2104; x_wconf 87' lang='lat' dir='ltr'>imperialis</span> <span class='ocrx_word' id='word_1_91' title='bbox 1805 2008 1914 2100; x_wconf 80' lang='lat' dir='ltr'>gratie</span> 
     </span>
     <span class='ocr_line' id='line_1_13' title="bbox 470 2129 1913 2230; baseline -0.001 -26"><span class='ocrx_word' id='word_1_92' title='bbox 470 2225 475 2230; x_wconf 88' lang='lat'>.</span> <span class='ocrx_word' id='word_1_93' title='bbox 504 2131 765 2219; x_wconf 82' lang='lat' dir='ltr'>confirmamus3</span> <span class='ocrx_word' id='word_1_94' title='bbox 791 2139 979 2202; x_wconf 82' lang='lat' dir='ltr'>statuentes</span> <span class='ocrx_word' id='word_1_95' title='bbox 996 2139 1031 2202; x_wconf 87' lang='lat' dir='ltr'>ct</span> <span class='ocrx_word' id='word_1_96' title='bbox 1053 2129 1223 2225; x_wconf 88' lang='lat' dir='ltr'>presentis</span> <span class='ocrx_word' id='word_1_97' title='bbox 1240 2129 1358 2224; x_wconf 87' lang='lat' dir='ltr'>scripti</span> <span class='ocrx_word' id='word_1_98' title='bbox 1381 2129 1583 2203; x_wconf 86' lang='lat' dir='ltr'>auctoritate</span> <span class='ocrx_word' id='word_1_99' title='bbox 1604 2130 1810 2204; x_wconf 87' lang='lat' dir='ltr'>mandantes</span> <span class='ocrx_word' id='word_1_100' title='bbox 1826 2152 1913 2225; x_wconf 87' lang='lat' dir='ltr'>qua·</span> 
     </span>
     <span class='ocr_line' id='line_1_14' title="bbox 504 2253 1914 2349; baseline 0.001 -22"><span class='ocrx_word' id='word_1_101' title='bbox 504 2265 605 2328; x_wconf 88' lang='lat' dir='ltr'>tenus</span> <span class='ocrx_word' id='word_1_102' title='bbox 623 2255 716 2327; x_wconf 85' lang='lat' dir='ltr'>nulla</span> <span class='ocrx_word' id='word_1_103' title='bbox 739 2275 885 2349; x_wconf 86' lang='lat' dir='ltr'>persona</span> <span class='ocrx_word' id='word_1_104' title='bbox 903 2253 1044 2325; x_wconf 89' lang='lat' dir='ltr'>humilis</span> <span class='ocrx_word' id='word_1_105' title='bbox 1069 2255 1230 2345; x_wconf 74' lang='lat' dir='ltr'>vetralla,</span> <span class='ocrx_word' id='word_1_106' title='bbox 1256 2253 1490 2326; x_wconf 87' lang='lat' dir='ltr'>ecclesiastica</span> <span class='ocrx_word' id='word_1_107' title='bbox 1507 2255 1565 2325; x_wconf 90' lang='lat' dir='ltr'>vel</span> <span class='ocrx_word' id='word_1_108' title='bbox 1579 2253 1774 2345; x_wconf 84' lang='lat' dir='ltr'>mundana,</span> <span class='ocrx_word' id='word_1_109' title='bbox 1795 2264 1914 2328; x_wconf 84' lang='lat' dir='ltr'>contra</span> 
     </span>
     <span class='ocr_line' id='line_1_15' title="bbox 503 2377 1914 2474; baseline 0.001 -24"><span class='ocrx_word' id='word_1_110' title='bbox 503 2379 672 2474; x_wconf 90' lang='lat' dir='ltr'>presentis</span> <span class='ocrx_word' id='word_1_111' title='bbox 696 2378 929 2452; x_wconf 88' lang='lat' dir='ltr'>renovationis</span> <span class='ocrx_word' id='word_1_112' title='bbox 951 2387 986 2450; x_wconf 87' lang='lat' dir='ltr'>et</span> <span class='ocrx_word' id='word_1_113' title='bbox 1003 2377 1271 2450; x_wconf 88' lang='lat' dir='ltr'>confirmationis</span> <span class='ocrx_word' id='word_1_114' title='bbox 1297 2387 1411 2450; x_wconf 88' lang='lat' dir='ltr'>nostre</span> <span class='ocrx_word' id='word_1_115' title='bbox 1436 2379 1597 2471; x_wconf 79' lang='lat' dir='ltr'>pagiuam</span> <span class='ocrx_word' id='word_1_116' title='bbox 1620 2399 1709 2450; x_wconf 88' lang='lat' dir='ltr'>ausu</span> <span class='ocrx_word' id='word_1_117' title='bbox 1735 2381 1914 2452; x_wconf 89' lang='lat' dir='ltr'>temerario</span> 
     </span>
     <span class='ocr_line' id='line_1_16' title="bbox 503 2499 1914 2596; baseline 0.001 -21"><span class='ocrx_word' id='word_1_118' title='bbox 503 2502 622 2576; x_wconf 90' lang='lat' dir='ltr'>venire</span> <span class='ocrx_word' id='word_1_119' title='bbox 646 2511 832 2596; x_wconf 85' lang='lat' dir='ltr'>presumat.</span> <span class='ocrx_word' id='word_1_120' title='bbox 858 2501 960 2587; x_wconf 86' lang='lat' dir='ltr'>Quod</span> <span class='ocrx_word' id='word_1_121' title='bbox 984 2501 1046 2596; x_wconf 87' lang='lat' dir='ltr'>qui</span> <span class='ocrx_word' id='word_1_122' title='bbox 1069 2501 1316 2596; x_wconf 86' lang='lat' dir='ltr'>presumpserit</span> <span class='ocrx_word' id='word_1_123' title='bbox 1344 2501 1380 2571; x_wconf 92' lang='lat' dir='ltr'>iu</span> <span class='ocrx_word' id='word_1_124' title='bbox 1406 2499 1599 2574; x_wconf 86' lang='lat' dir='ltr'>vindictam</span> <span class='ocrx_word' id='word_1_125' title='bbox 1624 2503 1824 2575; x_wconf 89' lang='lat' dir='ltr'>temeritatis</span> <span class='ocrx_word' id='word_1_126' title='bbox 1850 2513 1914 2577; x_wconf 90' lang='lat' dir='ltr'>sue</span> 
     </span>
     <span class='ocr_line' id='line_1_17' title="bbox 502 2625 1915 2721; baseline 0.001 -23"><span class='ocrx_word' id='word_1_127' title='bbox 502 2627 755 2721; x_wconf 77' lang='lat' dir='ltr'>quinquaginta</span> <span class='ocrx_word' id='word_1_128' title='bbox 774 2648 906 2698; x_wconf 88' lang='lat' dir='ltr'>marcas</span> <span class='ocrx_word' id='word_1_129' title='bbox 919 2626 995 2698; x_wconf 89' lang='lat' dir='ltr'>auri</span> <span class='ocrx_word' id='word_1_130' title='bbox 1009 2635 1211 2720; x_wconf 88' lang='lat' dir='ltr'>componat,</span> <span class='ocrx_word' id='word_1_131' title='bbox 1226 2647 1372 2719; x_wconf 88' lang='lat' dir='ltr'>quarum</span> <span class='ocrx_word' id='word_1_132' title='bbox 1395 2625 1510 2697; x_wconf 86' lang='lat' dir='ltr'>media</span> <span class='ocrx_word' id='word_1_133' title='bbox 1525 2648 1604 2720; x_wconf 91' lang='lat' dir='ltr'>pars</span> <span class='ocrx_word' id='word_1_134' title='bbox 1627 2647 1761 2699; x_wconf 87' lang='lat' dir='ltr'>camere</span> <span class='ocrx_word' id='word_1_135' title='bbox 1774 2637 1915 2719; x_wconf 78' lang='lat' dir='ltr'>nostre,</span> 
     </span>
     <span class='ocr_line' id='line_1_18' title="bbox 502 2747 1912 2843; baseline -0.001 -19"><span class='ocrx_word' id='word_1_136' title='bbox 502 2751 635 2842; x_wconf 90' lang='lat' dir='ltr'>reliqua</span> <span class='ocrx_word' id='word_1_137' title='bbox 659 2771 741 2822; x_wconf 84' lang='lat' dir='ltr'>vero</span> <span class='ocrx_word' id='word_1_138' title='bbox 767 2749 876 2843; x_wconf 89' lang='lat' dir='ltr'>passis</span> <span class='ocrx_word' id='word_1_139' title='bbox 896 2749 1056 2839; x_wconf 86' lang='lat' dir='ltr'>injuriam</span> <span class='ocrx_word' id='word_1_140' title='bbox 1082 2750 1308 2842; x_wconf 90' lang='lat' dir='ltr'>persolvatur.</span> <span class='ocrx_word' id='word_1_141' title='bbox 1331 2747 1387 2822; x_wconf 82' lang='lat' dir='ltr'>dd</span> <span class='ocrx_word' id='word_1_142' title='bbox 1410 2747 1516 2839; x_wconf 89' lang='lat' dir='ltr'>hujus</span> <span class='ocrx_word' id='word_1_143' title='bbox 1538 2749 1661 2842; x_wconf 85' lang='lat' dir='ltr'>itaque¹</span> <span class='ocrx_word' id='word_1_144' title='bbox 1681 2749 1912 2822; x_wconf 86' lang='lat' dir='ltr'>renovationis</span> 
     </span>
     <span class='ocr_line' id='line_1_19' title="bbox 502 2870 1912 2968; baseline 0.001 -22"><span class='ocrx_word' id='word_1_145' title='bbox 502 2883 537 2946; x_wconf 88' lang='lat' dir='ltr'>st</span> <span class='ocrx_word' id='word_1_146' title='bbox 552 2872 817 2945; x_wconf 85' lang='lat' dir='ltr'>confirmationis</span> <span class='ocrx_word' id='word_1_147' title='bbox 836 2881 953 2944; x_wconf 89' lang='lat' dir='ltr'>nostre</span> <span class='ocrx_word' id='word_1_148' title='bbox 968 2871 1074 2943; x_wconf 93' lang='lat' dir='ltr'>robur</span> <span class='ocrx_word' id='word_1_149' title='bbox 1089 2883 1124 2943; x_wconf 86' lang='lat' dir='ltr'>et</span> <span class='ocrx_word' id='word_1_150' title='bbox 1139 2872 1337 2944; x_wconf 88' lang='lat' dir='ltr'>memoriam</span> <span class='ocrx_word' id='word_1_151' title='bbox 1348 2879 1517 2967; x_wconf 90' lang='lat' dir='ltr'>perpetuo</span> <span class='ocrx_word' id='word_1_152' title='bbox 1535 2870 1754 2962; x_wconf 85' lang='lat' dir='ltr'>duraturam,</span> <span class='ocrx_word' id='word_1_153' title='bbox 1772 2895 1912 2968; x_wconf 89' lang='lat' dir='ltr'>presens</span> 
     </span>
     <span class='ocr_line' id='line_1_20' title="bbox 485 2981 1786 3092; baseline 0 -24"><span class='ocrx_word' id='word_1_154' title='bbox 485 2981 723 3092; x_wconf 44' lang='lat' dir='ltr'>&#39;privilegium</span> <span class='ocrx_word' id='word_1_155' title='bbox 744 2995 818 3068; x_wconf 89' lang='lat' dir='ltr'>lieri</span> <span class='ocrx_word' id='word_1_156' title='bbox 836 3007 871 3068; x_wconf 86' lang='lat' dir='ltr'>et</span> <span class='ocrx_word' id='word_1_157' title='bbox 890 2995 1025 3091; x_wconf 80' lang='lat' dir='ltr'>typario</span> <span class='ocrx_word' id='word_1_158' title='bbox 1039 3003 1153 3066; x_wconf 92' lang='lat' dir='ltr'>nostre</span> <span class='ocrx_word' id='word_1_159' title='bbox 1172 2994 1385 3067; x_wconf 91' lang='lat' dir='ltr'>celsitudinis</span> <span class='ocrx_word' id='word_1_160' title='bbox 1406 2994 1551 3068; x_wconf 86' lang='lat' dir='ltr'>lecimus</span> <span class='ocrx_word' id='word_1_161' title='bbox 1567 2997 1786 3068; x_wconf 90' lang='lat' dir='ltr'>communiri.</span> 
     </span>
    </p>

    <p class='ocr_par' dir='ltr' id='par_1_6' title="bbox 496 3109 1935 4458">
     <span class='ocr_line' id='line_1_21' title="bbox 550 3109 1913 3214; baseline 0.001 -22"><span class='ocrx_word' id='word_1_162' title='bbox 550 3123 660 3214; x_wconf 87' lang='lat' dir='ltr'>Hujus</span> <span class='ocrx_word' id='word_1_163' title='bbox 685 3131 800 3193; x_wconf 91' lang='lat' dir='ltr'>autem</span> <span class='ocrx_word' id='word_1_164' title='bbox 823 3121 873 3192; x_wconf 93' lang='lat' dir='ltr'>rei</span> <span class='ocrx_word' id='word_1_165' title='bbox 899 3129 1001 3192; x_wconf 90' lang='lat' dir='ltr'>testes</span> <span class='ocrx_word' id='word_1_166' title='bbox 1028 3128 1110 3189; x_wconf 92' lang='lat' dir='ltr'>suut</span> <span class='ocrx_word' id='word_1_167' title='bbox 1132 3145 1141 3188; x_wconf 75' lang='grc' dir='ltr'><strong><em>ε</em></strong></span> <span class='ocrx_word' id='word_1_168' title='bbox 1164 3117 1220 3189; x_wconf 89' lang='lat' dir='ltr'>W.</span> <span class='ocrx_word' id='word_1_169' title='bbox 1249 3117 1389 3190; x_wconf 92' lang='lat' dir='ltr'>illustris</span> <span class='ocrx_word' id='word_1_170' title='bbox 1414 3137 1477 3190; x_wconf 89' lang='lat' dir='ltr'>rex</span> <span class='ocrx_word' id='word_1_171' title='bbox 1500 3118 1679 3209; x_wconf 90' lang='lat' dir='ltr'>Bohemie,</span> <span class='ocrx_word' id='word_1_172' title='bbox 1706 3109 1913 3194; x_wconf 90' lang='lat' dir='ltr'>Bertboldus</span> 
     </span>
     <span class='ocr_line' id='line_1_22' title="bbox 501 3241 1908 3341; baseline 0 -24"><span class='ocrx_word' id='word_1_173' title='bbox 501 3246 692 3341; x_wconf 85' lang='lat' dir='ltr'>patriarcha</span> <span class='ocrx_word' id='word_1_174' title='bbox 708 3244 967 3338; x_wconf 81' lang='lat' dir='ltr'>Aquilegeusis,</span> <span class='ocrx_word' id='word_1_175' title='bbox 988 3242 1135 3314; x_wconf 87' lang='lat' dir='ltr'>Silridus</span> <span class='ocrx_word' id='word_1_176' title='bbox 1160 3241 1400 3335; x_wconf 78' lang='lat' dir='ltr'>Maguutiuus,</span> <span class='ocrx_word' id='word_1_177' title='bbox 1419 3241 1651 3314; x_wconf 86' lang='lat' dir='ltr'>Theodericus</span> <span class='ocrx_word' id='word_1_178' title='bbox 1672 3244 1908 3333; x_wconf 85' lang='lat' dir='ltr'>Treverensis‚</span> 
     </span>
     <span class='ocr_line' id='line_1_23' title="bbox 500 3365 1935 3461; baseline -0.001 -20"><span class='ocrx_word' id='word_1_179' title='bbox 500 3368 721 3442; x_wconf 87' lang='lat' dir='ltr'>Eberhardus</span> <span class='ocrx_word' id='word_1_180' title='bbox 736 3367 994 3461; x_wconf 80' lang='lat' dir='ltr'>salzburgensis</span> <span class='ocrx_word' id='word_1_181' title='bbox 1012 3365 1275 3460; x_wconf 86' lang='lat' dir='ltr'>archiepiscopi,</span> <span class='ocrx_word' id='word_1_182' title='bbox 1300 3365 1493 3457; x_wconf 80' lang='lat' dir='ltr'>Egebsrtus</span> <span class='ocrx_word' id='word_1_183' title='bbox 1520 3365 1835 3460; x_wconf 78' lang='lat' dir='ltr'>babenbergensis,</span> <span class='ocrx_word' id='word_1_184' title='bbox 1857 3369 1935 3440; x_wconf 80' lang='lat' dir='ltr'>Si·&#39;</span> 
     </span>
     <span class='ocr_line' id='line_1_24' title="bbox 500 3487 1908 3586; baseline 0 -22"><span class='ocrx_word' id='word_1_185' title='bbox 500 3493 610 3566; x_wconf 80' lang='lat' dir='ltr'>fridus</span> <span class='ocrx_word' id='word_1_186' title='bbox 628 3492 885 3586; x_wconf 89' lang='lat' dir='ltr'>llatisponeusis</span> <span class='ocrx_word' id='word_1_187' title='bbox 900 3490 1087 3584; x_wconf 89' lang='lat' dir='ltr'>imperialis</span> <span class='ocrx_word' id='word_1_188' title='bbox 1098 3487 1179 3562; x_wconf 86' lang='lat' dir='ltr'>auls</span> <span class='ocrx_word' id='word_1_189' title='bbox 1193 3489 1430 3580; x_wconf 86' lang='lat' dir='ltr'>cancellarius,</span> <span class='ocrx_word' id='word_1_190' title='bbox 1445 3487 1669 3583; x_wconf 80' lang='lat' dir='ltr'>llusdegerus</span> <span class='ocrx_word' id='word_1_191' title='bbox 1682 3491 1908 3582; x_wconf 88' lang='lat' dir='ltr'>Patavieusis,</span> 
     </span>
     <span class='ocr_line' id='line_1_25' title="bbox 499 3615 1907 3712; baseline -0.001 -21"><span class='ocrx_word' id='word_1_192' title='bbox 499 3619 677 3693; x_wconf 84' lang='lat' dir='ltr'>Corradus</span> <span class='ocrx_word' id='word_1_193' title='bbox 700 3618 926 3712; x_wconf 81' lang='lat' dir='ltr'>Frisingensis</span> <span class='ocrx_word' id='word_1_194' title='bbox 947 3615 1117 3710; x_wconf 88' lang='lat' dir='ltr'>episcopi,</span> <span class='ocrx_word' id='word_1_195' title='bbox 1136 3616 1214 3686; x_wconf 84' lang='lat' dir='ltr'>Otto</span> <span class='ocrx_word' id='word_1_196' title='bbox 1232 3633 1346 3687; x_wconf 85' lang='lat' dir='ltr'>eomes</span> <span class='ocrx_word' id='word_1_197' title='bbox 1365 3615 1538 3710; x_wconf 87' lang='lat' dir='ltr'>palatinus</span> <span class='ocrx_word' id='word_1_198' title='bbox 1554 3615 1641 3688; x_wconf 83' lang='lat' dir='ltr'>lieni</span> <span class='ocrx_word' id='word_1_199' title='bbox 1657 3615 1733 3688; x_wconf 90' lang='lat' dir='ltr'>dux</span> <span class='ocrx_word' id='word_1_200' title='bbox 1750 3617 1907 3710; x_wconf 74' lang='lat' dir='ltr'>Bovario,</span> 
     </span>
     <span class='ocr_line' id='line_1_26' title="bbox 499 3741 1910 3846; baseline -0.001 -30"><span class='ocrx_word' id='word_1_201' title='bbox 499 3745 716 3846; x_wconf 88' lang='lat' dir='ltr'>Bernhardus</span> <span class='ocrx_word' id='word_1_202' title='bbox 754 3743 832 3816; x_wconf 82' lang='lat' dir='ltr'>dux</span> <span class='ocrx_word' id='word_1_203' title='bbox 864 3743 1067 3832; x_wconf 86' lang='lat' dir='ltr'>Kariuthie‚</span> <span class='ocrx_word' id='word_1_204' title='bbox 1104 3741 1283 3812; x_wconf 87' lang='lat' dir='ltr'>llaiuricus</span> <span class='ocrx_word' id='word_1_205' title='bbox 1319 3741 1534 3834; x_wconf 79' lang='lat' dir='ltr'>lantgravius</span> <span class='ocrx_word' id='word_1_206' title='bbox 1569 3741 1758 3834; x_wconf 82' lang='lat' dir='ltr'>Thuringie</span> <span class='ocrx_word' id='word_1_207' title='bbox 1794 3764 1910 3815; x_wconf 90' lang='lat' dir='ltr'>comes</span> 
     </span>
     <span class='ocr_line' id='line_1_27' title="bbox 499 3864 1910 3964; baseline -0.002 -22"><span class='ocrx_word' id='word_1_208' title='bbox 499 3871 672 3964; x_wconf 90' lang='lat' dir='ltr'>palatinus</span> <span class='ocrx_word' id='word_1_209' title='bbox 695 3869 865 3958; x_wconf 83' lang='lat' dir='ltr'>Saxonis,</span> <span class='ocrx_word' id='word_1_210' title='bbox 890 3867 1065 3940; x_wconf 85' lang='lat' dir='ltr'>Gotlridus</span> <span class='ocrx_word' id='word_1_211' title='bbox 1093 3876 1128 3936; x_wconf 88' lang='lat' dir='ltr'>et</span> <span class='ocrx_word' id='word_1_212' title='bbox 1149 3864 1326 3937; x_wconf 85' lang='lat' dir='ltr'>Corradus</span> <span class='ocrx_word' id='word_1_213' title='bbox 1351 3864 1396 3938; x_wconf 93' lang='lat' dir='ltr'>de</span> <span class='ocrx_word' id='word_1_214' title='bbox 1422 3865 1642 3952; x_wconf 84' lang='lat' dir='ltr'>Hohenlocb,</span> <span class='ocrx_word' id='word_1_215' title='bbox 1670 3865 1848 3940; x_wconf 86' lang='lat' dir='ltr'>Corradus</span> <span class='ocrx_word' id='word_1_216' title='bbox 1875 3877 1910 3940; x_wconf 90' lang='lat' dir='ltr'>et</span> 
     </span>
     <span class='ocr_line' id='line_1_28' title="bbox 498 3987 1910 4084; baseline -0.001 -20"><span class='ocrx_word' id='word_1_217' title='bbox 498 3993 701 4065; x_wconf 85' lang='lat' dir='ltr'>Luitholdus</span> <span class='ocrx_word' id='word_1_218' title='bbox 716 3991 761 4064; x_wconf 92' lang='lat' dir='ltr'>de</span> <span class='ocrx_word' id='word_1_219' title='bbox 774 3990 966 4084; x_wconf 83' lang='lat' dir='ltr'>Hardecge,</span> <span class='ocrx_word' id='word_1_220' title='bbox 983 3989 1061 4060; x_wconf 92' lang='lat' dir='ltr'>Otto</span> <span class='ocrx_word' id='word_1_221' title='bbox 1079 3988 1124 4061; x_wconf 91' lang='lat' dir='ltr'>de</span> <span class='ocrx_word' id='word_1_222' title='bbox 1140 3989 1297 4074; x_wconf 89' lang='lat' dir='ltr'>Slueuse,</span> <span class='ocrx_word' id='word_1_223' title='bbox 1312 3987 1492 4059; x_wconf 84' lang='lat' dir='ltr'>Heinricus</span> <span class='ocrx_word' id='word_1_224' title='bbox 1510 3997 1543 4059; x_wconf 88' lang='lat' dir='ltr'>et</span> <span class='ocrx_word' id='word_1_225' title='bbox 1556 3987 1776 4061; x_wconf 88' lang='lat' dir='ltr'>Bernhardus</span> <span class='ocrx_word' id='word_1_226' title='bbox 1790 3990 1910 4062; x_wconf 84' lang='lat' dir='ltr'>iratres</span> 
     </span>
     <span class='ocr_line' id='line_1_29' title="bbox 498 4110 1909 4208; baseline -0.002 -20"><span class='ocrx_word' id='word_1_227' title='bbox 498 4116 543 4189; x_wconf 90' lang='lat' dir='ltr'>de</span> <span class='ocrx_word' id='word_1_228' title='bbox 558 4117 830 4207; x_wconf 81' lang='lat' dir='ltr'>Schowenberc,</span> <span class='ocrx_word' id='word_1_229' title='bbox 851 4113 1029 4186; x_wconf 87' lang='lat' dir='ltr'>Kadoldus</span> <span class='ocrx_word' id='word_1_230' title='bbox 1044 4112 1179 4207; x_wconf 90' lang='lat' dir='ltr'>dapilcr</span> <span class='ocrx_word' id='word_1_231' title='bbox 1193 4111 1239 4184; x_wconf 90' lang='lat' dir='ltr'>de</span> <span class='ocrx_word' id='word_1_232' title='bbox 1251 4110 1474 4206; x_wconf 89' lang='lat' dir='ltr'>Veldesperc,</span> <span class='ocrx_word' id='word_1_233' title='bbox 1495 4111 1710 4184; x_wconf 87' lang='lat' dir='ltr'>Hademarus</span> <span class='ocrx_word' id='word_1_234' title='bbox 1726 4121 1761 4183; x_wconf 88' lang='lat' dir='ltr'>et</span> <span class='ocrx_word' id='word_1_235' title='bbox 1778 4111 1909 4208; x_wconf 83' lang='lat' dir='ltr'>ltapoto</span> 
     </span>
     <span class='ocr_line' id='line_1_30' title="bbox 497 4233 1908 4327; baseline -0.004 -15"><span class='ocrx_word' id='word_1_236' title='bbox 497 4239 542 4312; x_wconf 89' lang='lat' dir='ltr'>de</span> <span class='ocrx_word' id='word_1_237' title='bbox 556 4238 822 4327; x_wconf 87' lang='lat' dir='ltr'>Schoeniuberc,</span> <span class='ocrx_word' id='word_1_238' title='bbox 841 4237 1056 4310; x_wconf 87' lang='lat' dir='ltr'>Hademarus</span> <span class='ocrx_word' id='word_1_239' title='bbox 1074 4235 1119 4308; x_wconf 88' lang='lat' dir='ltr'>du</span> <span class='ocrx_word' id='word_1_240' title='bbox 1132 4233 1374 4325; x_wconf 87' lang='lat' dir='ltr'>Sunneuberc,</span> <span class='ocrx_word' id='word_1_241' title='bbox 1397 4235 1575 4308; x_wconf 88' lang='lat' dir='ltr'>Heinricus</span> <span class='ocrx_word' id='word_1_242' title='bbox 1593 4235 1636 4307; x_wconf 90' lang='lat' dir='ltr'>de</span> <span class='ocrx_word' id='word_1_243' title='bbox 1652 4235 1830 4326; x_wconf 89' lang='lat' dir='ltr'>Prunuun,</span> <span class='ocrx_word' id='word_1_244' title='bbox 1848 4237 1908 4307; x_wconf 89' lang='lat' dir='ltr'>lli-</span> 
     </span>
     <span class='ocr_line' id='line_1_31' title="bbox 496 4359 1686 4458; baseline -0.003 -24"><span class='ocrx_word' id='word_1_245' title='bbox 496 4361 662 4436; x_wconf 89' lang='lat' dir='ltr'>riulridus</span> <span class='ocrx_word' id='word_1_246' title='bbox 679 4361 724 4434; x_wconf 90' lang='lat' dir='ltr'>de</span> <span class='ocrx_word' id='word_1_247' title='bbox 737 4364 898 4458; x_wconf 87' lang='lat' dir='ltr'>lliupero‚</span> <span class='ocrx_word' id='word_1_248' title='bbox 916 4362 1097 4433; x_wconf 86' lang='lat' dir='ltr'>Heinricus</span> <span class='ocrx_word' id='word_1_249' title='bbox 1117 4359 1162 4431; x_wconf 92' lang='lat' dir='ltr'>de</span> <span class='ocrx_word' id='word_1_250' title='bbox 1178 4359 1309 4448; x_wconf 89' lang='lat' dir='ltr'>Ssvslt,</span> <span class='ocrx_word' id='word_1_251' title='bbox 1330 4369 1363 4430; x_wconf 87' lang='lat' dir='ltr'>et</span> <span class='ocrx_word' id='word_1_252' title='bbox 1377 4359 1435 4429; x_wconf 82' lang='lat' dir='ltr'>&#39;alii</span> <span class='ocrx_word' id='word_1_253' title='bbox 1451 4360 1686 4454; x_wconf 80' lang='lat' dir='ltr'>quamplures.</span> 
     </span>
    </p>

    <p class='ocr_par' dir='ltr' id='par_1_7' title="bbox 495 4465 1909 4706">
     <span class='ocr_line' id='line_1_32' title="bbox 544 4465 1909 4582; baseline -0.002 -25"><span class='ocrx_word' id='word_1_254' title='bbox 544 4488 687 4582; x_wconf 73' lang='lat' dir='ltr'>sgnum</span> <span class='ocrx_word' id='word_1_255' title='bbox 710 4486 844 4560; x_wconf 77' lang='lat' dir='ltr'>domm</span> <span class='ocrx_word' id='word_1_256' title='bbox 861 4484 1032 4558; x_wconf 68' lang='lat' dir='ltr'>trederici</span> <span class='ocrx_word' id='word_1_257' title='bbox 1053 4483 1216 4573; x_wconf 65' lang='lat' dir='ltr'>seusu,</span> <span class='ocrx_word' id='word_1_258' title='bbox 1235 4481 1297 4554; x_wconf 80' lang='lat' dir='ltr'>uu</span> <span class='ocrx_word' id='word_1_259' title='bbox 1315 4481 1659 4576; x_wconf 68' lang='lat' dir='ltr'>gratia‘iuvictissimi</span> <span class='ocrx_word' id='word_1_260' title='bbox 1678 4465 1909 4555; x_wconf 78' lang='lat' dir='ltr'>aomanorum</span> 
     </span>
     <span class='ocr_line' id='line_1_33' title="bbox 495 4605 1538 4706; baseline -0.004 -25"><span class='ocrx_word' id='word_1_261' title='bbox 495 4612 707 4706; x_wconf 88' lang='lat' dir='ltr'>imperatoris</span> <span class='ocrx_word' id='word_1_262' title='bbox 720 4632 855 4705; x_wconf 86' lang='lat' dir='ltr'>semper</span> <span class='ocrx_word' id='word_1_263' title='bbox 869 4609 1026 4704; x_wconf 79' lang='lat' dir='ltr'>augusti,</span> <span class='ocrx_word' id='word_1_264' title='bbox 1045 4607 1233 4680; x_wconf 84' lang='lat' dir='ltr'>Jerusalem</span> <span class='ocrx_word' id='word_1_265' title='bbox 1251 4616 1285 4678; x_wconf 87' lang='lat' dir='ltr'>et</span> <span class='ocrx_word' id='word_1_266' title='bbox 1301 4605 1416 4678; x_wconf 88' lang='lat' dir='ltr'>Sicilie</span> <span class='ocrx_word' id='word_1_267' title='bbox 1435 4605 1538 4700; x_wconf 78' lang='lat' dir='ltr'>regis.</span> 
     </span>
    </p>

    <p class='ocr_par' dir='ltr' id='par_1_8' title="bbox 543 4729 1910 4809">
     <span class='ocr_line' id='line_1_34' title="bbox 543 4729 1910 4809; baseline -0.003 -3"><span class='ocrx_word' id='word_1_268' title='bbox 543 4735 627 4809; x_wconf 83' lang='lat' dir='ltr'>Acta</span> <span class='ocrx_word' id='word_1_269' title='bbox 644 4744 725 4808; x_wconf 90' lang='lat' dir='ltr'>suut</span> <span class='ocrx_word' id='word_1_270' title='bbox 741 4733 806 4808; x_wconf 86' lang='lat' dir='ltr'>bec</span> <span class='ocrx_word' id='word_1_271' title='bbox 823 4754 915 4806; x_wconf 91' lang='lat' dir='ltr'>anuo</span> <span class='ocrx_word' id='word_1_272' title='bbox 929 4731 1102 4808; x_wconf 88' lang='lat' dir='ltr'>dominice</span> <span class='ocrx_word' id='word_1_273' title='bbox 1120 4730 1365 4804; x_wconf 87' lang='lat' dir='ltr'>iucarnationis</span> <span class='ocrx_word' id='word_1_274' title='bbox 1383 4729 1565 4802; x_wconf 88' lang='lat' dir='ltr'>millesimo</span> <span class='ocrx_word' id='word_1_275' title='bbox 1586 4729 1821 4803; x_wconf 87' lang='lat' dir='ltr'>ducentesimo</span> <span class='ocrx_word' id='word_1_276' title='bbox 1843 4731 1910 4803; x_wconf 92' lang='lat' dir='ltr'>tri-</span> 
     </span>
    </p>
   </div>
   <div class='ocr_carea' id='block_1_3' title="bbox 0 0 2180 5922">
    <p class='ocr_par' dir='ltr' id='par_1_9' title="bbox 0 0 2180 5922">
     <span class='ocr_line' id='line_1_35' title="bbox 0 0 2180 5922; baseline 0 5"><span class='ocrx_word' id='word_1_277' title='bbox 0 0 2180 5922; x_wconf 95' lang='lat' dir='ltr'> </span> 
     </span>
    </p>
   </div>
  </div>
 </body>
</html>
