4262 5910
205 615 307 675 nne.
325 610 388 690 rs]
657 603 855 666 nrsronra
879 598 1173 664 orruouarrcs

260 1164 482 1247 Mandatum
512 1165 563 1246 ad
595 1162 855 1246 Renaldinum
887 1163 935 1245 de
959 1161 1149 1245 Panormo
1182 1171 1226 1243 ut
1252 1186 1339 1243 eum
1365 1161 1554 1270 leopardis
1584 1174 1621 1246 et
1652 1187 1815 1286 popm·

205 1296 450 1404 leoparderiis
488 1322 610 1405 usque
655 1297 705 1379 ad
745 1295 926 1378 Sanctum
963 1293 1190 1376 Flabianum
1224 1294 1378 1401 veniat,
1417 1295 1620 1376 adveutum

207 1453 322 1510 suum
348 1427 650 1538 significaturus,
676 1438 715 1511 et
737 1427 785 1511 de
810 1427 983 1537 expensis
1006 1425 1085 1508 suis
1102 1425 1351 1535 justitiarium
1380 1425 1620 1533 capitanatae

204 1562 386 1671 requirat.

288 1782 415 1861 (licoat.
428 1784 532 1863 impu.
544 1781 663 1844 Frodn.
678 1781 719 1856 11,
734 1780 785 1843 tol.
802 1790 839 1842 tt
856 1787 952 1856 reeto;
965 1783 998 1842 tn
1011 1781 1082 1842 edit
1099 1779 1235 1858 caream,
1247 1796 1277 1859 p.
1295 1782 1379 1858 soe.)

256 1978 304 2048 lle
321 1979 492 2070 imperiali
508 1978 669 2050 mandato
686 1979 777 2069 [octo
789 1997 854 2071 per
872 1976 1068 2068 mopistrum
1084 1973 1282 2067 suppetam
1297 1974 1338 2046 de
1355 1977 1619 2052 Potrosturmino

207 2103 339 2194 scripsit
357 2103 588 2173 Laurentius:

254 2223 472 2316 Frederious,
492 2235 578 2313 eta,
598 2222 789 2296 Renaldino
806 2221 851 2294 de
870 2222 1036 2294 Panormo
1055 2221 1216 2312 valleoto,
1231 2229 1297 2294 ete.
1320 2221 1524 2296 Mandamus
1541 2246 1618 2319 pre·

205 2345 367 2441 cipieudo
382 2347 534 2420 fidelitati
551 2355 611 2418 tue
633 2355 806 2440 quatenus
825 2346 938 2418 statim
959 2345 1043 2416 visis
1060 2345 1125 2440 bys
1139 2345 1265 2418 lieteris
1278 2347 1385 2440 eligas
1401 2357 1470 2420 tres
1483 2347 1529 2420 de
1544 2349 1616 2421 leo·

206 2472 327 2566 pardis
345 2483 405 2543 tue
426 2493 508 2544 oure
524 2471 715 2544 commissis
734 2471 894 2542 meliores
913 2479 948 2542 et
968 2469 1091 2542 melius
1109 2470 1290 2564 abaytatos
1307 2479 1342 2542 et
1357 2481 1426 2544 tres
1441 2472 1526 2545 alios
1548 2495 1616 2546 nou

205 2594 385 2690 adaptatos
418 2595 576 2668 meliores
604 2595 663 2690 qui
698 2602 813 2666 umen
841 2591 951 2666 sciant
981 2591 1157 2685 equitare,
1190 2602 1225 2664 et
1257 2591 1442 2667 habiliores
1471 2597 1540 2668 sint
1571 2597 1619 2670 ad

205 2717 462 2813 adaptandam,
481 2728 516 2790 et
531 2717 640 2790 ducas
657 2727 771 2790 tecum
793 2715 1026 2810 leoparderios
1041 2715 1252 2788 necessarios
1265 2737 1328 2811 pro
1346 2718 1518 2814 leopardis
1535 2721 1619 2816 ipsis

205 2840 384 2913 asverias
405 2862 517 2935 usqua
539 2842 702 2913 Sanctum
726 2839 949 2929 Flebianum‚
972 2837 1100 2910 deinde
1117 2847 1286 2911 venturus
1303 2839 1349 2912 ad
1371 2862 1434 2914 nos
1450 2844 1479 2914 si
1499 2844 1618 2916 venire

205 2984 285 3036 oum
302 2964 353 3035 eis
364 2964 491 3058 potaris
503 2964 684 3036 salubriter
699 2971 734 3036 et
752 2983 893 3052 seeure,
911 2962 1064 3056 alioquin
1079 2961 1268 3036 adventum
1282 2972 1380 3036 tuum
1398 2967 1618 3063 nobissigui·

205 3084 290 3158 fleas
308 3097 348 3158 ut
364 3087 510 3180 qualiter
531 3086 659 3160 debeas
677 3086 723 3158 ad
740 3107 804 3158 uos
817 3085 957 3174 venire,
982 3085 1200 3158 mandemus.
1218 3087 1269 3157 De
1286 3087 1435 3160 rouoiuis
1451 3100 1568 3163 autem
1583 3101 1619 3164 et

205 3209 369 3302 expensis
386 3210 588 3283 necessariis
601 3230 664 3304 pro
679 3219 731 3298 te,
750 3207 976 3303 leoparderiis
992 3217 1026 3280 et
1038 3209 1211 3304 leopardis
1225 3211 1381 3304 requiras
1392 3211 1617 3303 justitiarium

204 3330 410 3427 Capitinate,
434 3333 491 3404 oui
505 3332 571 3406 hoo
587 3332 750 3405 dedimus
762 3333 799 3402 in
817 3331 1002 3404 mandatis.

256 3456 381 3526 Datum
397 3455 494 3550 apud
511 3456 628 3547 Pisas,
646 3456 741 3528 XXV
753 3454 965 3546 decembris,
983 3455 1060 3526 Xlll
1076 3454 1286 3528 indictionis.

258 3579 477 3671 Fredorious,
497 3588 581 3670 eto,
599 3580 640 3650 ll.
663 3578 709 3652 de
723 3569 995 3670 lloutelusoulo,
1013 3579 1197 3671 justitiario
1217 3579 1422 3676 Capitiuate,
1443 3591 1509 3656 eto.
1529 3584 1618 3670 Quia

208 3703 372 3776 volumus
394 3712 434 3776 ut
454 3703 693 3800 Raynaldinus
716 3703 763 3776 de
785 3704 954 3777 Panormo
977 3704 1143 3776 vallootus
1169 3702 1281 3778 fidelis
1306 3713 1420 3778 noster
1448 3729 1529 3780 oum
1553 3731 1617 3782 sex

209 3825 381 3919 leopardis
397 3837 432 3898 et
447 3825 672 3920 leoparderiis
688 3824 735 3898 ad
748 3828 956 3921 presentiam
971 3835 1122 3899 nostram
1136 3827 1336 3900 festinanter
1349 3830 1503 3920 accedat,
1519 3853 1618 3905 mau-

205 3946 331 4020 damus
347 3959 519 4042 quatenus
533 3949 647 4022 eidem
669 3949 833 4022 roncinos
854 3957 889 4021 et
903 3970 1076 4045 expensas
1091 3950 1301 4023 necessarias
1317 3973 1379 4045 pro
1395 3953 1567 4048 leopardis
1583 3964 1619 4027 et

206 4069 432 4164 leopardariis
460 4071 545 4165 ipsis
573 4091 662 4164 quos
692 4069 851 4158 duxerit,
884 4071 929 4144 de
958 4071 1107 4167 pecunia
1127 4071 1222 4144 eurio
1247 4081 1362 4145 nostre
1389 4095 1459 4167 que
1483 4085 1535 4147 est
1557 4097 1619 4170 per

204 4213 331 4264 manus
345 4202 425 4264 tuas
444 4193 572 4266 debeas
584 4193 767 4286 exhibere,
782 4202 817 4266 et
831 4193 924 4267 dioto
934 4195 975 4267 n.
989 4215 1052 4289 pro
1065 4216 1117 4284 se,
1133 4192 1269 4267 duobus
1282 4197 1439 4270 seutenis
1455 4207 1490 4270 et
1507 4197 1618 4270 tribus

203 4315 306 4408 equis
325 4316 399 4386 suis
415 4337 600 4411 expensas.

253 4437 379 4510 Datum
399 4433 450 4534 [ot
465 4435 599 4535 suffla}
