4350 5922
236 639 334 698 Ianuar.
355 629 415 714 le]
684 623 882 686 HISTORIA
907 625 1203 692 ureuouerrce.
1610 639 1651 700 4¹1

235 793 377 846 suarum
394 762 575 838 mobilium
588 761 665 834 siue
680 759 902 854 vectigalium
921 771 956 834 et
971 761 1198 858 pedagiorum
1217 768 1399 842 exactione
1418 768 1548 844 eisdem
1576 796 1652 868 pre·

235 895 346 992 posito
361 904 400 966 et
415 885 603 964 couventui
626 884 671 958 de
691 891 807 957 nostre
822 884 961 980 pietatis
976 888 1085 981 gratia
1107 887 1367 982 confirmantes,
1392 894 1600 972 mandamus
1617 907 1651 971 et

235 1017 445 1116 presentium
467 1009 669 1086 auctoritate
694 1007 904 1104 precipimus
924 1011 1098 1084 universis
1121 1023 1294 1108 quatenus
1315 1017 1459 1109 gratiam
1487 1028 1522 1090 et
1539 1019 1651 1093 liber-

234 1151 336 1217 tatem
354 1138 515 1214 eamdem
533 1133 703 1232 presentis
718 1133 977 1229 approbationis
993 1147 1108 1211 nostre
1126 1140 1319 1214 munimine
1337 1141 1531 1218 roboratam
1547 1145 1650 1239 juxta

233 1270 376 1340 termam
397 1259 570 1360 privilegii
587 1257 643 1330 sui
670 1253 835 1353 predictis
857 1259 1030 1353 preposito
1054 1270 1090 1334 et
1118 1267 1304 1338 conventui
1331 1264 1376 1340 de
1402 1266 1647 1364 Riobersperge

232 1412 328 1464 more
343 1389 445 1461 solito
460 1383 645 1458 salubriter
658 1382 891 1472 conservetis,
907 1393 945 1456 ut
959 1385 1087 1476 justam
1106 1386 1150 1461 de
1165 1389 1264 1462 vobis
1281 1412 1350 1462 uon
1370 1390 1521 1464 habeant
1539 1404 1646 1468 mate·

231 1517 317 1587 rinm
330 1508 581 1606 conquerendi.

277 1639 405 1708 Datum
423 1632 519 1729 apud
536 1631 740 1722 Wiennam,
764 1651 857 1704 anno
879 1630 1052 1708 dominice
1075 1634 1320 1710 incarnationis
1336 1637 1382 1710 ll.
1401 1639 1462 1712 CC.
1484 1639 1642 1734 XXXVI,

230 1783 348 1836 mense
363 1759 495 1849 martii,
516 1757 549 1828 X
562 1755 773 1830 indictionis.

281 2353 509 2460 Fridericus‚
526 2353 786 2435 Romanorum
805 2351 1026 2460 imperator,
1047 2351 1234 2434 universis
1248 2350 1443 2461 judicibus
1462 2364 1499 2436 et
1517 2365 1643 2438 muta-
1695 2381 1807 2480 villi„

232 2486 296 2569 riis
312 2513 380 2596 per
397 2487 580 2569 ducatum
600 2485 775 2568 Austriae
792 2493 830 2566 et
848 2483 994 2594 Styriue
1011 2484 1225 2566 constitutis
1243 2487 1401 2568 mandet
1419 2495 1461 2568 ut
1478 2513 1642 2598 exemp·
1713 2467 1820 2534 ³¹¹⁶*

231 2621 370 2704 tionem
388 2621 437 2702 de
462 2618 564 2703 vasis
591 2617 669 2702 vini
696 2617 927 2700 monasterio
953 2617 1081 2700 Sancti
1109 2617 1208 2701 Petri
1230 2619 1278 2700 de
1301 2618 1488 2730 Salzburg
1506 2648 1529 2703 e
1546 2622 1642 2707 duce

185 2742 187 2748 ’
231 2753 414 2862 liupoldo
435 2777 655 2873 concessam
677 2759 714 2834 et
732 2777 755 2833 a
773 2777 814 2834 se
840 2751 924 2860 ipso
955 2749 1219 2834 confirmatum
1249 2751 1516 2836 inviolabiliter
1544 2781 1641 2839 con-

232 2897 389 2973 servent.

307 3099 401 3180 (Edit.
417 3117 463 3179 ap.
477 3099 588 3163 lllooias.
603 3095 701 3160 clauo.
714 3103 837 3158 mouau.
854 3096 958 3158 Sancta·
971 3095 1054 3158 Petri
1066 3093 1178 3173 salzb,
1192 3115 1224 3174 p.
1240 3097 1324 3178 nos.)

274 3285 488 3375 Iudaicus,
509 3285 572 3359 Dei
594 3285 706 3379 gratia
723 3285 954 3358 Romanorum
973 3285 1157 3380 imperator
1175 3305 1309 3380 semper
1324 3296 1513 3378 augustus,
1535 3289 1637 3359 Jeru-

228 3413 330 3484 salem
344 3420 378 3484 et
391 3411 507 3483 Sicilie
522 3431 604 3501 rex,
624 3409 797 3484 universis
815 3408 993 3501 judicibus
1011 3417 1046 3482 et
1064 3409 1221 3480 mutariis
1238 3431 1299 3503 per
1314 3409 1479 3482 ducatum
1501 3409 1638 3484 Austrie

228 3548 261 3608 ct
275 3536 388 3632 Styrie
403 3535 595 3608 constitutis
614 3533 775 3607 fidelibus
792 3533 865 3605 suis
881 3533 1027 3626 gratiam
1047 3555 1146 3606 suam
1167 3543 1201 3606 et
1222 3555 1324 3606 omne
1337 3535 1480 3607 bonum.
1501 3535 1637 3631 Suppli·
1734 3601 1735 3604 ,

227 3671 346 3732 carnut
369 3657 566 3733 celsitudini
585 3668 700 3730 nostre
719 3657 928 3730 venerabilis
951 3657 1062 3730 abbas
1083 3665 1119 3729 et
1135 3667 1326 3730 conventus
1344 3659 1460 3732 Sancti
1476 3659 1566 3732 Petri
1592 3658 1637 3732 de

226 3784 387 3856 Salzburc
404 3783 524 3856 fideles
539 3781 644 3854 nostri
660 3791 700 3854 ut
719 3781 865 3876 gratiam
883 3790 918 3853 et
932 3782 1124 3855 libertatem
1143 3781 1189 3854 ab
1207 3782 1328 3854 illustri
1355 3782 1444 3856 duce
1465 3784 1636 3879 Liupoldo

225 3908 332 3980 salluis
350 3907 516 3980 memorie
537 3925 641 4000 super
665 3905 894 3999 vectigalibus
919 3903 1060 3998 triginta
1075 3925 1238 3976 vasorum
1257 3905 1347 3997 vini,
1374 3927 1443 4000 que
1467 3929 1531 3980 nec
1556 3910 1634 4002 plus

226 4053 326 4126 quam
344 4031 574 4126 quadraginta
587 4049 651 4102 uec
667 4029 782 4100 minus
797 4051 903 4122 quam
916 4029 1057 4121 triginta
1071 4051 1176 4101 urnas
1188 4030 1343 4123 capiant,
1359 4053 1420 4126 per
1436 4031 1511 4104 loca
1525 4041 1635 4106 muta·

226 4177 300 4226 rum
317 4153 461 4228 ecclesie
479 4176 542 4226 sue
561 4153 731 4227 indultam
750 4151 803 4248 (l)
819 4162 888 4225 tam
910 4151 945 4224 in
965 4153 1067 4247 aquis
1084 4175 1190 4247 quam
1210 4155 1378 4246 interris,
1395 4157 1635 4252 approbasset

260 4461 296 4534 (t)
312 4463 410 4518 Datum
429 4459 580 4535 salzburgi,
604 4475 675 4517 anno
692 4459 883 4518 incarnationis
896 4459 1045 4518 dominicae
1065 4459 1192 4534 nccxv,
1208 4461 1351 4520 indictione
1364 4463 1416 4536 lll,
1435 4463 1487 4522 XV
1506 4463 1634 4524 kalendas

227 4559 328 4631 augusti
339 4556 549 4634 (olimpum).
564 4555 756 4617 confirmatum
770 4563 891 4614 autema
905 4556 1039 4614 Friderico
1052 4557 1178 4615 nustriae
1192 4559 1259 4616 ‹luce
1267 4560 1386 4634 liupoldi
1401 4560 1454 4618 filio
1466 4561 1536 4635 apud
1546 4561 1634 4618 Niuu-

225 4655 306 4728 burg,
317 4672 387 4713 auno
403 4655 590 4713 incarnationis
602 4651 707 4712 Βοιιιίιιί
721 4655 758 4712 ll.
770 4654 820 4712 CC.
837 4653 1006 4726 XXXVIIII,
1022 4669 1115 4712 mense
1127 4656 1283 4727 novembri,
1296 4658 1390 4714 tertiae
1408 4657 1528 4716 decimae
1544 4657 1634 4716 indie-

227 4755 312 4826 tiouis,
328 4753 517 4828 praesentibus
530 4752 664 4830 episcopis
677 4751 847 4820 lauriensi,
858 4752 1035 4824 FrieIngensi,
1051 4753 1219 4812 monensi
1234 4753 1322 4828 (ibim,
1336 4773 1363 4830 p.
1381 4756 1454 4829 269).
