4228 5892
225 554 325 616 lsnrm.
342 551 405 632 12]
673 549 869 612 tllsTOltltt
894 548 1192 613 otrlottttltce.
1572 547 1632 612 339

223 685 369 782 aggredi
385 683 747 773 officiasacerdotum3
763 685 1010 781 propterquod
1029 684 1121 758 idem
1141 684 1203 780 qui
1220 705 1282 780 pro
1298 683 1375 757 euri
1392 684 1482 757 fame
1500 682 1632 757 dictum

225 831 372 905 regnum
389 809 503 883 Sicilie
515 809 589 901 iem
604 807 740 903 redegit
759 807 795 880 in
815 808 978 901 cinerem,
995 808 1138 882 credens
1153 830 1192 882 se
1206 809 1268 904 qui
1286 807 1380 882 omni
1398 815 1550 902 tempore
1563 807 1634 880 vite

226 955 289 1008 sue
302 935 423 1031 paucis
438 953 539 1029 pure,
557 932 715 1028 pluribus
729 953 812 1006 veru
825 933 993 1026 justitiam
1010 933 1111 1038 pretii
1129 933 1314 1006 venalitate
1331 939 1513 1026 corruptus
1530 931 1632 1004 exhi·

227 1057 323 1149 buit,
343 1055 439 1152 quod
462 1057 499 1128 iu
521 1076 671 1152 persona
693 1076 757 1129 sna
783 1056 993 1130 resuscitans
1010 1079 1151 1152 magum
1172 1056 1345 1128 Simonem
1370 1054 1442 1127 luto
1460 1063 1632 1151 tempora·

229 1180 314 1252 lium
337 1181 511 1255 maculare
529 1180 638 1276 possit
655 1181 808 1254 llcolesie
822 1181 1024 1275 puritatem,
1044 1188 1083 1252 ut
1102 1180 1207 1252 sicin
1229 1177 1465 1276 spiritualibus
1486 1177 1634 1272 gressmi

227 1313 262 1377 et
277 1305 315 1376 in
330 1304 404 1378 suis
422 1303 675 1400 permitteretur
699 1303 862 1378 sordibus
878 1325 1076 1396 remanere;
1102 1323 1242 1374 murum
1260 1301 1464 1396 integritatis
1481 1299 1634 1374 Ecclesia

229 1427 345 1500 multis
361 1437 396 1502 et
410 1427 602 1524 specialiter
619 1427 792 1502 oblatione
813 1437 1001 1504 castrorum
1020 1449 1062 1500 uc
1078 1427 1251 1523 parentela
1273 1427 1364 1500 inter
1385 1446 1469 1497 suos
1492 1433 1527 1498 et
1551 1445 1635 1497 nos-

229 1560 297 1624 troe
314 1549 567 1642 contrahenda,
587 1572 650 1645 pro
669 1572 738 1646 qua
754 1571 817 1624 uos
835 1572 898 1646 per
915 1551 1085 1646 quosdam
1103 1571 1248 1644 magnos
1271 1549 1423 1644 prelatos
1441 1558 1476 1620 et
1491 1548 1636 1620 nuncios

228 1693 310 1747 suos
326 1673 455 1768 pluries
475 1673 672 1767 requisivit,
692 1674 839 1746 tentavit
860 1675 1059 1766 infringere.
1078 1675 1179 1746 Nunc
1198 1692 1281 1746 vere
1305 1671 1388 1766 quia
1410 1671 1448 1744 id
1468 1671 1560 1747 nulla
1577 1671 1634 1746 in·

227 1797 352 1872 stende
366 1797 532 1891 nulloque
546 1797 699 1891 ingenio,
713 1797 803 1870 sicut
820 1806 872 1870 est
889 1797 925 1869 iu
945 1798 1041 1871 curia
1054 1806 1170 1870 nostre
1185 1797 1284 1890 quasi
1302 1795 1487 1886 notorium,
1502 1794 1637 1867 anobis

226 1921 341 2017 potuit
366 1921 541 2010 obtinere,
572 1921 658 2014 quin
689 1921 803 2016 potins
832 1942 871 1994 se
895 1943 975 1993 cum
1004 1921 1078 1993 suis
1107 1919 1298 2014 perditioni
1321 1919 1478 1992 relictum
1510 1917 1636 1990 artium

226 2067 369 2119 suarum
394 2045 537 2118 fallaciis
555 2045 592 2116 in
609 2045 709 2140 pejus
732 2043 898 2140 proficere
921 2047 994 2136 jann
1014 2043 1187 2140 agnoscit,
1208 2043 1291 2138 quia
1309 2042 1420 2115 nescit
1436 2043 1525 2114 ultra
1550 2041 1638 2136 quid

227 2170 342 2260 iaciat,
359 2169 527 2264 seipsum
540 2169 721 2242 mendacio
736 2190 801 2242 suo
819 2169 856 2242 in
873 2170 1019 2242 eliorum
1032 2169 1246 2243 detractione
1262 2167 1436 2262 deturpat,
1452 2187 1548 2238 more
1565 2187 1636 2238 me·

225 2293 358 2366 retricis
379 2293 566 2390 Egyptiaoe
583 2315 654 2386 que
669 2294 797 2388 loseph
820 2294 980 2366 invitavit
998 2293 1045 2366 ad
1060 2301 1218 2388 stuprum
1239 2301 1273 2365 et
1290 2291 1427 2387 abipso
1444 2299 1637 2384 contempta

227 2415 323 2511 apud
338 2417 454 2488 virum
479 2439 582 2490 suum
599 2417 720 2490 volens
737 2417 913 2490 accusavit
929 2417 1090 2490 invitum.
1116 2418 1231 2490 Unum
1252 2413 1395 2509 quidem
1414 2423 1466 2486 est
1484 2413 1529 2486 de
1545 2435 1634 2508 quo,

226 2541 290 2612 etsi
302 2561 367 2636 pro
380 2540 520 2614 bomine
537 2541 670 2636 perdito
685 2541 729 2613 sit
747 2540 954 2631 dolendum,
973 2541 1070 2612 letari
1094 2561 1164 2611 non
1180 2538 1358 2611 modicum
1374 2547 1408 2610 et
1431 2539 1503 2610 Deo
1522 2557 1637 2631 regra-

227 2663 303 2736 tiari
317 2663 452 2738 debetis
467 2666 562 2760 quod
580 2666 720 2738 volente
739 2665 888 2737 Domino
903 2665 964 2758 qui
984 2663 1116 2736 diutius
1136 2662 1298 2737 occultari
1318 2683 1389 2736 non
1408 2661 1536 2758 patitur
1559 2683 1636 2734 um·

227 2789 326 2860 brem
349 2789 487 2880 mortis,
512 2789 577 2862 iste
596 2791 657 2882 qui
681 2788 815 2883 gaudet
833 2809 870 2860 se
892 2787 1061 2861 nominari
1081 2787 1320 2882 preambulum
1333 2784 1552 2878 antichristi,
1567 2806 1637 2859 non

229 2921 414 3006 expectans
427 2913 661 3007 propinquum
676 2933 740 2985 sue
758 2913 953 2984 confusioni
966 2911 1153 3004 judicium,
1174 2911 1335 2984 menibus
1349 2911 1499 3005 propriis
1512 2909 1637 2983 effosso

230 3056 370 3107 suarum
387 3035 682 3109 abominationum
707 3035 849 3130 pariete,
871 3057 935 3130 per
955 3035 1064 3108 dictas
1081 3036 1210 3107 litteras
1227 3035 1303 3126 ejus
1321 3057 1464 3106 sumum
1478 3034 1639 3130 producit

228 3158 266 3230 in
290 3157 404 3232 lucem
427 3179 531 3253 opera
551 3159 789 3246 tenebrarum,
808 3158 845 3228 in
866 3159 916 3231 eis
938 3169 1133 3231 constanter
1154 3179 1350 3254 proponens
1372 3157 1468 3252 quod
1488 3179 1552 3252 per
1574 3179 1638 3230 nos

232 3291 396 3377 tanquam
422 3281 546 3355 Christi
566 3283 735 3356 vicarium
760 3284 902 3356 vinculo
928 3282 1295 3356 excommunicationis
1322 3281 1464 3377 astringi
1487 3303 1556 3355 non
1576 3303 1639 3377 po-

229 3405 306 3477 tnit.
328 3405 455 3499 Sioque
473 3405 647 3478 affirmans
666 3427 737 3478 non
754 3426 831 3478 esse
847 3405 944 3500 apud
964 3406 1151 3478 Ecclesiam
1171 3427 1190 3478 e
1208 3405 1354 3479 Domino
1371 3405 1473 3479 beato
1490 3405 1590 3480 Petro
1605 3415 1640 3478 et

228 3529 303 3620 ejus
319 3529 578 3602 successoribus
601 3529 732 3623 ligandi
751 3540 857 3623 etque
873 3529 1031 3602 solvendi
1049 3527 1208 3602 traditam
1226 3537 1447 3623 potestatem,
1474 3529 1558 3603 dum
1579 3529 1649 3604 lue-1

230 3651 332 3724 resim
347 3654 480 3744 asserit,
499 3653 639 3747 proprio
661 3653 727 3725 sibi
746 3662 948 3746 argumento
968 3653 1158 3742 concludit,
1180 3663 1431 3747 consequenter
1452 3651 1638 3726 ostendeus

230 3775 324 3869 quod
351 3777 441 3848 male
469 3777 663 3850 sentiatde
692 3777 815 3850 ceteris
841 3775 921 3851 fidei
950 3777 1145 3851 orthodoxe
1168 3777 1340 3868 articulis,
1374 3775 1459 3850 dnm
1485 3777 1639 3850 Ecclesia

231 3920 455 3995 superquam
474 3899 561 3974 fides
579 3900 724 3975 fundata
742 3901 913 3994 consistit,
936 3903 1074 3975 auferre
1091 3902 1212 3974 nititur
1234 3922 1437 3975 conoessum
1452 3901 1560 3976 verbe
1577 3902 1639 3975 Dei

229 4023 450 4118 privilegium
471 4025 658 4118 potestatis.
685 4024 754 4098 Sed
775 4025 858 4119 quie
878 4025 994 4098 minus
1021 4027 1111 4098 bene
1140 4025 1185 4100 ab
1206 4025 1380 4120 aliquibus
1407 4024 1501 4098 credi
1525 4037 1639 4120 posset

229 4146 323 4242 qnod
338 4169 377 4220 se
395 4148 512 4220 verbis
529 4148 765 4242 illaqueaverit
782 4149 852 4222 oris
874 4149 948 4240 sui,
967 4149 1186 4244 probationes
1204 4150 1241 4220 in
1264 4148 1347 4222 fidei
1365 4149 1543 4223 victoriam
1556 4159 1638 4222 sunt

229 4281 349 4370 parate
363 4271 458 4367 quod
480 4272 543 4345 iste
567 4295 631 4346 rex
652 4273 845 4368 pestilentie
866 4273 1012 4345 utribus
1031 4271 1261 4364 beratoribus,
1283 4281 1322 4344 ut
1339 4273 1416 4366 ejus
1430 4273 1546 4346 verbis
1560 4283 1637 4346 uta·

228 4419 320 4488 mur,
347 4397 477 4469 scilicet
493 4396 626 4468 Christo
642 4398 740 4487 lesu,
758 4397 879 4492 Moyse
905 4407 940 4470 et
960 4396 1169 4490 Mahomete,
1197 4405 1308 4470 totum
1337 4395 1507 4468 mundum
1531 4398 1637 4470 luisse

225 4517 427 4616 deceptum,
447 4531 481 4594 et
500 4519 639 4592 duobus
656 4541 776 4593 eorum
792 4520 828 4592 in
844 4521 951 4615 gloria
963 4521 1118 4614 mortuis,
1134 4521 1249 4617 ipsum
1266 4523 1380 4596 lesum
1397 4521 1434 4593 in
1448 4521 1545 4614 ligno
1560 4543 1636 4594 sus·

225 4663 373 4737 pensum
390 4643 570 4716 manifeste
586 4663 796 4737 proponens,
818 4643 960 4739 insuper
978 4644 1132 4720 dilucida
1155 4667 1242 4720 voce
1259 4647 1429 4721 affirmare
1446 4645 1504 4718 vel
1522 4646 1637 4741 potius
