4228 5892
243 507 342 570 lnnrer.
361 505 421 592 la]
690 513 889 579 HISTORIA
910 517 1203 581 brrnoltsllcll.
1593 525 1654 588 375

243 642 354 714 oculis
385 642 676 719 commendabiles
706 662 928 745 representet.
959 654 1003 726 Et
1031 674 1112 726 ecce
1136 652 1232 748 quod
1260 653 1307 726 ad
1337 655 1592 750 oppressionem
1619 669 1655 733 et

243 767 487 840 exterminium
519 777 713 844 nostrornm
745 775 923 850 rebellium
950 787 985 851 et
1013 777 1250 851 defensionem
1280 787 1473 852 nostrorum
1500 780 1654 856 fidelium

242 889 398 984 ipsarum
417 893 565 984 partium
576 916 589 981 ,¹
602 896 646 967 Η.
663 896 828 972 illustrem
844 923 960 995 regem
981 902 1156 992 Sardinia,
1174 903 1338 976 dilectum
1356 902 1465 977 lilium
1479 915 1669 999 nostrum,

241 1012 289 1086 ad
304 1014 479 1088 civitatem
490 1017 655 1091 Ravenna
672 1023 890 1114 providimus
905 1025 1165 1099 destinandum.

824 1396 826 1404 ἲ
924 1297 974 1369 11.

325 1467 458 1548 (lidider.
470 1473 620 1533 Mnnmmr
631 1480 661 1534 et
670 1473 813 1547 Daunum,
822 1470 960 1552 Amplior.
973 1469 1251 1549 eotoct,t.11,eot.
1265 1479 1353 1544 1155,
1363 1473 1447 1548 epist.
1457 1471 1574 1546 xxl113
1584 1473 1652 1536 coll.

362 1593 429 1637 cum
442 1578 509 1638 cod.
520 1579 599 1682 Bibl.
611 1579 711 1642 Cesar.
722 1580 818 1642 Puris.
824 1577 976 1658 wjoedsS
989 1578 1127 1641 Gerrunio
1135 1575 1258 1656 Harlay
1272 1585 1343 1651 4⁵5,
1358 1593 1426 1654 pers
1440 1579 1481 1657 ΙΙ,
1496 1587 1529 1637 n⁰
1542 1577 1653 1658 LVII.)

289 1750 492 1824 Fredericns
508 1754 743 1826 communitati
749 1801 1651 1828 .......................

290 1875 327 1944 ln
341 1877 503 1948 omnibus
517 1877 736 1971 processibus
753 1879 879 1952 nostris
890 1886 972 1952 nota
985 1887 1036 1950 est
1050 1887 1084 1950 et
1098 1884 1242 1972 experta
1260 1897 1323 1970 pro
1340 1833 1446 1948 nestri
1464 1820 1654 1950 commodi-

242 2007 310 2069 tate
323 1999 455 2070 servitii
470 1999 557 2074 lides
570 2009 697 2091 vestra,
713 2011 746 2074 et
763 2002 1054 2096 quandocumque
1072 2001 1234 2074 transitos
1246 2000 1303 2072 vel
1314 2001 1447 2072 reditus
1465 2008 1580 2073 noster
1594 2022 1655 2094 per

241 2141 304 2194 vos
323 2119 439 2214 fieret,
464 2123 603 2198 devotio
620 2134 736 2198 vestra
758 2146 838 2198 oum
858 2125 952 2198 omni
969 2123 1228 2200 honorificentia
1250 2135 1284 2196 et
1306 2133 1499 2196 nostrorum
1522 2145 1655 2199 execu-

241 2244 332 2318 tione
345 2246 463 2320 debita
486 2247 728 2322 mandatorum
751 2249 875 2324 nostris
899 2249 1122 2344 beneplacitis
1148 2247 1357 2320 unanimiter
1384 2249 1595 2339 assurrexit,
1615 2257 1655 2320 ut

240 2368 483 2460 gratitudinem
504 2381 653 2445 vestram
680 2380 860 2444 teneamur
881 2371 994 2445 modis
1015 2371 1177 2445 omnibns
1197 2371 1358 2465 prosequi
1384 2370 1499 2463 dignis
1522 2371 1654 2446 meritis

239 2491 437 2582 gratiarum.
458 2492 543 2565 Cum
557 2493 663 2586 igitur
679 2493 715 2565 in
733 2495 884 2589 presenti
900 2497 994 2587 juste
1011 2495 1061 2566 rei
1076 2495 1197 2566 merito
1214 2493 1382 2566 suadente
1397 2495 1545 2566 velimus
1558 2495 1653 2567 bler-

239 2613 351 2686 cbiam
365 2625 400 2686 et
416 2614 581 2687 ducatum
598 2617 744 2712 Spoleti,
765 2617 853 2690 duas
870 2618 906 2688 in
925 2617 1023 2691 ltalia
1048 2618 1138 2689 sacri
1158 2617 1292 2711 imperii
1313 2617 1508 2712 provincias
1527 2617 1650 2710 singn-

239 2737 340 2828 larss,
352 2747 469 2810 nostro
484 2740 628 2834 imperio
643 2742 842 2828 reformare,
858 2741 1033 2815 detentore
1044 2749 1159 2812 vestro
1172 2742 1276 2811 nostri
1292 2737 1500 2810 beneficium
1516 2738 1651 2833 imperii

238 2858 455 2952 demerente,
480 2883 546 2935 vos
568 2884 723 2936 necnon
745 2863 924 2936 universos
946 2873 982 2935 et
1000 2863 1154 2957 singulos
1175 2862 1230 2936 de·
1244 2861 1396 2934 marchia
1420 2870 1455 2934 et
1479 2861 1608 2934 ducatu
1629 2885 1650 2936 a

234 2983 429 3073 juramento
455 2983 607 3059 Ecclesie
630 2988 727 3059 selvo
750 2988 829 3078 jure
856 2987 990 3081 imperii
1012 2987 1168 3080 prestito,
1192 3007 1238 3058 ex
1259 2983 1424 3079 imperiali
1449 2979 1651 3058 auctoritate

239 3104 406 3180 duximus
423 3109 671 3198 absolvendos,
692 3110 928 3205 premittentes
942 3109 1105 3182 dilectum
1121 3109 1228 3182 lilium
1249 3120 1423 3202 nostrum,
1444 3118 1511 3182 eto.

911 3401 979 3473 Ill.

319 3577 439 3658 (lnedlt.
452 3595 489 3640 ex
501 3578 655 3640 cod.Blbl.
665 3578 762 3641 Cesar.
772 3577 974 3658 Paris.,soods
985 3577 1020 3640 S.
1033 3575 1417 3656 oem.sart1y,lss‚pars
1430 3577 1471 3651 ΙΙ,
1482 3588 1515 3638 n⁰
1526 3577 1646 3660 Lv111.)

287 3738 371 3810 Cum
396 3747 532 3833 tempus
557 3747 670 3810 vestre
696 3738 905 3811 liberationis
927 3739 1070 3812 advenit
1097 3738 1220 3810 vestris
1245 3760 1286 3810 ac
1309 3737 1435 3810 nostris
1464 3737 1648 3812 desideriis

239 3870 466 3955 oportunum,
487 3882 570 3933 cure
586 3861 687 3932 nobis
703 3861 768 3932 fnit
781 3861 959 3954 negotium
983 3860 1199 3934 reformande
1219 3860 1362 3954 imperio
1376 3859 1545 3952 lllarchie,
1560 3872 1647 3938 tem

237 3985 330 4079 poris
348 3984 579 4078 oportunitate
605 3993 756 4078 captate,
781 3993 937 4079 potenter
962 3983 1104 4078 aggredi
1132 3993 1166 4056 et
1191 3983 1352 4078 persequi
1371 3983 1567 4077 diligenter,
1585 3986 1648 4058 ubi

237 4106 440 4180 modestiam
456 4107 595 4181 excedit
605 4107 785 4202 impeditas
802 4107 880 4204 (sie)
897 4117 932 4180 et
945 4109 1067 4180 infesta
1078 4106 1217 4201 justicie
1234 4116 1350 4180 nostre
1370 4107 1567 4202 malignitas
1578 4125 1649 4202 qoe

237 4231 468 4325 multiplieiter
495 4232 755 4325 gravaminibus
780 4231 906 4304 nostris
928 4231 1078 4320 insevit,
1104 4231 1314 4325 imperialem
1344 4232 1647 4328 mansuetudinem

236 4353 405 4426 sustinere
424 4353 554 4426 diutius
577 4375 646 4425 non
670 4354 834 4448 permittit
849 4375 913 4426 vos
931 4355 1074 4426 alterins
1090 4355 1253 4426 manibus
1278 4354 1436 4427 detineri.
1461 4341 1648 4449 Speremus

237 4472 315 4572 (sic)
326 4476 431 4568 igitur
445 4476 610 4550 dilectum
627 4475 735 4548 filium
752 4487 907 4550 nostrum
920 4479 963 4550 Η.
980 4479 1146 4550 illustrem
1159 4499 1279 4570 regem
1293 4477 1451 4551 Turrium
1470 4488 1504 4550 et
1518 4479 1645 4550 Gallnri

237 4609 271 4670 et
296 4600 447 4693 legatum
470 4601 558 4674 sacri
581 4601 717 4697 imperii
738 4601 774 4672 in
791 4601 887 4674 ltalia
904 4603 1118 4696 generalem,
1143 4601 1248 4697 patris
1271 4601 1477 4696 presentiam
1498 4624 1646 4697 presen-
