4224 5898
445 537 506 598 262
946 531 1161 592 Futuuulct
1186 533 1361 593 suctum
1675 529 1753 613 [dau.
1774 528 1857 589 1238.

446 671 556 768 ipsius
573 669 686 756 electi,
703 667 872 762 episcopis
891 667 1020 739 scilicet
1032 668 1234 756 Valentinis,
1256 665 1351 760 apud
1371 665 1579 752 Bisontium,
1596 687 1689 738 nono
1703 664 1861 737 calendas

446 791 651 880 decembris,
673 789 861 863 indictione
877 791 1017 884 quinta,
1037 811 1128 864 anno
1145 791 1282 863 Domini
1298 791 1346 862 bl.
1361 789 1400 861 C.
1416 789 1523 878 LVll,
1541 799 1706 883 regnante
1724 787 1861 860 domino

446 917 620 990 Friderico
634 915 865 988 Romanorum
891 914 1097 1008 imperatore
1124 913 1387 1006 gloriosissimo,
1407 933 1499 984 anno
1523 913 1621 1005 regni
1647 913 1861 1004 ejusaem,

447 1038 585 1136 imperii
610 1058 694 1110 vero
711 1038 822 1109 tertio.
849 1037 961 1122 Quam
982 1037 1239 1110 concessionem
1264 1047 1371 1108 ratam
1400 1036 1565 1108 babentes
1586 1047 1622 1108 et
1636 1035 1740 1108 etiam
1758 1035 1865 1106 iono-

449 1174 570 1238 vantes
592 1159 826 1233 concessimus
846 1161 977 1254 prefato
995 1161 1102 1233 electo
1118 1169 1152 1232 et
1171 1183 1232 1254 per
1246 1182 1326 1232 eum
1340 1159 1502 1233 omnibus
1520 1159 1778 1232 successoribus
1793 1157 1866 1229 suis

448 1285 621 1384 episcopis
635 1284 826 1358 Valentinis
844 1285 880 1354 iu
898 1294 1103 1380 perpetuum
1123 1284 1296 1358 civitatem
1312 1284 1529 1357 Valentinam
1548 1306 1628 1356 cum
1648 1284 1722 1356 suis
1735 1283 1868 1355 subur-

448 1412 515 1482 biis
529 1419 562 1482 et
581 1407 749 1480 territorio
767 1417 801 1480 et
815 1404 984 1500 quicquid
997 1407 1086 1477 inira
1098 1392 1174 1497 ejus
1189 1408 1356 1479 ambitum
1370 1417 1405 1479 et
1418 1418 1516 1480 extra
1535 1407 1570 1477 in
1584 1415 1654 1478 toto
1665 1407 1869 1502 episcopato

448 1533 629 1606 Valentino
648 1531 856 1618 continetur,
875 1531 1073 1602 comiatum
1092 1528 1268 1618 videlicet,
1285 1529 1454 1620 abbatias,
1472 1531 1678 1604 monasteria
1697 1551 1777 1601 com
1791 1550 1869 1602 om·

452 1659 555 1730 nibus
570 1655 844 1750 possessionibus
858 1677 994 1746 eorum,
1015 1657 1141 1744 forum,
1155 1663 1359 1744 mercatum,
1376 1655 1505 1743 duella,
1525 1665 1712 1740 monetam,
1731 1662 1867 1744 straus,

451 1782 592 1869 naulos,
622 1778 766 1867 telonia,
792 1777 957 1872 pedagia,
982 1787 1111 1868 castra,
1139 1779 1294 1868 castella,
1321 1777 1440 1868 villas,
1462 1780 1574 1869 vicos,
1596 1799 1711 1866 areas,
1729 1798 1866 1868 servos,

451 1904 612 1991 ancillas,
633 1901 851 1991 tributarios,
871 1902 1043 1991 decimas,
1061 1903 1201 1993 foresta,
1220 1904 1353 1998 sylvas,
1372 1902 1591 1993 venationes,
1610 1903 1726 1992 furna,
1746 1901 1868 1988 molas,

453 2025 664 2114 molendina,
679 2045 801 2118 aquas,
814 2045 983 2118 aquarum
997 2025 1177 2112 decursus,
1192 2047 1345 2120 campos,
1359 2035 1468 2120 prata,
1482 2047 1622 2121 pascua,
1634 2033 1745 2096 terras
1759 2025 1871 2096 cultas

453 2161 488 2222 et
502 2149 650 2220 incultas
666 2157 701 2218 et
721 2168 904 2220 commuue
921 2149 1032 2220 lorum
1052 2149 1229 2242 agentium
1247 2157 1281 2220 et
1297 2149 1538 2222 sustinentium
1556 2171 1678 2222 causas
1692 2157 1762 2221 tam
1779 2147 1873 2219 civi-

453 2273 530 2344 liter
548 2291 653 2365 quam
673 2271 906 2344 criminaliter.
927 2269 1102 2355 Quasdam
1120 2272 1223 2344 etiam
1243 2273 1477 2366 possessiones
1491 2272 1659 2346 duximus
1675 2271 1873 2368 exprimen-

455 2397 539 2470 das:
554 2403 704 2467 castrum
718 2391 881 2466 videlicet
896 2395 1056 2467 Alexiani
1070 2417 1150 2466 cum
1160 2395 1368 2491 appenditiis
1376 2396 1463 2486 suis,
1478 2406 1628 2468 castrum
1638 2392 1874 2490 Montilisii(l)

456 2543 535 2593 cum
549 2515 760 2613 appenditiis
778 2517 864 2608 suis,
884 2527 1032 2590 castrum
1046 2519 1289 2612 Montislagerii
1305 2541 1385 2591 cum
1398 2519 1607 2616 appenditiis
1620 2519 1706 2610 suis,
1724 2528 1875 2593 castrum

456 2645 574 2716 Balme
597 2661 677 2713 cum
698 2641 907 2734 appenditiis
925 2641 1016 2730 suis,
1037 2652 1185 2714 castrum
1202 2641 1347 2715 Faiciaci
1367 2663 1446 2714 cum
1462 2641 1671 2738 appenditiis
1691 2640 1784 2734 suis,
1803 2663 1878 2714 cas·

459 2778 551 2838 trum
560 2763 746 2838 beberonis
760 2784 840 2836 cum
851 2763 1059 2860 appenditiis
1071 2767 1156 2854 suis,
1170 2775 1320 2839 castrum
1330 2765 1462 2839 Aurioli
1475 2788 1555 2838 cum
1566 2765 1776 2862 appenditiis
1789 2767 1875 2854 suis,

460 2889 617 2962 Castrum
635 2885 772 2959 Novum
794 2907 873 2958 cnm
892 2887 1100 2984 appenditiis
1120 2889 1209 2979 suis,
1228 2889 1383 2962 Castrum
1402 2891 1552 2985 Duplum
1567 2911 1649 2962 cum
1668 2889 1880 2985 appenditiis

461 3011 556 3098 suis,
578 3020 726 3082 castrum
739 3008 784 3082 de
798 3011 921 3102 Stella,
936 3021 1085 3083 castrum
1099 3011 1218 3102 Alisii,
1238 3023 1388 3086 castrum
1404 3015 1549 3106 Saonis,
1571 3025 1720 3086 castrum
1737 3011 1882 3086 detine

462 3157 542 3208 cum
566 3131 775 3227 appenditiis
800 3131 896 3225 sois,
926 3143 1075 3206 castrum
1106 3135 1227 3230 Upiani
1254 3158 1334 3208 cum
1362 3137 1571 3234 appenditiis
1603 3139 1695 3227 suis,
1729 3148 1881 3210 castrum

462 3255 597 3350 Coperii
618 3277 697 3326 cum
714 3255 924 3350 appenditiis
940 3255 1036 3347 suis,
1057 3265 1206 3329 castrum
1225 3257 1439 3352 Agustudiui
1458 3283 1537 3334 cum
1555 3261 1769 3357 appenditiis
1785 3260 1881 3352 sois,

464 3389 613 3452 castrum
634 3378 827 3452 Mirmande
846 3399 924 3450 cum
940 3379 1150 3474 appenditiis
1165 3381 1256 3473 suis,
1279 3381 1425 3456 bastiam
1443 3383 1489 3458 de
1508 3383 1705 3457 Confluenoi
1721 3405 1801 3455 cum
1819 3405 1885 3478 ap·

464 3501 627 3598 penditiis
643 3502 736 3594 sois,
753 3501 899 3573 bestiam
913 3501 959 3574 de
973 3503 1166 3596 Lisigniaco
1183 3525 1262 3577 cum
1281 3507 1489 3602 appenditiis
1508 3509 1594 3580 suis.
1616 3509 1655 3580 ln
1673 3506 1886 3603 supradictis

466 3647 550 3699 vero
568 3625 731 3698 omnibus
752 3633 786 3696 et
810 3623 846 3694 in
865 3632 936 3696 toto
955 3625 1154 3720 episcopatu
1176 3627 1357 3702 Valentino
1380 3629 1590 3703 ordinariam
1616 3631 1749 3727 prelato
1774 3629 1886 3704 electo

467 3757 503 3820 et
528 3767 591 3844 per
616 3767 697 3818 eum
720 3746 881 3818 omnibus
902 3749 1159 3822 successoribus
1187 3751 1260 3823 suis
1284 3751 1401 3825 electis
1425 3755 1482 3826 vel
1503 3754 1675 3852 episcopis
1692 3753 1887 3829 Valentinis

467 3870 699 3944 concessimus
712 3868 987 3962 jurisdictionem
1005 3897 1014 3941 ε
1035 3873 1166 3946 scilicet
1182 3883 1222 3945 ut
1236 3883 1305 3947 am
1322 3875 1359 3947 in
1377 3877 1517 3950 civitate
1536 3889 1571 3950 at
1582 3879 1762 3952 suburbiis
1778 3898 1887 3974 quam

467 3995 505 4066 in
519 3993 639 4065 castris
656 4003 691 4064 et
705 3992 797 4098 villis
815 3994 962 4089 propriis
975 3995 1121 4068 ecclesis
1133 4018 1255 4072 causas
1272 4008 1342 4073 mm
1360 4001 1480 4074 civiles
1495 4023 1603 4098 qoam
1617 4003 1815 4075 criminales
1826 4021 1888 4097 psr

468 4139 506 4190 se
524 4115 580 4188 vel
593 4136 654 4208 per
666 4113 828 4186 officiales
840 4137 923 4187 suos
938 4115 1077 4207 audire,
1099 4119 1307 4214 proditores,
1327 4121 1535 4213 homicidas,
1556 4125 1749 4216 adulteros,
1771 4126 1884 4214 furas,

468 4243 630 4328 latrones,
641 4239 797 4334 perjuros
808 4247 843 4310 et
855 4243 1140 4335 quoscumqueiu
1154 4243 1320 4316 criminali
1332 4267 1436 4319 causa
1454 4248 1700 4321 convictosvel
1711 4249 1889 4321 confessos

469 4374 505 4437 ct
523 4383 762 4457 quoscumque
783 4363 954 4450 falsarios,
978 4365 1066 4437 inter
1086 4387 1175 4460 quos
1192 4389 1372 4442 censemus
1393 4393 1514 4444 omnes
1533 4371 1609 4444 illos
1632 4371 1694 4466 qui
1713 4393 1783 4445 non
1799 4369 1888 4466 legi-

508 4631 544 4704 tt)
556 4631 741 4690 verisimiliter
747 4630 888 4704 legendum
897 4631 1062 4706 Monulcrti',
1070 4589 1233 4710 monatius,
1242 4638 1381 4698 mediaria
1390 4640 1571 4700 inaratam
1578 4647 1607 4699 et
1614 4641 1750 4701 otctcctt
1758 4639 1889 4716 (mone).
