4226 5900
221 605 397 690 lantcr.13.]
669 605 864 668 HISTORIA
888 603 1179 666 cinomanica.
1566 607 1626 668 tat

220 743 375 816 nobilem
399 742 444 815 de
465 740 608 814 Francia
630 741 685 814 vel
709 741 873 836 Hispania
899 740 1174 832 crucesignatum
1199 737 1281 810 illuc
1306 739 1488 833 contigerit
1511 739 1627 814 adve-

220 866 311 955 nire,
329 875 368 938 tn
389 865 506 962 ipsum
527 865 719 962 specialiter
736 873 771 937 et
794 865 998 959 generaliter
1020 883 1139 937 omnes
1161 862 1414 955 crucesignatos
1432 885 1525 936 nune
1541 865 1628 961 bye-

222 999 356 1062 mantes
359 1039 935 1061 ...............
960 986 1098 1060 studeas
1121 985 1306 1073 honerare,
1333 1007 1442 1080 quum
1466 1008 1535 1060 non
1553 987 1628 1061 sine

222 1113 342 1185 lavore
372 1122 485 1185 nostre
509 1110 741 1206 permissionis
772 1111 954 1186 accedunt.
975 1113 1026 1183 De
1052 1110 1091 1182 G.
1118 1109 1164 1182 de
1193 1109 1284 1201 laci,
1315 1111 1498 1183 castellano
1527 1113 1628 1184 castri

222 1235 397 1308 Filominis
409 1235 465 1329 (l),
482 1235 539 1307 cni
554 1244 606 1308 est
621 1244 738 1308 uestra
753 1235 892 1308 venatio
907 1232 1132 1306 custodienda
1146 1232 1328 1306 commissa
1345 1241 1380 1305 et
1391 1229 1496 1306 babet
1509 1255 1626 1318 canes,

222 1369 263 1433 ut
279 1359 473 1454 significas,
493 1359 529 1431 in
544 1360 766 1433 offensionem
783 1359 1000 1434 delensarum
1020 1367 1213 1432 nostrarum
1227 1367 1262 1430 et
1278 1357 1314 1428 in
1330 1357 1459 1430 eisdem
1480 1358 1629 1433 delensis

224 1503 288 1555 sua
306 1491 341 1555 et
357 1483 470 1556 aliena
492 1482 653 1555 animalia
679 1483 827 1574 detinet,
851 1484 963 1578 placet
990 1481 1195 1554 excellentie
1216 1489 1331 1554 nostre
1354 1491 1394 1552 nt
1412 1490 1531 1555 eontra
1548 1504 1629 1556 eum

224 1627 330 1702 snper
351 1606 407 1678 bie
424 1629 494 1701 que
517 1606 699 1701 scripsisti,
727 1606 983 1700 inquisitionem
1006 1606 1111 1678 iacias
1124 1605 1336 1700 diligentem,
1359 1615 1394 1678 et
1412 1606 1442 1678 si
1464 1627 1506 1678 ea
1527 1606 1630 1680 inve-

224 1731 317 1803 neris
334 1751 410 1803 eese
433 1751 533 1820 vera,
557 1731 671 1825 ipsum
695 1731 812 1825 capias
835 1729 880 1803 dc
897 1752 1044 1825 persona
1068 1740 1102 1803 et
1124 1731 1229 1802 alium
1254 1731 1383 1803 bonum
1409 1738 1443 1801 et
1464 1729 1629 1803 idoneum

225 1863 356 1927 statuas
380 1876 445 1951 pro
460 1852 695 1927 custodiendis
712 1862 823 1926 eastre
843 1863 878 1926 et
898 1853 1040 1927 detensa
1058 1861 1191 1944 nostra,
1215 1875 1303 1948 quas
1328 1875 1407 1926 cum
1432 1853 1526 1926 omni
1548 1853 1629 1926 dili·

225 1979 342 2072 gentia
361 1979 523 2052 volumus
548 1977 732 2069 custodiri,
754 1986 788 2049 et
805 1977 973 2072 quicquid
996 1977 1079 2051 inde
1101 1977 1223 2050 feceris
1248 1986 1282 2049 et
1304 1977 1478 2051 inveneris
1501 1979 1631 2051 scribas

224 2113 338 2175 nostre
362 2103 565 2177 excellentie
587 2102 751 2176 seriatim.
778 2105 828 2174 De
845 2103 1024 2176 Saracenis
1043 2123 1127 2175 vero
1150 2102 1211 2197 qui
1231 2102 1438 2174 Panormum
1464 2102 1510 2175 de
1531 2123 1631 2175 oasa-

224 2227 317 2299 libus
344 2227 569 2300 adveuientes
596 2228 631 2299 in
660 2227 848 2300 Sarraeudo
873 2225 926 2324 (l)
951 2250 1053 2299 suum
1080 2248 1150 2300 non
1172 2226 1333 2300 roborant
1363 2225 1564 2318 incolatum,
1594 2235 1633 2299 nt

224 2350 362 2442 scribis,
380 2352 541 2424 volumus
559 2359 594 2424 et
612 2350 817 2423 mandamus
840 2359 879 2421 ut
900 2372 959 2422 eos
982 2350 1029 2422 ad
1052 2351 1262 2424 veniendum
1287 2351 1493 2423 Panormnm
1515 2359 1550 2422 et
1574 2349 1632 2422 fir·

224 2473 369 2546 mandas
382 2474 578 2548 mansiones
593 2497 673 2547 suas
689 2473 819 2547 ibidem
836 2495 897 2568 per
918 2474 1009 2547 bona
1028 2474 1136 2546 verba
1153 2474 1298 2548 inducas
1320 2483 1354 2545 et
1371 2494 1529 2559 mensae,
1548 2473 1633 2569 ipsis

225 2597 380 2670 favorem
397 2607 431 2670 et
450 2599 595 2690 gratiam
613 2598 842 2693 promiserus;
861 2599 990 2692 quibus
1012 2598 1115 2670 etiam
1134 2619 1197 2672 nos
1219 2619 1325 2694 super
1349 2598 1416 2670 boe
1431 2596 1630 2671 mandatnm

224 2730 379 2794 nostrum
397 2744 460 2818 per
477 2722 645 2818 speciales
662 2723 789 2797 litteras
806 2721 1031 2795 destinamus.

272 2847 411 2936 Datum,
430 2857 497 2920 etc.

1008 3092 1108 3100 -—-—
1112 3091 1179 3100 ..ι-..-
1184 3093 1216 3099 --
1221 3093 1272 3100 ---.
1276 3093 1284 3101 ι
1288 3093 1424 3102 ...nn—-

276 3316 454 3403 Mandata
470 3317 576 3402 varia
602 3345 701 3428 quae
728 3320 778 3402 ad
808 3321 1015 3431 regendam
1034 3317 1201 3402 Siciliam
1230 3320 1417 3428 pertinere
1439 3321 1628 3422 videntur,
1706 3391 1721 3422 ,
1796 3390 1808 3422 ,

305 3518 435 3603 (nepae.
448 3521 550 3599 imper.
570 3517 657 3582 med.
672 3520 713 3593 11,
729 3521 780 3582 tol.
797 3529 870 3594 116,
887 3525 918 3581 in
932 3521 1060 3582 editione
1071 3521 1269 3596 Gareanluna,
1282 3540 1313 3600 p.
1330 3531 1400 3585 419.
1414 3525 1450 3584 ln
1464 3531 1536 3584 nota
1550 3540 1631 3584 mar·

345 3627 437 3705 ginali
456 3626 564 3686 codicis
579 3625 799 3703 Phililppsensls
815 3627 921 3705 legitur
937 3646 945 3686 ι
962 3625 1122 3708 «Exsolio
1135 3637 1191 3688 116
1211 3625 1288 3688 ntttl
1302 3627 1431 3709 depromi
1443 3634 1540 3709 potest
1556 3629 1634 3712 qood

344 3731 491 3812 inopum
507 3747 620 3792 amcam
633 3729 748 3793 reddat.
764 3750 781 3788 n
796 3732 860 3792 Hoc
873 3734 984 3810 absque
1003 3735 1094 3795 dublo
1114 3734 1331 3813 fragmentum,
1346 3752 1406 3797 una
1427 3753 1496 3798 cum
1511 3753 1630 3814 praeee-

344 3837 482 3900 dentibus
492 3838 601 3899 ibidem
612 3841 764 3911 restitutis,
775 3839 911 3900 lacunam
924 3841 1027 3916 implet
1037 3857 1128 3918 quam
1141 3843 1216 3902 inter
1226 3843 1366 3904 mandata
1376 3844 1480 3920 quinto
1493 3842 1541 3903 dle
1548 3849 1631 3904 octo·

343 3941 406 4004 bris
427 3945 535 4020 scripta
547 3950 577 4004 et
593 3947 744 4022 sequque
764 3951 869 4006 octavo
891 3947 939 4006 vei
959 3963 1037 4008 nouo
1056 3948 1105 4008 die
1121 3950 1253 4026 ejusdem
1273 3950 1343 4012 datu
1359 3948 1475 4010 facilius
1493 3950 1631 4011 animad-

228 4419 803 4442 ...............
844 4371 1628 4466 diligenter...............

226 4537 473 4551 ——-·--·-·
712 4544 938 4553 ——-··-——-

228 4723 250 4780 0
262 4625 298 4700 (1)
316 4627 440 4782 Panpppni
452 4627 622 4704 suburbium,
635 4629 740 4690 arabice
748 4631 897 4701 Seronati,
914 4634 988 4692 vicus
999 4634 1122 4709 Suclobt,
1138 4636 1249 4696 forsitan
1265 4637 1442 4710 Sclocemm,
1455 4635 1535 4695 hodie
1546 4639 1633 4698 dietus

249 4725 377 4798 cpooBo
414 4725 484 4783 teo.
