4278 5920
223 658 396 744 lsnrcr.10.]
667 659 863 720 HISTORIA
887 655 1178 720 cretonattce
1584 651 1623 714 91

223 795 267 868 ad
287 817 351 866 nos
366 795 446 886 jure
470 794 608 890 speciali
633 794 854 889 spectandam
873 795 947 890 (sic)
969 793 1202 888 promittentes
1227 791 1264 862 in
1288 789 1411 862 nostris
1435 798 1470 861 et
1492 788 1626 884 imperii

225 920 383 992 manibus
398 918 613 993 retinendam
630 929 665 992 et
681 918 779 1013 qnod
797 941 973 1014 nunquam
990 939 1066 990 cam
1084 940 1104 989 a
1124 915 1225 988 nobis
1245 914 1386 988 alienari
1401 914 1458 987 vel
1472 913 1626 986 subtrahi

226 1045 470 1139 permittemus.
496 1045 651 1116 Preterea
679 1041 901 1138 pmbibemus
930 1041 1079 1138 presenti
1104 1040 1230 1135 pagina
1257 1037 1428 1111 universis
1455 1047 1627 1131 quatenns

225 1169 340 1239 nullus
357 1168 401 1240 sit
414 1167 475 1260 qni
493 1165 685 1262 predictum
701 1167 957 1258 monasterium,
976 1166 1198 1256 abbatissam,
1219 1172 1443 1252 conventum,
1464 1161 1628 1234 familiam

226 1291 261 1362 in
279 1291 410 1386 prediis
429 1292 483 1363 vel
502 1291 624 1363 ceteris
641 1290 740 1362 bonis
756 1290 830 1362 suis
846 1312 915 1384 que
932 1311 1025 1360 nunc
1045 1288 1150 1360 babet
1167 1287 1224 1360 vel
1242 1285 1345 1378 justis
1363 1283 1473 1358 modis
1489 1283 1629 1356 babebit

226 1414 261 1486 in
279 1423 380 1487 antea
396 1422 515 1486 contra
533 1413 701 1507 presentis
723 1413 942 1509 protectionis
968 1421 1002 1484 et
1017 1411 1143 1483 favoris
1161 1410 1266 1482 nostri
1279 1408 1440 1505 paginam
1456 1417 1630 1504 presumat

225 1537 398 1610 offendere
422 1538 479 1610 vol
505 1537 722 1630 aliquatenus
751 1536 904 1608 indebite
932 1538 1123 1608 molestare.
1154 1533 1277 1606 Contra
1300 1533 1362 1628 qni
1387 1532 1631 1628 presumpserit

226 1661 497 1756 indignationem
513 1671 663 1734 nostram
679 1683 717 1734 ss
731 1662 867 1734 noverit
878 1661 1075 1732 incurrisse.
1093 1658 1148 1731 Ad
1165 1659 1270 1750 hujus
1283 1659 1399 1752 itaque
1412 1657 1631 1752 protectionis

227 1792 261 1856 ct
271 1783 399 1855 favoris
408 1783 512 1856 nostri
523 1805 708 1877 perennem
720 1783 931 1866 memoriam,
945 1803 1086 1878 presens
1098 1781 1261 1876 scriptum
1273 1777 1345 1852 fieri
1355 1789 1390 1852 et
1398 1779 1509 1873 sigillo
1518 1789 1632 1852 nostre

227 1905 439 1979 celsitudinis
457 1907 601 1980 fecimus
616 1907 779 1980 roborari.

274 2027 360 2102 Acta
385 2040 467 2102 sunt
492 2029 557 2102 bec
582 2053 673 2104 anno
698 2029 871 2102 dominice
897 2029 1141 2101 incarnationis
1170 2027 1217 2100 Μ.
1240 2025 1302 2100 CC.
1321 2025 1496 2116 xxxvll,
1515 2045 1633 2096 mense

224 2153 315 2247 julii,
331 2152 466 2227 decimo
481 2153 692 2246 indictionis,
708 2155 897 2250 imperante
911 2153 1051 2227 domino
1069 2162 1185 2225 nostro
1201 2151 1373 2224 Friderico
1386 2147 1553 2242 secundo,
1570 2149 1631 2220 Dei

227 2276 335 2372 gratia
349 2278 577 2350 Romanomm
591 2277 794 2372 imperatore
807 2298 941 2372 semper
959 2287 1123 2372 angusto,
1142 2277 1328 2350 Jerusalem
1343 2283 1378 2348 et
1394 2273 1509 2346 Sicilie
1522 2294 1630 2367 rege,

227 2402 371 2474 Romani
393 2402 528 2497 imperii
553 2402 629 2495 ejus
649 2398 771 2499 [anno]
788 2409 913 2474 octavo
934 2400 1088 2490 decimo,
1108 2401 1205 2496 regni
1223 2401 1409 2474 Jerusalem
1428 2398 1631 2489 undecimo,

228 2525 325 2620 regni
338 2545 423 2598 veru
434 2523 548 2596 Sicilie
562 2524 733 2597 tricesimo
748 2545 859 2616 nono,
880 2525 1034 2597 feliciter.
1053 2523 1176 2595 Amen.

277 2651 362 2722 Data
375 2649 470 2744 apud
488 2649 639 2745 Spiram,
660 2669 771 2740 anno,
787 2669 921 2737 mense,
939 2648 1125 2721 indictione
1141 2647 1350 2744 prescriptis.

474 2959 587 2966 ---2—0
594 2959 666 2966 ›mm-..-
673 2960 723 2966 ..-.
731 2961 736 2966 n
744 2959 863 2967 ..ὴ-η-
869 2960 907 2966 η...
919 2961 966 2966 ...υ-
973 2961 1004 2967 ...-
1015 2959 1034 2967 ι-

284 3239 517 3348 Fridericus‚
546 3241 805 3325 Romanorum
832 3241 1057 3351 imperator,
1082 3242 1132 3324 ad
1154 3241 1467 3354 supplicationem
1490 3243 1640 3326 Henricr
1674 3267 1831 3322 ermino.

233 3372 281 3456 de
307 3372 566 3458 Ficolenstcin
588 3373 711 3458 fidelis
734 3374 813 3484 sni,
841 3376 1026 3486 capellam
1055 3376 1195 3459 dictam
1221 3375 1419 3460 Meerbrun
1452 3377 1639 3484 (Marian-

234 3503 379 3616 bronn)
413 3508 454 3589 in
481 3507 636 3591 Foresta
669 3509 710 3590 in
740 3508 861 3591 fundo
892 3508 975 3618 ejus
1011 3509 1123 3594 sitam
1154 3535 1243 3593 cum
1273 3510 1474 3594 duodecim
1506 3512 1640 3620 griseis

235 3637 429 3722 sororibus
464 3639 606 3724 ibidem
637 3641 716 3726 Deo
748 3639 1023 3724 famulantibus
1050 3642 1090 3724 in
1122 3643 1354 3751 protectione
1389 3670 1459 3727 sua
1485 3643 1638 3754 recipit,

235 3769 432 3881 eidemque
449 3773 550 3858 bona
567 3787 604 3858 et
620 3780 878 3886 possessiones
896 3777 1109 3862 confirmat.

313 3985 478 4064 (Inodltum
490 4005 528 4049 cx
540 3989 762 4054 confirmadone
774 3991 894 4054 Rudoltl
907 3993 932 4064 1,
946 3993 1145 4054 Romanorum
1159 3993 1247 4071 regis,
1262 3991 1333 4054 datu
1345 3991 1526 4070 Oppenhelrn
1540 4002 1558 4052 t
1573 3993 1640 4056 idus

350 4095 465 4168 martti,
482 4101 518 4155 to
532 4095 648 4170 lndlct.,
662 4113 734 4158 ann.
755 4107 840 4159 1282.
856 4099 953 4160 Ambo
970 4105 1069 4160 autom
1088 4116 1236 4177 nmquam
1249 4105 1432 4177 comparent,
1445 4101 1502 4160 nial
1515 4116 1552 4160 cx
1566 4116 1638 4160 ver-

349 4200 432 4260 done
450 4203 618 4279 germanlca
631 4204 722 4264 seculi
741 4204 846 4266 docimi
865 4208 942 4268 sexti
959 4207 1095 4268 excuntis
1116 4209 1149 4267 ln
1168 4205 1289 4268 archivo
1307 4206 1446 4284 praesset.
1468 4205 1636 4285 Argenuus

353 4304 448 4368 Titne
459 4303 495 4367 do
506 4303 642 4388 l'ribboyc
654 4307 690 4372 dc
703 4309 883 4394 ummarq.)

279 4501 390 4594 liujus
409 4505 460 4576 rei
481 4515 584 4578 testes
603 4518 686 4580 sunt
703 4510 912 4582 venerabilis
936 4509 1084 4584 Silridus
1104 4510 1380 4606 archiepiscopus
1395 4511 1634 4604 Maguntinus,

235 4623 464 4700 Tboodericus
481 4627 760 4727 archiepiscopus
783 4634 1020 4724 Treverensis,
1040 4632 1224 4706 landoltus
1239 4633 1495 4706 wormatiensis
1509 4635 1638 4729 cpisco-

236 4769 317 4843 pus,
335 4747 513 4824 Conradns
539 4754 708 4850 Spirensis
728 4757 874 4846 electus,
901 4756 976 4829 dux
1001 4755 1257 4852 Limburgensis
1280 4756 1500 4846 valeramus,
1527 4757 1637 4829 llber-
