4228 5892
450 548 511 610 ete
948 543 1164 608 lllllllElilCl
1188 544 1362 607 sttcttttnt
1673 545 1751 630 [An.
1769 545 1854 608 lma.

497 679 708 768 micerium,
724 687 792 752 etc.
813 677 900 751 Cum
923 679 1097 774 publicam
1124 700 1193 753 non
1208 680 1313 753 lateat
1328 677 1450 752 mundi
1467 677 1628 752 noticiam
1646 679 1743 774 quod
1767 679 1857 754 lide-

449 805 526 878 liter
538 813 574 877 et
589 803 715 876 devote
729 823 792 897 pro
808 801 947 875 servitio
969 810 1085 877 nostro
1103 811 1139 875 et
1155 802 1290 898 imperii
1311 800 1517 895 generaliter
1534 822 1653 876 omues
1669 812 1706 876 et
1720 803 1857 899 specia-

448 927 526 1000 liter
543 925 671 1020 singuli
691 925 736 998 de
753 926 918 998 Ravenna
937 923 1044 998 corda
1071 933 1105 996 et
1122 947 1266 1019 corpora
1290 924 1459 998 duxeritis
1481 924 1711 1020 exponenda,
1731 925 1857 999 damna

449 1071 564 1123 rerum
584 1059 620 1123 et
640 1069 865 1144 personarum
893 1047 1046 1142 pericula
1071 1069 1141 1122 non
1162 1048 1329 1137 vitantes,
1351 1069 1421 1120 non
1446 1047 1616 1122 immerito
1639 1047 1856 1123 admiratiom

448 1173 542 1248 cedit
566 1173 721 1245 omnium
753 1181 788 1244 et
816 1171 946 1265 stupori
975 1171 1121 1244 mutatio
1148 1181 1219 1244 tam
1249 1171 1363 1244 subito
1389 1170 1545 1244 omnium
1571 1171 1769 1266 divulgata,
1796 1194 1857 1268 per

447 1318 553 1392 quam
573 1305 653 1370 note
672 1293 760 1368 fides
777 1303 891 1368 vestre
910 1303 945 1367 et
965 1304 1112 1390 experta
1134 1293 1273 1368 devotio
1297 1293 1459 1368 videatur
1476 1303 1546 1366 tam
1567 1295 1752 1368 enormiter
1764 1295 1857 1370 deta·

448 1423 536 1494 cisse
552 1418 615 1514 (l).
635 1420 705 1492 Nos
718 1426 835 1492 eutem
855 1409 919 1490 etsi
937 1417 1087 1510 graviter
1111 1427 1180 1490 tum
1197 1438 1290 1491 novo
1306 1418 1403 1490 casui
1420 1427 1536 1491 vestm
1552 1419 1740 1492 condolere
1758 1440 1857 1514 cogn·

448 1565 543 1634 mur,
576 1542 771 1614 nullatenus
796 1539 937 1614 credere
963 1561 1148 1635 possumus
1176 1539 1273 1635 qnod
1301 1540 1331 1612 si
1358 1540 1446 1635 quid
1471 1541 1648 1636 inopinato
1678 1544 1858 1616 casualiter

447 1675 560 1760 preter
591 1663 834 1736 conscientiam
868 1671 1040 1753 nostrum,
1077 1663 1168 1735 sient
1204 1661 1348 1736 firmiter
1377 1663 1636 1756 existimemus,
1672 1663 1853 1756 acciderit,

446 1797 639 1884 promptam
658 1795 694 1860 et
708 1786 868 1859 devotum
887 1783 934 1858 ud
952 1805 1016 1858 nos
1033 1795 1069 1858 et
1085 1785 1269 1880 imperinm
1290 1797 1440 1860 vestram
1454 1786 1604 1882 potuerit
1616 1797 1772 1862 avertere
1791 1809 1856 1862 vo·

446 1911 627 1984 luntatem.
647 1910 782 1982 Scimus
805 1907 948 2002 insuper
963 1907 1059 2002 qnod
1082 1909 1176 1980 nulle
1202 1909 1302 1981 vobis
1323 1909 1496 1982 universis
1520 1919 1556 1982 et
1580 1909 1726 2004 singulis
1750 1913 1856 2004 major

446 2035 559 2143 potuit
571 2033 729 2106 evenisse
745 2029 894 2102 turbatio
908 2051 1013 2124 qnam
1032 2053 1111 2103 cum
1130 2031 1166 2102 in
1186 2055 1309 2104 manns
1328 2055 1391 2106 vos
1405 2032 1597 2106 odientium
1612 2033 1800 2124 incidistis,
1817 2041 1855 2107 ιιι

446 2157 603 2230 incautos
626 2151 832 2226 invadererlt
849 2161 884 2224 et
900 2153 949 2226 ud
971 2175 1035 2226 sue
1059 2153 1207 2248 perlidie
1233 2155 1450 2254 perticipium
1473 2177 1537 2229 vos
1564 2165 1749 2230 arctarent.
1770 2159 1855 2244 Quia

446 2281 551 2372 igitur
568 2287 680 2352 vestra
702 2275 845 2349 devotio
862 2275 1107 2349 nichilominus
1127 2299 1192 2350 nos
1207 2289 1389 2374 perurget,
1411 2280 1507 2352 velut
1521 2279 1584 2373 qui
1600 2299 1670 2351 non
1688 2280 1855 2353 immerito

446 2403 594 2476 invobis
619 2401 742 2475 nostris
757 2422 804 2473 ex
821 2399 964 2492 antiquo
986 2397 1146 2472 fidelibus
1169 2399 1441 2474 scandalizamur
1461 2410 1496 2474 et
1510 2402 1661 2490 urimur,
1676 2403 1855 2476 audientes

445 2547 508 2598 vos
532 2533 683 2596 nostram
709 2531 744 2595 et
768 2521 903 2616 imperii
922 2542 1093 2594 cameram
1115 2524 1301 2616 specialem
1319 2545 1341 2598 a
1359 2524 1461 2597 nobis
1478 2545 1554 2598 esse
1571 2525 1799 2614 subtractam,
1816 2533 1856 2596 ιιι

444 2647 597 2721 abieritis
618 2646 654 2718 in
679 2645 987 2741 prevaricationem
1014 2653 1048 2718 et
1071 2653 1273 2740 potestatem
1296 2646 1432 2720 illorum
1455 2668 1604 2742 quorum
1626 2648 1739 2721 fuerat
1755 2648 1855 2721 vobis

444 2771 613 2844 hactenus
638 2777 798 2864 suspecta
821 2788 885 2863 pro
909 2777 1025 2840 vestra
1049 2765 1214 2841 fidelitate
1234 2768 1412 2862 vicinitas,
1433 2791 1496 2865 pro
1517 2770 1722 2844 liberatione
1744 2779 1854 2844 vestra

445 2893 668 2990 personaliter
681 2891 813 2966 eisdem
827 2891 982 2987 partibus
998 2890 1207 2984 vicinamur,
1223 2892 1459 2986 premittentes
1470 2892 1635 2966 dilectum
1653 2891 1764 2965 lilium
1780 2913 1855 2965 nos·

445 3019 537 3092 bum
564 3019 608 3091 ll.
637 3017 803 3090 illustrem
834 3037 953 3109 regem
980 3016 1139 3090 Turrium
1164 3025 1198 3089 et
1227 3014 1378 3107 Gellnri,
1411 3015 1563 3111 legatum
1589 3017 1625 3088 in
1656 3017 1854 3090 Romaniola

445 3141 655 3236 generalem,
664 3141 797 3234 quivos
808 3159 872 3233 pro
883 3149 981 3234 parte
995 3148 1111 3212 nostra
1127 3139 1163 3210 in
1179 3147 1296 3213 nostra
1307 3137 1472 3213 fidelitate
1480 3141 1623 3235 recipiat
1635 3149 1670 3213 et
1682 3141 1850 3226 reformet,

444 3286 507 3360 per
532 3285 637 3359 quem
662 3263 762 3336 vobis
784 3263 894 3358 gratie
920 3271 1034 3336 nostre
1059 3263 1212 3336 levorem
1241 3261 1494 3358 impendimus,
1521 3263 1731 3336 remittentes
1756 3261 1855 3337 vobis

445 3409 582 3461 omnem
596 3387 762 3461 offensam
782 3395 817 3460 et
835 3387 974 3482 culpam
996 3407 1103 3481 quem
1119 3387 1155 3460 iu
1177 3386 1283 3480 hujus
1303 3409 1387 3461 casu
1402 3387 1592 3462 invasionis
1608 3397 1723 3460 vestre
1736 3386 1856 3460 videa·

445 3511 530 3584 mini
548 3511 745 3584 incurrisse.
764 3507 970 3583 Mundemua
989 3509 1094 3604 igitur
1106 3521 1140 3583 et
1155 3511 1362 3606 precipimus
1376 3511 1476 3593 vobis
1489 3520 1661 3606 quatenus
1676 3507 1721 3582 de
1734 3529 1859 3584 somno

446 3633 581 3708 desidie
604 3642 868 3728 consurgentes,
887 3632 934 3705 nd
953 3631 1057 3705 fidem
1078 3642 1229 3706 nostram
1250 3631 1355 3708 corde
1369 3642 1404 3708 et
1419 3655 1562 3732 corpora
1576 3634 1801 3722 convertetis,
1825 3637 1861 3704 et

366 3833 375 3852 ⁸
445 3757 603 3850 abjurato
627 3757 746 3831 illicito
765 3757 960 3850 juramento
987 3755 1084 3850 quod
1106 3756 1280 3852 aliquibus
1301 3757 1513 3854 prestitistis,
1531 3756 1631 3830 nobis
1654 3765 1689 3830 et
1711 3755 1862 3852 imperio

446 3877 622 3954 fidelitatis
633 3881 827 3973 juramenta
841 3878 1009 3976 prestetis,
1024 3879 1150 3954 dilecto
1162 3878 1232 3954 filio
1245 3889 1374 3973 nostro,
1389 3889 1555 3978 uuquam
1566 3901 1711 3976 persone
1724 3889 1862 3969 nostre,

443 4063 1127 4078 -α--ι-ιηυη-ο-ώ-ι-ο--ι-ῴι-..ι--η

479 4163 517 4236 (ι)
538 4183 551 4218 ι
566 4165 650 4235 ⁴239,
665 4177 759 4220 mensa
768 4161 845 4236 julii,
858 4161 987 4220 Ravenna
1004 4159 1147 4218 rebelletur
1160 4159 1509 4236 imperatoriqmmVencti
1522 4159 1655 4236 recipiunt
1667 4165 1696 4218 et
1708 4165 1830 4220 tuentur.
1844 4175 1863 4212 a

443 4261 521 4318 ltrcn
535 4276 572 4318 nn
585 4261 613 4317 S.
634 4260 740 4332 Grais,
755 4259 894 4330 Obsonia,
910 4275 955 4334 ap.
970 4259 1128 4329 Memnon,
1145 4259 1294 4334 scriptos,
1309 4267 1330 4318 t.
1344 4258 1408 4332 Vll,
1429 4276 1458 4334 p.
1472 4259 1554 4317 toti.
1569 4257 1694 4318 «Paulos
1714 4257 1866 4316 intraver-

445 4364 522 4417 satus
535 4357 570 4416 ds
586 4357 693 4416 Ravana
703 4357 844 4416 rebellavit
855 4357 983 4429 deditque
996 4355 1131 4412 civitatem
1143 4355 1268 4413 Ravenae
1280 4354 1309 4412 in
1322 4355 1444 4414 custodia
1453 4354 1587 4415 veneticis
1595 4357 1624 4412 et
1634 4353 1862 4422 Bononiensibus,

445 4455 607 4530 abstubtque
617 4455 731 4514 multum
744 4471 858 4528 panum
869 4460 897 4511 et
908 4452 1007 4512 baetim
1019 4451 1188 4525 imperatoris
1198 4465 1269 4526 ques
1282 4451 1311 4509 in
1323 4453 1460 4511 baranum
1472 4455 1653 4519 accesserunt,
1661 4449 1865 4524 expulitqnede

443 4553 502 4627 ipsa
514 4553 621 4612 civitate
632 4559 738 4628 partem
746 4551 915 4627 imperatorie
923 4550 970 4625 qui
981 4549 1150 4610 locaverunt
1161 4548 1333 4608 adstantium
1346 4550 1375 4608 in
1387 4551 1571 4610 bertenorem.
1585 4546 1738 4610 ιθιιιιιιιιο.
1752 4544 1785 4603 de
1796 4543 1862 4603 reb.

444 4651 476 4707 ιἰι
487 4649 552 4710 tect.
566 4651 661 4726 pastis,
675 4667 703 4725 p.
719 4649 781 4706 tto.
