4226 5900
194 586 294 648 lrtorm.
313 583 374 661 la]
644 578 840 641 lllS’l'Olllll
864 579 1159 643 ottnotttttct
1543 585 1604 646 455
1656 637 1658 642 ,

241 721 325 791 Item
341 717 500 810 scripsit:

240 839 460 931 Fredericus‚
476 845 560 927 eto,
578 837 745 912 lliccardo
761 837 807 912 de
821 839 987 930 Polearo,
1009 847 1077 912 etc.
1097 838 1182 910 Cum
1196 835 1364 912 beneficia
1376 838 1511 912 dudum
1528 843 1606 936 qni-

191 963 342 1038 bosdam
365 963 502 1036 civibus
523 962 683 1035 Romanis
705 960 867 1036 fidelibus
892 963 1017 1037 nostris
1043 961 1188 1056 singulis
1212 961 1313 1034 annis
1335 963 1380 1036 ab
1402 965 1605 1039 excellentia

193 1097 310 1162 nostra
323 1092 486 1160 concessa
498 1085 630 1160 eisdem
646 1087 734 1160 solvi
748 1087 910 1181 velimus,
926 1087 974 1160 de
989 1087 1118 1181 quibus
1129 1107 1193 1182 per
1204 1085 1417 1160 Gualterium
1429 1085 1474 1160 de
1491 1089 1606 1162 Cicele

191 1209 332 1284 fidelem
350 1219 506 1284 nostrum
527 1209 683 1283 satisfieri
700 1211 767 1283 sibi
787 1211 992 1284 excellentia
1013 1219 1129 1284 nostra
1153 1210 1346 1304 mandavit,
1370 1209 1525 1284 fidelitati
1544 1223 1605 1285 tue

189 1332 416 1430 precipiendo
436 1333 642 1406 mandamus
663 1343 835 1429 quatenns
854 1334 902 1410 ad
922 1334 1181 1429 requisitionem
1205 1334 1358 1427 magistri
1375 1334 1540 1408 Iohannis
1560 1336 1606 1411 de

191 1459 317 1530 Sancto
331 1457 501 1531 Germano
521 1458 644 1530 nolani
659 1466 694 1530 et
716 1456 829 1531 fidelis
852 1457 962 1531 nostri
981 1458 1025 1532 de
1040 1458 1188 1554 pecunia
1212 1458 1308 1530 cone
1329 1467 1445 1532 nostre
1465 1482 1535 1553 que
1553 1468 1607 1534 est

189 1603 253 1678 per
264 1603 389 1655 manus
402 1591 480 1655 tuas
499 1590 633 1655 tantum
654 1582 768 1656 eidem
785 1583 920 1656 notario
936 1583 1113 1676 assignare
1131 1603 1314 1678 procures,
1333 1582 1428 1676 quod
1442 1584 1605 1678 predictis

190 1705 354 1778 Romanis
371 1705 501 1798 quibus
522 1705 734 1778 satisfactum
759 1726 828 1778 non
852 1716 905 1779 est
927 1705 972 1778 de
996 1705 1159 1800 predictis
1180 1704 1361 1778 beneficiis
1385 1727 1445 1800 per
1468 1707 1605 1780 Gualto·

189 1830 282 1900 rium
302 1829 541 1924 supradictum
558 1851 622 1924 pro
637 1849 729 1903 anno
747 1829 913 1925 presenti,
932 1827 1090 1900 satisfieri
1107 1829 1215 1923 possit
1229 1850 1292 1923 per
1310 1829 1483 1901 notarium
1500 1840 1605 1901 ante-

190 1949 336 2023 dietum.

240 2075 389 2164 [Datum
408 2077 605 2168 utsupra1.

238 2223 324 2296 Item
340 2224 476 2319 scripsit
497 2223 672 2319 predictus
686 2223 844 2317 Angelus
860 2224 991 2318 prelato
1004 2222 1180 2295 Gualterio
1194 2222 1239 2295 de
1255 2222 1366 2296 Cicala
1386 2233 1424 2295 ut
1444 2223 1606 2300 certificet

189 2349 385 2444 predictum
414 2349 617 2443 magistrum
644 2349 835 2422 Iohannem
864 2349 911 2422 de
935 2351 1063 2422 Sancto
1092 2349 1263 2420 Germano
1290 2350 1420 2443 quibus
1444 2351 1606 2424 Romanis

190 2470 294 2543 solvit
310 2471 479 2544 beneficia
494 2472 570 2569 ipsa
586 2479 620 2543 et
636 2471 765 2566 quibus
782 2471 853 2544 sint
864 2471 1061 2544 exolvendo
1081 2480 1116 2544 et
1134 2470 1179 2544 de
1193 2472 1378 2564 cujuslibet
1396 2475 1601 2567 quantitate.

242 2621 380 2714 sempsit
394 2621 482 2692 idem
495 2621 637 2714 tapeto
653 2648 664 2692 .·

262 2741 511 2840 {Fredericus,
538 2752 622 2836 ele,
647 2742 811 2836 magistro
830 2741 979 2815 Iohanni
999 2740 1043 2822 de
1062 2743 1189 2815 Sancto
1208 2742 1396 2837 Germano,
1420 2754 1485 2818 ete.
1507 2747 1605 2819 lllan-
1630 2758 1793 2806 totunm·

190 2868 317 2941 damus
339 2879 374 2940 et
391 2867 600 2962 precipimus
613 2867 676 2937 tibi
695 2873 878 2960 melenus.
901 2919 911 2938 .
931 2918 940 2936 .
958 2863 1128 2938 Andreas.
1152 2920 1161 2937 .
1185 2919 1195 2938 .
1216 2866 1360 2940 lendum
1379 2868 1543 2964 Stephani
1558 2871 1604 2947 de

188 2991 359 3087 Raynerio
374 2988 424 3086 (a)
442 3012 463 3062 a
480 2985 582 3062 nobis
599 2988 747 3079 habeat,
767 2986 924 3061 nondum
943 2989 1154 3084 assignatum
1173 3000 1224 3064 est
1247 3012 1312 3087 per
1327 2991 1539 3067 Gnalterium
1559 2995 1604 3070 de
1756 3073 1759 3082 ,

189 3113 304 3186 Cicala
319 3111 457 3186 Oddoni
473 3113 669 3208 Freeapane
687 3112 755 3185 civi
772 3112 928 3186 llomano
951 3110 1046 3186 fideli
1067 3121 1200 3206 nostro,
1227 3124 1329 3211 prout
1349 3116 1416 3188 sibi
1438 3139 1501 3213 per
1518 3118 1603 3192 alias

188 3247 325 3310 nostres
337 3237 474 3309 lieteras
493 3235 652 3308 dedimus
670 3236 706 3306 in
724 3234 913 3328 mandatis,
935 3244 974 3308 tu
990 3235 1105 3331 ipsum
1121 3235 1212 3310 dicto
1230 3237 1369 3311 Oddoni
1390 3240 1496 3313 iacias
1512 3243 1604 3314 assi-

188 3359 308 3453 gnari,
328 3359 498 3454 recipiens
511 3359 556 3430 ab
573 3358 696 3432 eodem
709 3357 859 3430 Oddone
877 3379 940 3454 pro
957 3367 1055 3454 parte
1073 3369 1189 3433 nostra
1204 3364 1306 3454 juxta
1320 3365 1603 3438 consuetudinem

190 3481 368 3555 fidelitatis
389 3481 508 3556 debite
524 3484 779 3576 juramentum,
800 3483 830 3555 si
848 3482 963 3579 ipsum
986 3505 1056 3558 non
1075 3483 1266 3559 constiterit
1286 3487 1498 3562 Gualterium
1517 3511 1603 3562 sns-

190 3606 336 3702 cepisse.

240 3725 379 3826 [Datum
398 3733 437 3798 ut
452 3722 590 3822 snpra]

237 3875 287 3944 lle
299 3873 412 3950 eodem
429 3873 586 3947 mundato
607 3875 738 3968 scripsit
754 3874 841 3948 idem
861 3877 1031 3972 turpetur.-

238 3996 457 4087 Fredericus,
471 4005 556 4087 eto,
574 3995 714 4074 Andreo
734 3997 779 4072 de
794 3999 923 4094 eicos,
943 4011 1011 4074 eto.
1029 4000 1095 4074 Pro
1108 4012 1207 4098 parte
1223 4003 1392 4078 lllanuelis
1409 4005 1604 4102 Frecapane

189 4119 330 4214 nepotis
337 4119 427 4192 Petri
439 4119 630 4212 sarraceni,
643 4119 732 4194 civis
745 4121 902 4209 Romani,
913 4119 1025 4196 tidelis
1038 4125 1158 4215 nostri,
1171 4135 1326 4221 porrecta
1337 4128 1480 4202 culmini
1489 4142 1603 4204 nostro

189 4241 309 4338 petitio
320 4241 518 4316 continebat
539 4243 635 4338 quod
647 4265 730 4316 oum
745 4245 828 4316 olim
842 4243 975 4318 dilectis
989 4248 1213 4320 familiaribus
1224 4251 1349 4324 nostris
1361 4252 1398 4323 in
1416 4274 1523 4348 regno
1541 4275 1604 4348 per

189 4373 326 4438 noscas
333 4365 472 4439 lieteras
481 4365 677 4441 dederimus
689 4367 726 4438 in
734 4367 907 4442 mandatis
917 4379 956 4442 ut
964 4370 1002 4443 in
1013 4373 1165 4446 ecelesiis
1175 4375 1381 4448 vacantibus
1389 4377 1487 4470 regni
1496 4379 1604 4450 nostri

231 4562 274 4644 (a)
297 4565 334 4626 In
345 4565 445 4627 codice
453 4565 597 4646 Philipps.
605 4567 777 4646 simpliciter
786 4567 950 4648 docuerim
958 4571 990 4632 ln
999 4573 1251 4651 marglnecodicis
1258 4577 1461 4654 Neapolitani:
1471 4575 1603 4638 Fectdom

191 4665 271 4748 qrtod
278 4665 381 4732 tator
392 4669 538 4752 quondam
554 4669 688 4734 Andreae
702 4669 847 4752 septam
861 4671 896 4735 de
908 4675 1065 4756 roceto,
1084 4677 1164 4740 unde
1176 4681 1299 4742 mutilos
1311 4685 1475 4744 rcstltuitor
1487 4683 1580 4746 locos.
