4242 5904
223 563 324 622 lenior.
344 560 408 636 ll.]
680 553 876 618 HISTORIA
900 551 1193 616 dissentiret.

281 1091 515 1196 Puden-icus,
543 1091 806 1174 Romanorum
836 1088 1060 1198 imperator,
1090 1086 1247 1194 antiqua
1272 1083 1518 1166 lanuensium
1549 1109 1638 1168 ser·
1672 1105 1838 1205 [mam

226 1223 318 1308 vitia
337 1225 409 1308 sibi
437 1223 575 1307 collate
594 1222 888 1325 commendans,
913 1244 978 1301 eos
1000 1217 1173 1300 infidam
1192 1243 1310 1326 eque
1333 1216 1546 1299 defecerant
1568 1243 1638 1302 re-

226 1357 386 1438 deuntes
402 1357 443 1436 in
461 1355 624 1466 gratiam
656 1379 768 1436 suem
791 1352 922 1461 recipit
940 1376 1009 1432 nee
1027 1376 1104 1432 non
1128 1361 1165 1432 et
1182 1349 1358 1431 homines
1386 1349 1498 1431 castri
1527 1347 1638 1432 Neuli

227 1487 369 1598 quibus
403 1488 531 1570 banna
567 1514 590 1568 e
620 1486 839 1568 marchione
869 1483 1009 1566 Lancia
1044 1483 1221 1590 imposita
1251 1481 1434 1588 remittit3
1472 1481 1639 1592 ipsisque

225 1618 478 1703 lerinensibus
496 1619 650 1701 nuntios
676 1617 792 1700 mittit
815 1615 995 1724 speciales
1020 1615 1086 1723 qni
1105 1613 1296 1696 fidelitatis
1324 1625 1360 1697 et
1381 1613 1540 1698 hominii
1563 1611 1637 1724 ju-

226 1761 442 1834 ramentum
459 1777 531 1860 pro
547 1760 655 1860 parte
673 1774 744 1832 sua
759 1749 809 1830 ab
827 1747 1070 1830 universitate
1087 1747 1283 1855 recipiant.

1782 1164 1821 1218 m}

307 1985 410 2064 (nme
428 1987 538 2058 lirun,
552 1981 664 2046 Collcct
685 1983 819 2046 lienum.
833 1991 889 2044 cet.
900 1991 929 2043 et
941 1990 1058 2058 recent,
1074 1989 1098 2043 t.
1112 1984 1138 2056 Ι,
1154 1983 1226 2044 Litt.
1244 1985 1367 2060 princip.
1383 1989 1413 2042 et
1425 1985 1516 2043 viror.
1531 1982 1636 2057 illust..

344 2091 519 2170 n·xx1,p.
535 2090 691 2169 aas-rer.)

271 2296 482 2392 Fridericus,
502 2300 565 2371 Dei
582 2299 692 2394 gratia
714 2298 949 2370 Romanorum
971 2295 1153 2389 imperator
1172 2315 1308 2390 semper
1327 2304 1513 2388 augustus,
1531 2295 1637 2368 Jeru-

223 2422 330 2494 salem
354 2432 390 2494 et
408 2422 524 2494 Sicilie
547 2443 631 2511 rex,
651 2420 795 2493 consilio
817 2429 852 2490 et
875 2418 1049 2491 communi
1069 2419 1252 2506 lennensi,
1273 2416 1433 2490 fidelibus
1453 2419 1526 2490 aeis
1549 2443 1636 2514 gra-

222 2544 305 2616 tiam
338 2553 373 2618 et
403 2545 531 2617 bonam
557 2545 783 2618 voluntatem.
817 2543 914 2614 Tunc
944 2541 1040 2636 apud
1066 2542 1175 2614 Deum
1203 2551 1238 2614 et
1267 2541 1424 2614 homines
1452 2543 1568 2616 lelicss
1601 2553 1636 2616 et

220 2669 356 2741 melitus
370 2689 599 2762 processuum
617 2678 811 2740 nostmrum
830 2676 978 2738 eventus
998 2665 1141 2759 periculi
1161 2674 1196 2736 et
1219 2663 1352 2737 invidie
1366 2663 1547 2738 minimum
1563 2689 1636 2740 cre·

220 2791 336 2865 dimus
365 2793 560 2884 habituros,
588 2815 668 2864 cum
704 2794 739 2864 in
768 2791 1015 2865 se'clementie
1047 2790 1234 2862 claritatem
1259 2789 1463 2882 ostendunt,
1491 2800 1526 2863 et
1551 2799 1634 2865 tnnc

219 2915 362 2988 demum
383 2917 596 2989 ostendimus
624 2916 776 3011 potentie
804 2923 919 2987 nostre
947 2915 1047 3006 signa
1067 2913 1256 2986 certissima
1274 2937 1353 2986 cum
1377 2914 1573 3008 parcimus,
1599 2928 1634 2988 et

218 3041 398 3134 presertim
426 3037 596 3112 ‘catholico
625 3039 773 3134 principi
803 3039 979 3111 clariorem
1004 3038 1147 3110 victorie
1175 3037 1317 3130 gloriam
1342 3045 1541 3130 reputamus
1566 3061 1634 3133 pe-

219 3171 330 3233 tentes
346 3163 490 3254 gratiam
519 3163 635 3258 potins
655 3163 805 3255 gratiose
831 3162 982 3255 recipere
1002 3183 1106 3254 quam
1129 3181 1192 3255 pro
1212 3160 1365 3233 vindicte
1391 3161 1493 3234 modo
1518 3171 1633 3254 strage

217 3284 363 3356 viriliter
386 3285 608 3379 triumphare.
644 3285 835 3359 attendens
860 3284 966 3376 igitur
988 3284 1192 3356 excellentie
1220 3293 1335 3355 nostre
1364 3283 1514 3376 provisio
1536 3287 1633 3378 quod

221 3405 306 3480 dnm
322 3406 370 3480 de
387 3430 495 3502 regno
506 3409 633 3500 Sicilie,
649 3409 758 3480 veluti
774 3407 950 3481 demetria
966 3408 1097 3500 gremio
1115 3417 1149 3479 et
1164 3407 1380 3478 educationis
1395 3419 1509 3480 nosue
1525 3429 1632 3483 cuna·

218 3529 325 3621 bulis,
349 3531 396 3603 ad
413 3543 527 3626 partes
549 3532 645 3604 ltalie
659 3531 860 3604 veniremus
886 3531 1043 3603 felicibus
1061 3530 1224 3625 auspiciis
1245 3531 1281 3600 in
1306 3529 1523 3604 Germaniam
1547 3554 1633 3627 pro·

218 3653 368 3745 maeri,
389 3654 509 3726 civitas
539 3664 654 3726 vestra
679 3655 787 3726 veluti
814 3653 1008 3726 secretioris
1033 3675 1167 3726 camere
1192 3653 1340 3746 genitrix
1362 3655 1505 3745 januam
1531 3656 1631 3728 nobis

218 3777 354 3872 aperuit
381 3799 443 3872 per
473 3800 578 3870 qnam
605 3778 705 3849 nobis
730 3777 776 3850 ad
804 3777 996 3870 ingressum
1025 3777 1157 3871 imperii
1188 3777 1325 3849 liberior
1354 3786 1481 3869 pateret
1508 3799 1631 3852 acees-

216 3919 293 3988 sus3
312 3899 492 3972 attendens
509 3899 612 3972 etiam
627 3911 723 3992 grata
743 3900 883 3973 servitia
899 3922 961 3996 per
974 3901 1163 3972 leonenses
1182 3899 1417 3971 universaliter
1432 3901 1587 3991 singulos
1597 3912 1633 3975 et

216 4023 437 4117 singulariter
463 4024 645 4097 universos
662 4033 745 4096 tunc
772 4024 934 4120 temporis
962 4025 1084 4097 collata
1106 4022 1207 4095 nobis
1233 4023 1269 4094 in
1295 4023 1423 4113 lanua,
1442 4046 1512 4117 que
1537 4033 1631 4098 tanto

214 4147 491 4220 remuneratione
515 4149 625 4240 gratie
645 4157 761 4221 nostre
783 4147 941 4242 digniora
963 4149 1182 4243 pensavimus
1208 4156 1338 4241 quanto
1363 4147 1398 4218 in
1421 4147 1631 4220 necessitatis

214 4269 360 4342 articulo
376 4271 518 4341 luerunt
539 4269 693 4342 exhibite
719 4270 886 4363 gratiora,
905 4272 1012 4364 ipsam
1027 4271 1173 4343 laneam
1194 4270 1322 4342 favoris
1338 4278 1372 4342 et
1389 4269 1498 4362 gratie
1518 4280 1631 4342 nostre

214 4413 293 4464 sera
318 4389 552 4480 firmavimus,
582 4393 657 4487 ipsa
684 4394 827 4467 servitia
851 4416 920 4488 que
944 4394 1083 4466 devotio
1109 4405 1222 4466 vestra
1250 4402 1407 4488 prompta
1437 4392 1631 4464 firmaverat

216 4515 342 4588 mentis
360 4517 488 4591 scrinio
506 4518 712 4608 clausimus,
733 4527 771 4589 nt
790 4517 926 4611 quoties
947 4517 1101 4613 ipsorum
1120 4517 1284 4589 memoria
1308 4517 1408 4588 nobis
1425 4519 1627 4608 occurrerit,

220 4640 322 4713 toties
342 4641 387 4713 de
406 4651 521 4714 nostre
535 4641 769 4715 munificentie
785 4640 909 4715 dextra
928 4643 1096 4737 premium
1114 4651 1337 4737 reportarent.
1356 4641 1400 4712 Et
1423 4640 1500 4712 licet
1516 4649 1630 4712 vestra
