4226 5900
310 2880 426 2984 hpenstrls

284 2947 435 3034 usergffn‘um

296 3038 322 3080 ll
331 3042 431 3086 octobrls.
444 3019 450 3044 ⁹

492 510 553 572 446
989 509 1204 573 inlustret
1228 513 1403 576 sscttttut
1713 519 1794 604 [lint
1812 523 1896 588 1239.

492 645 623 718 cialiter
648 641 694 714 de
710 641 950 716 commisseriis
967 646 1131 740 temporis
1150 647 1275 721 Mathai
1296 659 1333 722 ct
1350 649 1516 722 Iohannis
1538 651 1585 726 dc
1603 653 1791 746 Romania,
1810 680 1897 753 qnos

491 768 614 863 poterit
633 766 823 857 recordari,
843 777 877 838 et
893 767 1058 861 scriptum
1077 779 1133 842 est
1148 772 1328 844 Guillelmo
1346 772 1392 846 dc
1411 771 1567 864 Auglone
1581 777 1767 868 justitiario
1784 773 1896 856 Sicilie

491 893 577 963 citra
597 890 727 963 flumen
745 891 897 980 Salsum,
916 899 955 961 ot
972 899 1098 964 statuto
1117 894 1235 988 aliquo
1253 895 1300 969 ad
1319 895 1521 990 diligentem
1541 901 1734 974 custodiam
1751 915 1895 997 quater-

491 1013 634 1085 nionum
653 1013 735 1085 dicti
749 1011 890 1085 Matthei
905 1013 1136 1102 lllarchalabc,
1155 1018 1257 1091 faciat
1269 1019 1315 1092 de
1329 1019 1412 1114 ipsis
1424 1021 1559 1116 copiam
1572 1023 1734 1116 predictis
1750 1027 1893 1102 Iohanni

490 1137 535 1211 dc
553 1135 662 1210 Cioffo
680 1147 715 1209 et
734 1135 867 1210 notario
884 1137 1044 1210 lohanni.

537 1261 672 1332 Similes
689 1259 804 1332 eidem
818 1259 1000 1332 Gnillclmo
1014 1258 1059 1334 de
1073 1259 1231 1356 Anglone
1244 1263 1291 1338 de
1307 1275 1459 1360 tempore
1475 1287 1552 1340 suo.

536 1383 673 1456 Similes
687 1383 832 1477 Rogerio
845 1383 890 1456 de
905 1383 1033 1456 Amicis
1046 1385 1230 1478 justitiario
1246 1387 1283 1459 iu
1298 1389 1413 1462 Sicilia
1427 1391 1517 1463 ntus
1530 1391 1659 1465 flumen
1670 1394 1819 1468 Salsum

537 1507 672 1579 Similes
684 1507 829 1601 Rogerio
845 1507 890 1580 dc
907 1507 1067 1581 Calvellis
1081 1509 1314 1603 predecessori
1331 1513 1501 1606 ejusdem.

536 1632 671 1704 Similes
684 1631 848 1704 Severino
864 1631 909 1705 de
922 1632 1134 1728 Calataphim
1146 1635 1227 1707 olim
1242 1637 1404 1732 magistro
1418 1636 1669 1731 heiulationnm
1680 1641 1796 1716 Sicilie
1806 1643 1891 1717 ultra

487 1756 616 1829 flumen
635 1757 782 1829 Salsum.
1447 1733 1452 1744 ⁸

536 1879 670 1952 Similes
688 1879 820 1952 notario
833 1878 991 1974 Philippo
1009 1879 1091 1951 olim
1107 1889 1209 1976 gayto
1226 1881 1397 1954 Panormi.

534 2001 669 2074 Similes
698 2001 825 2074 Oberto
846 2003 1106 2076 Fallamonaclno
1128 2003 1291 2100 magistro
1313 2007 1494 2101 portulano
1517 2008 1632 2082 Sicilie
1650 2011 1738 2084 ultra
1762 2012 1889 2087 llnmen

485 2127 621 2198 Salsum
641 2133 675 2196 et
687 2143 782 2196 nunc
798 2135 928 2198 secreto
945 2127 1117 2198 Panormi.

534 2249 667 2320 Similes
684 2249 817 2343 angelo
834 2250 967 2322 Frisaro
985 2251 1149 2346 magistro
1163 2253 1343 2348 portulano
1361 2253 1474 2327 Sicilie
1491 2255 1574 2327 citra
1593 2257 1720 2330 llnmen
1739 2260 1886 2334 Salsum.

696 2566 1679 2580 ffl—*w-mm---u——ua‘

519 2815 693 2946 ‘Litterae
711 2872 880 2973 patentes
905 2873 943 2945 et
961 2864 1141 2954 mandate
1158 2864 1262 2948 veria
1281 2889 1392 2972 super
1411 2864 1555 2946 mutuis
1573 2889 1596 2946 e
1614 2863 1886 2948 mercatoribus

480 2997 661 3080 Romanis
680 2995 821 3080 ibidem
838 2995 1044 3078 nominatis
1069 2995 1256 3106 imperiali
1283 3021 1455 3079 camerae
1482 2997 1703 3106 assignatis,
1724 3007 1762 3080 et
1785 3007 1885 3079 certo

480 3129 641 3212 termino
659 3128 930 3237 persolvendis

560 3341 688 3423 (aqut.
703 3341 806 3421 imper.
822 3338 909 3402 iisd.
922 3341 961 3418 11,
977 3340 1029 3403 lol.
1049 3349 1084 3402 12
1100 3357 1203 3416 verso;
1218 3343 1250 3402 ln
1262 3341 1331 3402 edlt.
1345 3341 1480 3417 Cascam,
1495 3357 1527 3419 p.
1543 3349 1601 3402 250
1615 3347 1646 3404 et
1656 3341 1754 3422 seqq.)

527 3532 573 3600 Dc
589 3530 756 3624 imperiali
772 3531 927 3602 mandato
949 3533 1037 3622 facto
1051 3551 1113 3622 per
1134 3531 1334 3622 maqistrum
1356 3530 1530 3602 otbertum
1550 3529 1599 3628 (a)
1621 3531 1753 3626 scripsit
1778 3529 1820 3602 G.
1842 3529 1882 3603 dc

481 3655 578 3726 rocco
603 3655 732 3725 lictcros
745 3665 890 3748 potentes
909 3657 946 3725 in
966 3655 1026 3724 ltoc
1044 3657 1180 3746 scroto:

524 3775 734 3868 Fridericus,
754 3785 821 3850 etc.
841 3777 969 3848 Notum
985 3775 1131 3848 iacimus
1149 3773 1323 3848 universis
1337 3772 1433 3868 qnod
1449 3775 1640 3846 Gualterius
1656 3771 1701 3847 de
1719 3773 1882 3847 Cesalinis

475 3909 510 3970 et
529 3899 648 3972 Petrus
663 3899 771 3972 Jurda
786 3910 988 3972 mercatores
1005 3898 1165 3989 Romani,
1187 3896 1307 3970 fideles
1330 3897 1453 3986 nostri,
1469 3905 1715 3969 mutuaverunt
1731 3897 1832 3968 nobis
1849 3905 1883 3968 et

475 4023 738 4116 assignaverunt
759 4045 892 4096 camere
911 4030 1029 4094 nostre
1049 4021 1095 4094 tle
1110 4021 1309 4094 Venetianis
1326 4021 1452 4112 grossis
1471 4023 1575 4093 libras
1590 4021 1701 4092 xvlt
1709 4017 1742 4115 ll
1766 4030 1800 4091 et
1815 4019 1882 4092 de-

473 4145 587 4218 narios
606 4147 648 4234 V,
671 4167 733 4242 pro
754 4147 867 4219 unciis
883 4147 958 4221 auri
982 4147 1100 4219 LXVII
1116 4144 1162 4217 ad
1178 4147 1338 4238 generale
1355 4145 1493 4240 pondus
1517 4145 1631 4238 regni,
1654 4129 1703 4216 ad'
1717 4144 1881 4215 rationem

472 4267 634 4342 videlicet
661 4268 707 4341 de
734 4268 853 4342 solidis
874 4270 904 4342 V
922 4270 1037 4341 minus
1064 4267 1206 4342 denario
1229 4269 1244 4339 l
1270 4287 1331 4362 per
1357 4267 1513 4358 unciam,
1545 4266 1590 4339 de
1617 4267 1746 4360 quibus
1773 4263 1882 4336 unciis

472 4391 697 4467 convenimus
718 4400 752 4465 et
774 4391 993 4487 promisimus
1017 4391 1066 4464 eis
1086 4389 1182 4486 quod
1201 4391 1310 4483 Major
1335 4389 1380 4464 de
1403 4391 1606 4464 Plancatone
1633 4389 1766 4478 doane,
1795 4397 1877 4476 etc,

512 4592 553 4673 (a)
574 4594 693 4656 Rectius
704 4591 870 4657 Alteram.
887 4593 956 4656 Vld.
970 4592 1064 4668 inire,
1079 4593 1198 4669 pusslm.
