4224 5898
490 604 554 668 330.
988 606 1203 668 ruluultlcl
1225 607 1400 668 suenum
1712 606 1793 691 [Am.
1810 607 1895 669 1239.

491 739 596 832 Cujus
611 753 733 814 terram
750 763 829 812 cum
847 740 968 814 litteris
990 763 1099 816 aurea
1112 743 1209 816 bulla
1227 743 1385 832 munitis,
1404 743 1552 838 pecunia
1573 750 1608 814 et
1627 741 1768 815 vasallis
1791 743 1899 838 ipsius

491 862 662 936 Frederici
681 866 832 959 prelatus
849 864 1037 938 lleinaldns
1058 865 1247 960 invadens,
1268 867 1453 940 nonnullos
1478 864 1675 940 sacerdotes
1699 873 1734 938 et
1758 866 1898 938 clericos

488 986 717 1082 suspendere,
733 989 891 1062 mutilare
905 1010 946 1061 ac
965 989 1115 1062 fustibus
1126 990 1265 1079 cedere,
1279 1012 1414 1064 necnon
1430 998 1523 1063 statu
1536 999 1653 1062 nostro
1668 990 1821 1077 turbato,
1836 989 1899 1061 Pe-

490 1109 623 1182 ros'inm
646 1121 777 1206 partem
798 1111 908 1207 ipsius
931 1121 1019 1185 terre
1040 1133 1273 1209 preoccupare
1294 1114 1513 1210 presumpsit.
1538 1113 1650 1198 Quem
1675 1113 1756 1184 licet
1780 1111 1899 1185 fideles

489 1247 524 1309 et
539 1235 657 1311 devoti
675 1239 782 1311 nostri
795 1260 864 1311 non
879 1239 1033 1313 valentes
1045 1239 1083 1313 id
1099 1241 1245 1313 ulterius
1260 1242 1442 1332 sustinere,
1460 1263 1482 1312 a
1499 1251 1596 1336 parte
1616 1249 1705 1312 terre
1729 1237 1896 1334 predicte,

489 1360 621 1434 Christo
640 1382 766 1455 sponse
789 1379 852 1435 sue
876 1362 1080 1455 indulgente
1106 1363 1309 1448 victoriam,
1335 1365 1536 1458 ejecissent,
1560 1364 1644 1458 quia
1666 1371 1781 1434 umen
1809 1361 1899 1436 idem

488 1483 677 1558 ll‘einaldus
696 1506 917 1580 nequaquam
935 1487 981 1558 ab
999 1486 1137 1581 incepta
1160 1488 1399 1582 persecutione
1419 1487 1592 1578 cenabat,
1612 1485 1803 1558 consultius
1819 1485 1900 1557 esti·

488 1617 622 1680 mantes
639 1607 668 1681 sl
685 1610 861 1704 originalis
880 1609 1001 1682 militie
1023 1631 1134 1682 venas
1154 1609 1346 1684 inciderent
1362 1633 1468 1706 quam
1483 1612 1556 1703 jam
1579 1610 1720 1682 excitati
1743 1609 1901 1681 torrentis

488 1731 637 1826 impetos
661 1733 764 1806 novis
786 1734 910 1828 repleri
931 1734 1051 1806 rivulis
1072 1743 1313 1829 expectarent,
1337 1735 1469 1811 dictum
1490 1755 1636 1827 regnum
1661 1733 1777 1806 Sicilie
1806 1731 1899 1826 quod

488 1865 540 1929 est
559 1856 736 1950 spirituale
760 1857 1004 1951 patrimonium
1026 1857 1197 1949 Ecclesie,
1221 1879 1265 1932 ne
1283 1857 1447 1932 iudanos
1466 1865 1732 1953 percunctentur
1752 1854 1831 1953 (ric)
1845 1856 1900 1947 ja·

488 1979 566 2051 cula
595 1977 689 2050 unde
717 1980 831 2073 potius
857 1989 930 2051 erat
952 1977 1207 2074 expectandum
1233 1981 1447 2069 subsidium,
1473 1982 1707 2068 intraverunt,
1731 1980 1900 2073 multique

487 2123 533 2173 ex
551 2101 660 2195 ipsine
677 2103 775 2196 regni
790 2101 1052 2191 habitatoribus,
1070 2103 1274 2178 obedientes
1287 2103 1485 2200 Apostolice
1500 2104 1595 2195 Sedi,
1615 2125 1836 2198 nequaqnam
1853 2101 1899 2174 nb

487 2224 526 2298 id
554 2225 704 2319 reputari
731 2226 859 2299 debent
886 2226 1075 2321 perjurium
1105 2227 1312 2317 incurrisse,
1344 2251 1425 2301 cum
1454 2249 1475 2300 a
1504 2229 1699 2320 juramento
1726 2225 1899 2299 fidelitatis

487 2347 583 2442 quod
605 2347 717 2421 eidem
739 2347 918 2422 Fredericn
947 2351 1180 2444 prestiterant,
1200 2373 1244 2424 ex
1269 2353 1339 2424 lata
1364 2351 1400 2423 in
1431 2373 1511 2424 eum
1534 2349 1900 2424 excommunicationis

486 2471 654 2544 sententia
678 2473 826 2545 absoluti
851 2475 1007 2546 luissent.
1027 2473 1124 2546 Dicto
1148 2495 1290 2569 qnoque
1308 2473 1491 2548 Fredorico
1508 2475 1666 2548 redeunti
1682 2473 1727 2546 de
1745 2474 1900 2569 partibus

487 2595 722 2666 transmarinis
741 2604 776 2668 et
792 2595 839 2668 ad
859 2597 974 2668 sinum
992 2598 1111 2669 matris
1129 2597 1279 2670 Ecclesie
1299 2599 1497 2688 revertenti,
1517 2597 1653 2692 pietatis
1675 2595 1900 2690 apposuimus

487 2719 673 2812 apostolice
697 2719 884 2812 gremium,
909 2720 1045 2814 ipsique
1064 2720 1110 2792 ad
1130 2721 1319 2815 expetitam
1341 2721 1493 2792 inclinati
1513 2718 1734 2792 concordiam
1752 2719 1900 2791 absolu-

489 2842 590 2914 tionis
607 2840 814 2914 beneficium
835 2843 1035 2916 curavimus
1056 2843 1237 2939 impartiri.
1260 2844 1316 2917 Ad
1332 2843 1397 2916 hec
1423 2843 1515 2916 idem
1534 2841 1706 2916 mendacii
1724 2841 1816 2914 filius
1836 2843 1900 2913 lal-

487 2965 605 3037 sitatee
634 2965 841 3038 falsitatibus
868 2966 1049 3038 cumulans
1078 2975 1116 3038 ot
1145 2987 1215 3060 quo
1242 2969 1341 3060 plura
1368 2965 1628 3040 mendaciorum
1657 2965 1741 3038 retia
1764 2964 1900 3038 orditus

488 3088 607 3178 luerit,
626 3109 669 3160 eo
687 3089 906 3180 gravioribus
924 3111 962 3162 se
987 3089 1103 3162 doleat
1124 3091 1285 3186 periculis
1308 3092 1493 3178 irretitum,
1516 3089 1563 3163 de
1580 3091 1685 3164 novis
1710 3087 1900 3162 mendaciis

487 3212 655 3306 scriptura
671 3213 869 3306 pronuntiat
886 3213 983 3306 quod
999 3213 1112 3285 eidem
1132 3223 1171 3284 ut
1188 3212 1430 3288 Lombardiam
1446 3211 1610 3309 pacificus
1629 3223 1665 3286 et
1680 3212 1821 3285 inermis
1840 3212 1899 3282 in-

488 3345 610 3425 traret,
630 3335 863 3430 promittentes
883 3336 978 3432 quod
1005 3358 1126 3432 aspera
1150 3337 1218 3408 sibi
1246 3347 1525 3410 converteremus
1545 3335 1581 3407 in
1607 3335 1726 3430 plana,
1747 3355 1811 3430 pro
1834 3355 1898 3406 sua

488 3458 688 3530 contusione
711 3458 921 3550 subjecimus
939 3468 974 3532 et
990 3482 1059 3533 non
1077 3461 1297 3555 permisimus
1318 3462 1418 3534 obice
1435 3460 1634 3532 nuntiorum
1653 3469 1688 3532 et
1711 3459 1899 3531 litterarum

487 3591 681 3655 nostrarum
701 3582 897 3656 intentionis
922 3605 984 3657 sue
1002 3593 1111 3658 metas
1137 3585 1317 3679 attingere.
1337 3587 1389 3657 Ac
1406 3583 1550 3675 ddnde,
1568 3583 1648 3676 quia
1665 3579 1731 3654 sibi
1747 3582 1899 3676 potentia

488 3726 558 3777 non
580 3703 833 3798 suffragabatur
858 3727 1048 3794 armorum,
1074 3709 1109 3779 in
1134 3731 1281 3801 regnum
1308 3707 1423 3782 redire
1450 3717 1606 3795 coactus,
1631 3706 1678 3778 ad
1700 3704 1898 3778 instantiam

489 3837 638 3901 nostram
653 3831 823 3902 Romanos
839 3839 921 3902 tunc
935 3831 1127 3904 Viterbiom
1144 3833 1387 3928 impugnantes
1401 3832 1577 3907 diffidasse
1591 3843 1626 3905 et
1648 3832 1684 3902 in
1705 3830 1898 3902 viterbien-

487 3951 577 4024 sium
595 3951 791 4024 subsidium
810 3962 985 4028 strenuam
1002 3956 1136 4030 misisse
1148 3957 1304 4029 militiam
1325 3979 1363 4029 se
1379 3958 1466 4031 lalso
1483 3957 1624 4046 asserit;
1642 3975 1774 4048 nosque
1789 3953 1899 4048 scrip·

488 4074 573 4147 sisse
594 4075 755 4147 Romanis
775 4075 814 4148 id
831 4089 944 4172 preter
960 4081 1204 4153 conscientiam
1226 4091 1378 4154 nostram
1392 4079 1466 4154 lieri
1488 4089 1522 4153 et
1546 4101 1626 4152 cum
1643 4079 1727 4174 ipsis
1749 4098 1791 4149 eo
1815 4077 1899 4148 irre·

488 4196 617 4291 quisito
629 4199 841 4292 reformasse
858 4203 1076 4276 concordiem
1097 4205 1133 4275 in
1147 4205 1322 4298 querelam
1340 4204 1502 4292 adducit,
1522 4225 1615 4276 novo
1633 4201 1700 4275 sibi
1720 4199 1898 4273 blanditus

487 4317 671 4394 mendacio
690 4325 784 4418 quod
811 4323 1059 4400 dissidentibus
1085 4328 1208 4400 iterum
1235 4328 1280 4400 ab
1306 4329 1457 4401 Ecclesia
1487 4319 1585 4424 paee‘
1600 4325 1782 4416 Romanis,
1803 4323 1897 4396 idem

487 4466 556 4518 non
578 4456 721 4519 vocatus
750 4469 829 4520 cum
854 4449 1011 4524 Conrado
1032 4451 1103 4526 lilio
1131 4475 1195 4526 suo
1223 4473 1327 4547 quem
1352 4452 1452 4526 nobis
1476 4451 1637 4525 obtulerit
1659 4449 1833 4537 obsidem,
1850 4445 1897 4519 ad

486 4570 695 4662 presentiam
718 4581 871 4645 nostram
900 4577 1121 4668 personaliter
1136 4577 1281 4649 veniens
1304 4587 1339 4650 et
1366 4575 1506 4649 arbitrio
1526 4585 1642 4648 nostro
1661 4581 1788 4646 mcum
1809 4571 1896 4642 inter

486 4665 601 4786 ipsbm
626 4701 660 4765 et
683 4694 892 4770 lombardos
913 4697 1084 4773 discordie
1106 4721 1247 4773 causam
1266 4721 1465 4796 exponens,
1487 4707 1612 4773 terram
1636 4695 1734 4772 Sedis
1751 4694 1895 4792 Aposto-
