4350 5922
244 621 343 678 lnorcr.
362 614 422 698 lu]
696 611 895 675 HISTORIA
919 610 1214 672 uleuoalaulca
1618 610 1655 672 31

246 753 335 826 cirea
349 751 417 824 boo
431 747 576 823 Romani
589 757 731 822 sanutus
745 749 859 820 locum
875 747 1089 843 accepimus,
1109 745 1170 839 qui
1189 755 1302 841 patres
1318 753 1353 816 et
1375 743 1510 838 imperii
1528 745 1658 820 lumina

246 885 459 972 reputamur,
475 893 592 946 eoram
606 872 785 946 tremendo
793 869 912 965 judice
926 870 971 944 de
984 892 1068 942 cura
1083 879 1176 942 tante
1189 868 1405 942 villicationis
1418 878 1571 962 oporteat
1582 869 1660 942 red·

247 999 329 1074 1616
342 995 713 1088 rationem,nobiscum
726 995 869 1072 sollicita
881 992 1102 1068 meditatione
1113 1001 1295 1088 pensantes
1305 990 1401 1087 quod
1413 1001 1545 1064 tantum
1558 1013 1660 1087 nego-

246 1123 332 1196 tium
356 1144 428 1196 non
452 1131 523 1196 tam
546 1120 645 1196 661116
666 1119 800 1212 judicio
822 1141 928 1214 quam
951 1117 1121 1192 industria
1145 1117 1352 1213 provisionis
1374 1115 1545 1210 indigeat,
1573 1115 1660 1190 illud

246 1247 348 1322 etiam
364 1245 567 1339 diligentius
582 1241 796 1318 attendentes
811 1241 907 1338 quod
924 1252 1002 1338 post
1014 1243 1118 1316 unius
1135 1241 1312 1336 regnantis
1332 1261 1494 1314 occasum
1509 1242 1660 1314 intersti-

247 1370 332 1442 tium
344 1369 508 1465 temporis
520 1369 609 1442 iuter
619 1366 871 1462 predecessoris
884 1365 1017 1441 obitum
1031 1375 1065 1438 et
1078 1367 1219 1460 plenum
1231 1363 1422 1438 dominium
1436 1368 1657 1459 successoris,

246 1493 341 1589 quod
361 1494 596 1586 interregnum
611 1500 745 1563 veteres
764 1489 1001 1586 appellabant,
1016 1487 1146 1583 316116
1170 1489 1274 1582 possit
1294 1487 1453 1582 imperio,
1476 1488 1539 1562 sed
1556 1490 1658 1562 etiam

247 1617 413 1690 catholieo
423 1615 504 1688 lidei
519 1615 710 1688 maximum
719 1613 842 1686 afferre
853 1612 1050 1704 discrimen,
1066 1612 1246 1706 prevenire
1258 1612 1430 1684 salubrius
1442 1621 1576 1707 tempus
1588 1616 1659 1686 ele-

248 1741 364 1834 gimus
386 1761 491 1835 quam
509 1736 731 1832 dispendium
748 1737 910 1831 temporis
927 1745 1123 1832 expectare.
1145 1737 1229 1808 Nam
1248 1737 1328 1808 lieet
1342 1757 1402 1830 per
1417 1737 1528 1826 vires,
1556 1738 1660 1812 indu-

247 1865 366 1938 striam
375 1873 410 1938 ot
420 1863 555 1936 labores
563 1861 841 1934 excellentissimi
855 1860 986 1936 domini
999 1862 1106 1934 nostri
1120 1859 1295 1950 Friderici,
1311 1861 1541 1934 Romanorum
1552 1863 1662 1960 impe·

249 1986 372 2060 mtoris
382 2007 518 2081 semper
528 1985 682 2079 augusti,
692 1985 880 2058 Jerusalem
895 1993 932 2058 61
943 1984 1060 2057 Sicilie
1071 1985 1181 2078 regis,
1196 1983 1296 2074 cujus
1309 1984 1416 2056 vitum
1431 1993 1465 2058 et
1478 1985 1660 2080 imperium

249 2109 429 2205 cupimus,
449 2111 533 2182 satis
547 2108 593 2182 ad
611 2121 753 2203 presens
769 2108 914 2204 imperio
926 2108 972 2182 sit
985 2109 1182 2203 provisum;
1203 2109 1287 2202 quia
1303 2117 1418 2180 tamen
1434 2110 1661 2202 preminentia

250 2233 428 2328 dignitatis
443 2232 609 2326 longioris
628 2233 701 2306 vite
721 2229 929 2331 beneficium
953 2233 1095 2325 regibus
1118 2253 1187 2304 non
1206 2231 1380 2322 concedit,
1400 2233 1567 2327 presentis
1589 2235 1661 2308 vita

250 2357 420 2430 lubricum
436 2356 558 2428 marito
576 2355 819 2447 formidantes,
843 2356 919 2450 ipso
932 2354 1076 2428 vivente
1090 2354 1273 2428 salubriter
1287 2363 1322 2426 et
1339 2365 1505 2448 regnante
1521 2356 1662 2430 feliciter

250 2479 295 2554 de
314 2479 524 2552 successoris
540 2480 640 2552 nobis
663 2479 829 2552 electione
850 2477 1067 2574 pmvidimus
1090 2499 1135 2550 ne
1156 2499 1217 2572 per
1239 2479 1314 2570 ejus
1334 2478 1508 2551 interitum
1524 2481 1662 2572 justicia

251 2603 518 2676 diminutionem
535 2611 643 2674 status
653 2611 840 2698 pateretur,
857 2602 1088 2698 imperiumst
1104 2601 1512 2696 tranquillitasinteriret3
1530 2614 1565 2676 et
1581 2626 1660 2678 cum

250 2727 296 2802 de
312 2727 555 2800 substituenda
573 2749 719 2823 persona
739 2727 897 2822 diligenti
922 2727 1143 2802 meditatione
1164 2727 1343 2800 uobiscum
1361 2735 1396 2800 61
1411 2729 1553 2802 sollicite
1574 2751 1660 2826 pen·

250 2873 420 2942 saremus,
432 2852 669 2947 preteritorum
686 2861 787 2926 cauta
801 2851 951 2946 provisio
966 2852 1106 2925 salubre
1123 2852 1304 2926 consilium
1318 2852 1455 2946 prebuit
1467 2852 1503 2924 in
1522 2855 1657 2930 laturis.

250 2975 592 3050 considerationibus
606 2984 721 3048 161161
738 2976 864 3048 1161116
874 2976 1022 3048 occurrit
1031 2975 1178 3070 qualiter
1189 2974 1262 3047 divi
1276 2973 1416 3048 Cestros
1429 2979 1662 3071 pmgenitores

248 3100 467 3196 imperatoris
483 3099 638 3192 ejusdem
650 3085 843 3194 qui'longis
861 3112 949 3172 retro
968 3099 1180 3194 temporibus
1196 3098 1341 3192 imperio
1359 3100 1576 3193 prefuerunt,
1592 3121 1661 3174 uou

247 3225 362 3298 solum
382 3232 421 3294 ut
446 3223 576 3297 domiui
597 3223 730 3316 justitie
747 3224 870 3296 solium
900 3224 1016 3296 inclite
1043 3231 1247 3311 tenuemut,
1269 3222 1332 3296 sed
1357 3231 1519 3317 tanquam
1550 3233 1662 3319 patres

248 3347 388 3442 imperii
407 3357 547 3441 paterne
565 3346 759 3420 dilectionis
783 3347 894 3419 zelum
910 3347 955 3418 ad
972 3367 1092 3419 omues
1108 3356 1143 3418 61
1161 3346 1316 3439 singulos
1339 3345 1550 3435 habueruut,
1574 3370 1661 3442 qua·

248 3471 330 3544 liter
357 3491 422 3544 neo
444 3490 668 3566 personarum
692 3469 852 3564 periculis
881 3491 944 3542 neo
968 3491 1083 3541 rerum
1109 3468 1283 3564 parcendo
1306 3469 1497 3564 dispendiis
1524 3480 1558 3542 61
1591 3473 1663 3567 ple-

249 3613 402 3686 rumque
413 3614 475 3688 per
492 3592 599 3666 dubia
611 3593 776 3665 bellorum
794 3593 992 3666 discrimina
1009 3592 1143 3688 imperii
1156 3593 1262 3664 nostri
1284 3591 1418 3665 116611
1437 3593 1662 3666 citramarinis

248 3715 538 3790 ottransmarinis
561 3717 716 3811 partibus
736 3715 997 3811 produxerunt,
1016 3724 1153 3811 propter
1171 3715 1266 3809 quod
1284 3725 1463 3810 pareutum
1486 3717 1663 3791 laboribus

250 3839 407 3913 fraudari
427 3839 515 3914 filios
535 3840 643 3912 nostri
667 3841 808 3914 noluere
832 3843 997 3933 majores,
1020 3861 1084 3912 uos
1101 3841 1254 3934 ipsorum
1269 3839 1424 3933 vestigiis
1446 3839 1664 3914 laudabiliter

249 3963 462 4054 inherentes,
477 3971 669 4058 presentem
684 3963 924 4057 imperatorem
938 3985 1041 4058 quem
1056 3961 1347 4036 installationem
1364 3964 1496 4037 romani
1513 3965 1664 4037 nominis

249 4097 286 4159 et
300 4085 479 4180 dignitatis
496 4095 641 4178 auguste
659 4085 940 4180 predecessorum
954 4107 1096 4158 suorum
1113 4107 1236 4158 verum
1255 4109 1485 4160 successorem
1505 4089 1663 4182 agnosci·

250 4231 334 4282 mus
357 4219 391 4283 et
416 4209 525 4282 lilium
553 4209 772 4305 experimur,
795 4208 831 4281 iu
850 4209 968 4282 sobole
984 4232 1048 4282 sua
1073 4210 1177 4281 simili
1201 4211 1423 4283 retributione
1447 4210 1664 4284 decrevimus

249 4331 441 4424 honorare,
461 4343 501 4406 ut
518 4334 603 4406 dum
624 4331 825 4426 filiumejus
844 4354 998 4404 exnunc
1018 4333 1054 4404 in
1077 4334 1230 4405 futurum
1253 4333 1490 4430 imperatorem
1510 4342 1663 4406 nostrum

251 4467 333 4552 post
349 4459 425 4549 ejus
441 4467 585 4530 mortem
606 4457 832 4547 assumimus,
848 4458 941 4549 justa
960 4479 1022 4552 pro
1040 4459 1185 4554 imperio
1200 4469 1297 4554 pater
1314 4459 1478 4532 hactenus
1493 4460 1665 4532 laborasse

251 4601 293 4652 66
311 4579 480 4674 gaudeat,
501 4579 631 4654 laboret
651 4603 790 4676 quoque
807 4581 970 4654 libentius
986 4582 1112 4654 amodo
1127 4583 1223 4654 velut
1240 4583 1398 4655 laborum
1413 4604 1554 4654 suorum
1573 4584 1664 4654 sruc-

251 4715 391 4776 tusuon
406 4703 587 4776 relicturus
598 4715 776 4794 extraneo,
787 4705 905 4778 661611
920 4707 1094 4780 communi
1109 4715 1190 4779 voto
1200 4717 1379 4804 pareutum
1389 4705 1458 4779 lilio
1468 4717 1662 4802 paraturus.
