4224 5898
237 577 337 638 lsnrur.
355 572 415 659 12]
687 573 884 634 HISTORIA
908 573 1200 637 nruuuttnrrcn.
1585 572 1644 634 26¹1

239 709 436 804 imperatori
453 718 488 781 et
513 729 648 804 semper
675 719 843 802 augusto,
871 710 1080 782 Hierusalem
1107 721 1141 782 et
1164 709 1278 782 Sicilie
1298 709 1392 804 regi,
1414 730 1477 780 suo
1503 707 1644 781 domino

237 834 391 926 speciali,
409 832 593 905 uccebnus
609 831 655 904 de
668 833 821 904 Romano
836 833 912 924 ejus
928 833 1068 904 humilis
1084 835 1238 906 serviens
1249 842 1284 906 et
1295 831 1407 906 fidelis
1424 841 1458 904 et
1471 833 1645 924 subjectus

237 955 432 1028 devotionis
448 953 752 1050 promptitudinem
773 977 851 1028 cum
870 955 988 1028 debito
1012 957 1183 1028 desiderio
1206 955 1394 1030 serviendi.
1417 957 1541 1028 Divine
1564 957 1645 1051 pie-

237 1081 316 1152 tatis
331 1080 511 1152 clementia
535 1078 687 1182 humano
704 1079 846 1172 quidem
873 1081 990 1172 generi
1010 1080 1163 1175 providit
1179 1080 1309 1151 utiliter
1323 1087 1357 1152 et
1379 1079 1493 1152 eidem
1512 1080 1643 1150 miseri·

239 1203 387 1276 corditer
402 1203 629 1298 dispensavit,
657 1202 742 1275 dum
761 1201 1018 1296 quodammodo
1034 1203 1264 1275 necessarium
1282 1223 1356 1274 esse
1371 1201 1533 1296 prescivit
1550 1203 1644 1296 qnod
1726 1265 1728 1272 .

237 1326 329 1398 orbis
345 1336 513 1398 terrarum
532 1325 747 1398 diversorum
768 1335 802 1398 et
819 1326 1121 1398 innumerabilium
1141 1347 1276 1398 morum
1294 1326 1456 1420 gentibus
1473 1325 1646 1398 habitatus

238 1450 391 1521 Romano
410 1458 524 1522 tamen
546 1449 690 1543 imperio
711 1457 830 1542 utpote
855 1449 1001 1521 naturali
1017 1459 1052 1520 et
1074 1449 1177 1522 unico
1200 1447 1369 1544 principio
1391 1457 1508 1542 pareat
1529 1457 1565 1521 et
1589 1451 1645 1521 in-

239 1572 355 1644 clinet.
382 1573 426 1644 tlt
449 1593 533 1666 ergo
555 1594 634 1644 cum
662 1573 753 1646 bone
779 1575 942 1646 memorie
970 1583 1066 1668 pater
1091 1594 1190 1645 meus
1217 1573 1397 1644 Eccelinus
1425 1571 1646 1646 dictus·vere

176 1739 179 1742 -
239 1695 283 1768 de
300 1696 453 1768 Romano
468 1703 503 1768 et
517 1696 593 1790 ipse
604 1695 766 1768 subditus
782 1707 815 1768 et
826 1696 992 1770 obediens
1004 1697 1172 1769 extitisset
1188 1696 1330 1790 imperio
1344 1701 1379 1768 et
1396 1717 1533 1786 corone,
1549 1717 1643 1791 spem

237 1820 309 1890 vite
324 1840 401 1891 mee
417 1819 564 1890 totaliter
582 1819 648 1890 sub
666 1818 909 1892 dominationis
925 1829 1038 1892 vestre
1056 1820 1165 1916 clipeo
1188 1820 1302 1914 posuit
1325 1829 1359 1892 et
1383 1820 1486 1892 tutela
1504 1843 1513 1887 τ
1529 1843 1646 1915 pugno

240 1963 379 2037 quoquo
399 1951 433 2014 et
450 1941 613 2036 pugnabo
631 1941 716 2015 dum
732 1943 854 2016 vixero
879 1941 973 2038 quod
989 1943 1101 2015 honor
1125 1951 1160 2015 et
1183 1943 1319 2015 culmen
1337 1943 1470 2038 imperii
1488 1942 1532 2016 de
1557 1943 1646 2016 bono

239 2086 375 2161 semper
394 2067 429 2136 in
450 2066 573 2138 melius
587 2075 827 2160 augmentetur
840 2075 875 2138 et
889 2075 1031 2138 crescat.
1046 2067 1119 2137 Hoc
1136 2075 1188 2137 est
1205 2065 1310 2158 enim,
1328 2075 1367 2137 ut
1386 2063 1506 2155 video,
1522 2065 1643 2159 singu-

239 2188 309 2261 lare
337 2187 424 2262 illud
450 2191 541 2282 juste
568 2189 829 2284 gubernationis
858 2188 1042 2282 remigium
1069 2210 1131 2284 per
1157 2188 1252 2282 quod
1281 2188 1382 2261 navis
1411 2187 1516 2281 hujus
1541 2190 1647 2262 seculi

238 2312 409 2386 transiens
434 2313 559 2386 lluctus
583 2313 687 2386 maris
708 2311 754 2385 ad
779 2322 916 2408 portum
942 2312 1061 2384 solutis
1082 2311 1285 2399 adducitnr;
1313 2311 1379 2382 boc
1404 2321 1456 2384 est
1478 2311 1564 2385 illud
1592 2290 1645 2384 in·

238 2435 329 2531 clyte
351 2437 516 2531 sapientie
535 2437 670 2508 lrenum
691 2438 790 2529 cujus
812 2436 893 2508 loris
910 2434 1063 2508 mundus
1080 2435 1180 2529 quasi
1199 2456 1340 2508 currens
1361 2435 1500 2529 sonipes
1523 2434 1649 2508 mode-

237 2567 351 2650 ratur,
373 2569 414 2632 ut
427 2581 489 2654 per
506 2559 689 2654 imperium
708 2561 915 2653 castigentur
933 2559 1167 2645 enormitates,
1188 2559 1313 2650 injurie
1323 2557 1569 2648 retundantur,
1585 2569 1649 2630 tu-

238 2683 324 2757 midi
339 2685 566 2774 refrenentur,
581 2685 712 2776 justitia
726 2695 948 2756 conservetur
964 2685 1001 2755 in
1016 2684 1126 2756 terris.
1144 2683 1234 2754 Ecce
1250 2704 1344 2754 nnnc
1357 2704 1417 2777 per
1431 2682 1491 2754 Dei
1504 2684 1647 2777 gratiam

238 2808 309 2880 lere
339 2815 409 2880 totu
431 2807 526 2880 ltalia
551 2829 630 2879 cum
655 2808 776 2880 colens
806 2806 929 2880 mundi
957 2807 1145 2902 provinciis
1172 2806 1254 2880 satis
1280 2815 1332 2878 est
1364 2805 1504 2878 subdita
1532 2807 1648 2902 magni

238 2932 343 3004 vestri
374 2931 523 3004 nominis
553 2932 715 3023 claritati3
748 2931 820 3004 sola
850 2941 965 3005 tamen
987 2929 1219 3026 quorumdam
1243 2929 1457 3025 proditorum
1486 2930 1650 3024 superbia

239 3065 426 3128 contumax
439 3065 474 3128 et
491 3054 629 3128 effrenis
647 3055 683 3128 in
701 3056 801 3128 terris
817 3055 1023 3128 marchionis
1039 3055 1190 3128 Esteusis
1204 3055 1325 3128 nititur
1339 3063 1457 3126 contra
1472 3053 1648 3126 stimulum

239 3179 412 3252 calciuare
435 3187 470 3251 et
497 3179 564 3251 sibi
587 3181 659 3271 jam
686 3179 851 3274 presumit
881 3178 1050 3254 attrahere
1077 3177 1249 3274 quosdam
1281 3177 1347 3250 sibi
1373 3176 1557 3272 complices
1588 3197 1650 3272 per

237 3302 388 3397 quedem
403 3303 546 3376 latibula
558 3303 773 3377 lombardie.
793 3302 862 3378 Scd
880 3301 1056 3378 feriendus
1070 3313 1123 3375 est
1138 3323 1279 3398 serpens
1292 3303 1329 3374 in
1344 3302 1456 3397 capite
1471 3310 1509 3373 nt
1525 3322 1649 3396 corpus

237 3426 373 3499 facilius
395 3425 613 3500 devincatur.
641 3427 756 3512 Quare
776 3428 965 3520 majestatis
984 3427 1202 3523 imperatorie
1218 3435 1397 3500 moveatur
1420 3435 1455 3499 et
1484 3435 1650 3518 exsurgat

238 3551 408 3643 putentia,
428 3559 463 3623 et
484 3549 696 3644 dissipentur
719 3559 834 3624 vestre
857 3549 1071 3624 celsitudinis
1088 3549 1236 3641 inimici,
1256 3559 1291 3622 et
1310 3548 1433 3622 venire
1458 3546 1648 3642 dignemini

238 3691 342 3766 quarn
365 3673 467 3746 citius
487 3695 563 3746 esse
585 3682 697 3768 potest
719 3675 755 3746 in
780 3683 894 3769 partes
921 3673 1072 3746 blarcbie
1091 3673 1281 3746 Tarvisine.
1311 3671 1389 3744 Scio
1415 3691 1566 3764 numque
1586 3691 1649 3764 pro

238 3805 329 3867 certo
352 3796 447 3891 quod
469 3797 624 3892 protinus
649 3819 729 3868 cum
755 3798 825 3868 illic
840 3797 1031 3870 altitudinis
1054 3806 1169 3869 vestre
1188 3795 1362 3886 magnalia
1381 3795 1645 3888 comparebunt,

237 3917 448 4012 quicumque
465 3942 559 3992 nunc
572 3921 664 3992 velle
677 3920 840 3994 videntur
852 3922 1022 4012 resistere,
1039 3920 1180 3994 venient
1192 3919 1239 3992 ad
1251 3919 1436 3992 scabellum
1455 3927 1648 3991 vestrorum

237 4037 367 4130 pedum
380 4041 552 4134 capitibus
567 4043 740 4116 inclinatis
754 4045 851 4117 etsic
862 4045 975 4117 inillis
987 4044 1285 4139 partibusabsque
1296 4043 1368 4116 ullo
1381 4043 1579 4116 discrimine
1591 4044 1648 4114 vel

237 4159 354 4234 labore
363 4165 477 4236 omnia
488 4166 712 4260 planaernnt,
722 4168 813 4240 etsie
822 4168 951 4240 ibidem
960 4167 1130 4240 babebitis
1143 4178 1304 4262 pacatum
1316 4167 1501 4262 imperium
1511 4174 1547 4238 et
1557 4177 1649 4238 tran·

236 4284 394 4378 quillum,
412 4299 473 4360 aut
489 4290 629 4370 excelsa
645 4313 769 4364 manus
790 4301 904 4364 vestre
920 4291 1173 4386 magnificentie
1188 4293 1334 4365 rebelles
1353 4299 1519 4378 conteret,
1546 4290 1649 4362 falsos

236 4408 482 4484 exterminabit
503 4421 538 4484 et
560 4412 717 4488 infideles
746 4415 936 4510 proditores
954 4416 1042 4488 sacri
1067 4415 1202 4512 imperii
1224 4415 1367 4488 feliciter
1392 4412 1595 4507 edomabit(
1619 4415 1646 4508 ).

272 4607 308 4683 (t)
326 4609 368 4667 Nil
382 4609 457 4668 dubii
472 4613 537 4687 quin
558 4613 609 4672 ista
626 4615 740 4690 epistola
755 4617 791 4674 ad
811 4615 1013 4676 buem'mensis
1028 4618 1182 4677 novembris
1200 4617 1294 4677 relerri
1311 4616 1421 4688 debeat,
1440 4616 1565 4676 Ecuelino
1585 4621 1649 4673 tune

238 4703 344 4763 Pudore
357 4716 553 4783 commorante,
570 4719 600 4768 nt
613 4719 705 4771 monet
718 4713 893 4772 Rolsndinus.
