4278 5920
493 565 551 626 126
989 571 1205 634 uuruuurct
1229 573 1404 636 suctum
1716 576 1794 659 [Am.
1812 576 1898 640 1237.

489 696 743 804 {Montisclaril
762 699 1009 784 reddiderunt
1035 729 1076 786 se
1096 704 1315 815 imperatori
1338 717 1377 790 et
1400 731 1534 790 omncs
1555 707 1659 789 ducti
1687 707 1840 792 fuerunt
1860 711 1899 790 in

489 829 719 914 carceribus.
743 839 894 916 Memor.
907 847 1043 944 potest.
1064 836 1209 946 Regio„
1235 865 1298 948 ap.
1319 839 1505 924 Mutunus.
1527 839 1733 950 Sorr'ptor.,
1753 854 1783 924 t.
1803 842 1898 948 VIII,

489 989 530 1071 p.
565 965 681 1048 1109.
702 1010 757 1026 -
776 965 952 1050 Castmm
974 970 1171 1078 quoddam
1198 973 1303 1081 quod
1329 973 1467 1056 dicitur
1494 973 1603 1058 Mons
1632 972 1766 1056 Clarus
1793 974 1899 1084 juxta

489 1095 658 1180 Brixiam
679 1097 829 1182 obsidet
850 1109 888 1182 et
908 1103 1027 1211 captis
1056 1103 1161 1187 mille
1182 1105 1402 1216 quingentis
1425 1105 1597 1214 personis
1624 1116 1791 1189 castrum
1821 1107 1900 1192 solo

492 1239 689 1340 coaequat.
706 1231 866 1315 Gonnus.
882 1234 1034 1342 Concu,
1056 1261 1118 1345 ap.
1138 1237 1335 1345 Boanum,
1350 1247 1500 1348 Fontes,
1515 1247 1544 1320 t.
1564 1239 1612 1345 ll,
1627 1265 1667 1348 p.
1689 1239 1902 1323 stu-Et

490 1362 572 1471 ipse
592 1365 795 1447 destinavit
812 1393 877 1449 cos
895 1367 935 1448 in
954 1369 1168 1452 carceribus
1194 1371 1402 1455 Cremonae
1419 1381 1458 1454 et
1479 1369 1634 1454 fuerunt
1654 1397 1814 1456 numero
1832 1373 1898 1458 MD

490 1495 634 1606 pedites
653 1507 691 1580 et
707 1497 775 1580 XX
793 1498 946 1582 milites.
970 1501 1140 1584 Gtrour'c.
1162 1507 1208 1584 de
1227 1506 1305 1587 reb.
1327 1504 1368 1586 iu
1385 1507 1475 1586 Ital.
1495 1504 1622 1613 pestis,
1641 1531 1682 1614 p.
1707 1505 1797 1588 168.

1351 1819 1695 1834 m

295 2107 450 2152 omna.
543 2079 637 2163 Item
656 2080 718 2163 die
736 2081 904 2166 secundo
921 2081 1085 2168 intrante
1097 2084 1295 2170 novembri
1309 2086 1407 2196 cepit
1423 2087 1649 2198 [imperator]
1661 2087 1763 2170 dicta
1779 2093 1904 2170 castra

490 2213 743 2321 Gamharam,
769 2214 1048 2326 Gotolengum‚
1067 2216 1224 2302 Pratum
1252 2217 1463 2302 Alhuinum
1489 2229 1527 2302 et
1551 2219 1743 2305 Pavonem
1762 2219 1837 2330 (1),
1865 2227 1903 2302 et

488 2345 689 2430 combusta
707 2346 875 2430 fuerunt.
896 2355 1049 2434 Memor.
1066 2365 1201 2460 potest.
1223 2352 1370 2462 Regin,
1390 2379 1452 2462 ap.
1474 2353 1677 2462 Momrom,
1696 2352 1901 2464 scriptor„

488 2491 517 2563 t.
539 2480 640 2588 vm,
660 2507 700 2590 p.
725 2479 841 2564 1109.

294 3075 447 3176 amitit.
543 3048 750 3161 Gregorius
767 3073 882 3157 papa,
903 3071 1026 3156 quum
1043 3046 1297 3158 crucesignati
1316 3047 1440 3158 parati
1459 3049 1592 3132 sintin
1614 3048 1711 3132 festo
1731 3048 1904 3158 proximo

487 3185 589 3270 beati
615 3181 796 3268 Iohannis
823 3179 1013 3288 Baptistae
1039 3180 1110 3263 iter
1136 3206 1251 3264 suum
1277 3181 1318 3263 in
1346 3182 1503 3265 Terram
1524 3183 1703 3266 Sanctam
1726 3182 1901 3294 aggredi,

487 3316 722 3403 Fridericum
750 3314 1010 3397 Romanomm
1037 3312 1304 3424 imperatorem
1327 3324 1439 3424 rogat
1466 3323 1504 3400 ct
1530 3324 1661 3399 monet
1685 3325 1730 3398 ut
1756 3314 1847 3424 ipsis
1864 3314 1903 3395 in

487 3449 667 3536 omnihus
685 3449 736 3531 ad
751 3445 972 3557 passagium
990 3448 1214 3556 opportunis
1232 3448 1454 3558 consilium,
1475 3448 1661 3532 auxilium
1678 3459 1716 3533 et
1737 3448 1904 3534 favorem

487 3584 644 3668 tribuat.
1537 3595 1541 3602 “

570 3783 674 3863 (suu.
690 3782 866 3860 narseum,
882 3778 991 3843 Annei.
1007 3777 1116 3862 mon,
1130 3788 1206 3846 tom.
1219 3782 1292 3844 xxl
1311 3782 1351 3845 ad
1363 3799 1434 3846 ann.
1450 3781 1599 3862 statu,
1615 3787 1751 3862 eregest.
1766 3781 1902 3860 Gregor„

608 3889 661 3951 ub.
677 3889 863 3962 X1,n⁰2at.
882 3889 969 3952 Nunc
982 3891 1129 3970 integram
1140 3888 1248 3950 damus
1267 3889 1422 3968 eptstotum
1441 3906 1480 3952 ox
1498 3890 1611 3952 collect.
1626 3888 1713 3952 MSS.
1727 3889 1904 3967 Importedu

610 3995 697 4057 Theti
710 3995 790 4072 apud
803 3993 945 4056 Btbltoth.
965 4009 1055 4056 cesar.
1070 3990 1294 4073 eumenen.)

539 4167 741 4263 Gregorius,
760 4175 842 4258 etc,
858 4165 1037 4240 Frederieo
1050 4166 1266 4264 imperatori,
1285 4176 1352 4240 etc.
1370 4166 1552 4242 Inclinevit
1574 4167 1666 4241 celos
1682 4168 1719 4240 in
1734 4165 1903 4240 auxilium

489 4303 645 4366 nostrum
669 4291 886 4365 descendens
903 4289 1095 4364 Altissimus
1115 4291 1249 4387 zelique
1272 4291 1391 4386 gladio
1412 4299 1569 4388 potenter
1588 4288 1766 4364 accinctus
1787 4289 1902 4385 ipsum

526 4594 563 4667 (1)
581 4592 712 4652 Videlicet
723 4591 906 4650 Pro-Attoioo
925 4595 953 4648 et
971 4591 1091 4649 Paeone.
1106 4592 1183 4662 Quae
1201 4597 1291 4650 cestra
1309 4591 1359 4648 site
1377 4597 1441 4648 suut
1453 4605 1536 4665 supra
1556 4591 1644 4648 locum
1655 4605 1710 4665 qua
1726 4589 1804 4648 ttelto
1817 4589 1905 4646 amnis

488 4693 525 4750 ad
538 4690 643 4764 Ogtium
654 4689 748 4747 urum
761 4693 789 4746 et
799 4686 916 4747 confluit.
931 4688 1013 4746 Paulo
1024 4687 1127 4762 longius
1141 4689 1212 4746 cuca
1223 4687 1354 4747 orientem
1364 4687 1415 4745 atie
1428 4687 1481 4745 duo
1493 4687 1601 4746 sistam.
