4242 5904
201 557 298 616 imru.
317 554 382 632 ll.]
653 549 848 612 ilistoltttt
873 549 1166 614 otruomnutcs.
1553 547 1611 610 tot

201 711 304 784 quam
326 685 462 782 imperii
479 687 590 760 nostri
610 687 757 781 gloriam
776 707 845 780 que
866 695 1022 782 tempore
1037 685 1235 782 precedenti
1253 685 1403 780 collapsa
1417 683 1485 756 sub
1502 683 1611 779 ipsius

201 821 277 884 ortu
304 813 488 884 reformata
515 811 710 905 consurgit,
742 808 789 882 ad
817 819 971 882 nostrum
1006 820 1041 884 et
1068 819 1183 884 nostre
1208 809 1414 906 posteritatis
1447 807 1612 880 honorem

202 935 386 1009 liberaliter
404 935 602 1030 ampliavit,
628 941 668 1006 ut
689 943 724 1006 te
746 933 871 1006 nostris
902 943 937 1004 et
959 945 1106 1027 auguste
1130 933 1297 1006 consortis
1321 941 1435 1004 nostre
1463 931 1613 1004 velimus

203 1059 407 1155 participare
423 1057 599 1154 tripudiis,
624 1079 728 1152 quem
750 1055 797 1130 ad
819 1057 994 1154 expeetpti
1017 1057 1152 1152 nepotis
1172 1056 1340 1150 originem
1368 1053 1429 1127 diu
1451 1055 1612 1128 novimus

202 1183 384 1278 aspirasse.

248 1307 336 1378 Data
353 1305 516 1397 Taurini,
535 1303 594 1378 die
613 1304 711 1377 tertio
727 1303 858 1392 martii,
879 1303 1063 1376 undecimo
1081 1302 1291 1376 indictionis.

442 1609 829 1621 ——.--..-..-.---.-----
859 1609 866 1618 ι
878 1609 1046 1618 n---u-n-m

254 1901 491 2012 Fridericns,
511 1903 771 1986 Romanorum
790 1901 1011 2010 imperator,
1028 1901 1305 1985 Panormitanis
1327 1903 1459 1986 scribit
1480 1913 1614 1986 natum
1697 1941 1737 1972 m
1766 1963 1780 2027 ·’.
1817 1935 1820 1944 ’

205 2037 275 2121 sibi
292 2037 417 2119 filium
434 2061 532 2142 esse,
556 2060 759 2144 perquem
781 2033 875 2142 ipsis
898 2033 1003 2116 salus
1029 2033 1263 2142 promittitur
1280 2043 1318 2117 et
1334 2035 1529 2144 imperiale
1548 2062 1616 2118 so-

204 2172 298 2253 lium
314 2169 530 2252 roboratur.

285 2407 381 2486 (Edit.
392 2425 442 2486 ap.
454 2401 720 2484 Innom,douul.
739 2400 772 2464 dt
784 2399 933 2478 Falerno,
949 2409 972 2464 t.
988 2404 1044 2483 lll,
1059 2422 1091 2482 p.
1105 2413 1179 2478 tet,
1194 2421 1232 2464 ex
1245 2405 1310 2468 lis.
1325 2407 1486 2468 Normann.
1502 2407 1612 2468 linton.

323 2514 361 2576 de
371 2515 491 2586 anteo,
506 2512 558 2572 iol.
574 2521 612 2572 stt
630 2519 711 2572 etex
732 2511 816 2570 Pirri
829 2507 992 2592 chronolog.
1008 2511 1058 2571 iol.
1074 2521 1125 2585 45,
1139 2528 1177 2572 ex
1190 2519 1295 2590 regest.
1311 2511 1402 2574 tabul.
1422 2514 1515 2591 Nsap.
1531 2518 1616 2575 antl-

324 2635 401 2696 qune
413 2618 525 2692 siclae,
539 2617 577 2678 ad
591 2633 663 2678 ann.
680 2625 769 2678 1²³9.
782 2647 822 2662 -
833 2617 968 2694 Brnons,
984 2617 1026 2676 De
1041 2617 1179 2676 Panem.
1190 2618 1350 2698 majestate,
1366 2619 1419 2680 lib.
1435 2619 1463 2692 1,
1476 2637 1542 2696 cup.
1560 2621 1613 2693 lV;

323 2741 371 2802 op.
384 2725 551 2797 bunun,
570 2719 653 2784 Tiar.
674 2723 767 2803 antiq.
783 2719 877 2791 sert..
889 2723 1009 2800 t.x111,
1024 2740 1055 2800 p.
1073 2731 1122 2784 26.
1138 2722 1225 2784 -Et
1237 2727 1269 2784 ln
1284 2721 1404 2803 lapaut
1417 2725 1497 2786 Patr.
1513 2723 1547 2786 de
1565 2727 1616 2785 Vi·

324 2831 397 2906 ner's,
412 2830 464 2891 lib.
480 2829 536 2901 Ill,
551 2845 616 2906 cap.
629 2837 678 2888 to.
693 2831 779 2890 Nune
790 2829 858 2889 coll.
875 2843 944 2889 eum
958 2828 1080 2888 codlclb.
1094 2829 1171 2892 Blbl.
1182 2831 1280 2892 Cesau
1295 2831 1403 2906 Puris„
1415 2833 1519 2892 accim
1522 2829 1617 2912 seoda

325 2933 420 3014 latin,
436 2932 629 3016 iocusculis
650 2935 861 3014 iletre-Domo,
887 2943 960 3007 ²023
970 2931 1063 3013 scudr
1079 2935 1111 2995 S.
1134 2933 1272 2997 Germoin
1291 2933 1415 3016 Horlup,
1432 2947 1503 3002 45⁵.
1525 2940 1617 3000 Adest

327 3059 447 3120 quoque
464 3043 497 3101 in
511 3041 613 3102 codice
627 3043 731 3117 optimi
749 3043 807 3100 viri
823 3041 948 3100 Fitaliue
960 3043 1101 3119 principis
1113 3042 1194 3118 apud
1212 3043 1391 3106 Panormum
1404 3087 1414 3118 ,
1429 3045 1480 3106 ubi
1493 3045 1617 3123 epistole

324 3148 433 3210 dicitur
445 3165 466 3207 a
476 3148 614 3228 mapirtro
627 3143 715 3208 Saluo
726 3145 903 3225 compotita)

252 3356 447 3430 Fridericus
469 3355 663 3444 secundus,
683 3355 804 3428 divina
827 3356 966 3427 favento
986 3355 1167 3428 clementia
1183 3357 1414 3430 Romanorum
1436 3360 1618 3456 imperator

206 3503 341 3577 semper
355 3491 543 3574 augustus,
563 3479 773 3552 Hierusalem
796 3487 831 3550 et
855 3479 968 3550 Sicilie
984 3499 1067 3570 rex,
1087 3487 1169 3568 etc,
1191 3481 1439 3554 Panormitanis
1458 3484 1618 3558 fidelibus

205 3606 292 3696 suis,
308 3614 375 3678 etc.
399 3605 685 3700 Expectationem
703 3612 895 3676 vestrarum
912 3602 1003 3674 votis
1021 3602 1167 3674 libenter
1182 3613 1215 3675 et
1228 3625 1309 3699 sepe
1328 3609 1523 3681 successiva
1536 3630 1616 3681 nos·

205 3737 335 3800 trorum
357 3748 580 3799 successuum
601 3725 832 3797 insinuatione
857 3725 1114 3816 concurrimus,
1132 3726 1272 3799 crudele
1288 3749 1360 3800 non
1379 3731 1495 3804 minus
1512 3755 1618 3826 quam

206 3849 383 3942 inelegans
407 3851 605 3922 estimantes
625 3849 654 3923 si
679 3871 743 3920 nos
759 3849 819 3942 qui
845 3848 1080 3943 prosperitatis
1100 3860 1204 3941 gustu
1220 3851 1409 3945 reficimur,
1434 3875 1496 3926 vos
1511 3855 1617 3928 odore

205 3973 312 4047 letitie
330 3973 582 4046 fraudaremus.
604 3973 643 4044 ln
659 3971 879 4069 participium
896 3972 1003 4064 igitur
1018 3972 1225 4065 gaudiorum
1243 3985 1435 4049 nostrorum
1455 4000 1518 4052 vos
1535 4003 1619 4074 gra-

205 4107 315 4170 tanter
336 4099 562 4186 assumimus,
589 4105 624 4168 et
645 4118 692 4170 ex
716 4095 894 4170 carissima
916 4107 1071 4169 consorte
1088 4105 1203 4170 nostra
1224 4109 1343 4172 natum
1366 4102 1467 4174 nobis
1483 4127 1618 4199 nuper-

204 4221 290 4294 rime
312 4219 423 4292 filinm
447 4221 554 4294 xviii
573 4217 623 4316 (o)
649 4220 780 4292 scilicet
803 4219 971 4315 presentis
993 4220 1042 4315 (b)
1075 4221 1202 4293 mensis
1225 4223 1386 4297 februarii
1412 4227 1479 4298 sub
1511 4229 1618 4300 ielieis

205 4344 351 4440 auspicii
373 4344 485 4418 sidere
503 4344 622 4418 uestris
646 4343 828 4418 desideriis
848 4343 1068 4435 nuntiamus,
1090 4345 1186 4438 quod
1212 4367 1413 4442 quanquam
1437 4350 1537 4422 vobis
1552 4373 1615 4422 so·

245 4552 287 4634 (a)
309 4554 346 4616 ln
358 4553 459 4616 codice
471 4561 529 4615 ²0²
545 4560 575 4616 et
587 4569 636 4632 ap.
651 4553 787 4634 lureges,
803 4554 910 4632 legitur
923 4553 987 4614 lili.

244 4658 286 4739 (b)
306 4659 357 4723 Slo
368 4663 401 4722 in
414 4659 564 4723 omnibus.
579 4662 782 4727 verisimiliter
792 4667 892 4722 tamen
900 4658 1082 4740 precamus
1096 4661 1141 4723 rel
1150 4663 1290 4742 μωρίην·
