4224 5898
189 617 286 675 lsnrcr.
305 608 366 692 12]
641 604 836 666 HISTORIA
862 601 1151 664 bfrtottatmtt.
1544 603 1600 664 301

191 757 369 832 evertere,
399 754 438 814 ut
467 763 648 837 processus
675 751 808 814 nostros
833 741 868 812 in
897 739 1029 811 ltaliam
1057 739 1193 833 penitus
1219 746 1411 808 enervaret.
1439 737 1516 822 Qua
1542 761 1604 834 spe

191 872 339 944 faciente
357 867 479 941 divina
491 866 684 955 clementia,
700 888 770 959 qne
785 887 887 937 suum
902 873 1016 936 tuetur
1035 861 1230 957 imperium,
1247 860 1388 933 omnino
1405 861 1600 951 frustratus,

189 992 418 1068 clamantibus
444 989 540 1084 apud
557 1011 636 1062 eum
656 989 835 1062 rebellium
852 998 1046 1060 nostrorum
1069 985 1254 1076 incendiis,
1277 985 1604 1080 depopulationibus

188 1139 303 1190 rerum
331 1124 365 1188 et
379 1113 552 1206 stragibus
574 1113 785 1201 occisorum,
809 1112 870 1206 qui
892 1112 1005 1206 ipsum
1030 1109 1075 1182 de
1094 1109 1176 1182 data
1192 1108 1242 1180 eis
1259 1107 1457 1180 rebellionis
1482 1131 1603 1184 secura

190 1237 337 1330 fiducia,
357 1259 491 1312 necnon
510 1236 556 1309 de
578 1235 648 1308 fide
665 1236 827 1324 mentita,
854 1257 896 1307 eo
919 1234 1013 1328 quod
1037 1242 1156 1306 contra
1180 1253 1243 1304 noe
1262 1241 1296 1304 et
1321 1233 1503 1326 imperium
1519 1235 1603 1328 ipsis

188 1365 349 1437 assistere
376 1362 605 1457 promisisset,
642 1361 789 1455 publicis
814 1359 960 1432 vocibus
982 1358 1192 1450 arguebant;
1217 1365 1252 1427 et
1275 1357 1359 1448 quia
1378 1359 1482 1448 juxta
1507 1360 1604 1454 peti-

189 1488 300 1560 tiones
316 1508 437 1559 eorum
456 1486 642 1558 occasione
666 1483 837 1578 predicta,
855 1485 948 1574 juste
964 1502 1026 1554 nos
1042 1480 1343 1552 excommunicare
1360 1503 1428 1553 non
1449 1493 1600 1575 poterat;

189 1609 438 1704 impedimenta
457 1607 671 1680 clandestina
689 1607 814 1679 nostris
829 1607 1048 1701 processibus
1063 1604 1220 1696 undique
1234 1606 1451 1700 preparavit,
1475 1607 1604 1678 litteras

190 1743 225 1804 ot
250 1734 384 1825 legatos
404 1753 469 1826 per
485 1731 671 1826 imperium
690 1740 724 1802 et
742 1729 875 1822 ubique
897 1751 960 1823 per
980 1728 1119 1814 orbem,
1140 1737 1178 1797 ut
1200 1749 1427 1821 quoscunque
1446 1750 1467 1800 a
1484 1727 1554 1801 fide
1570 1739 1605 1801 et

190 1855 375 1928 devotione
392 1864 508 1927 nostra
522 1853 724 1943 seduceret,
742 1851 961 1926 destinando.
979 1851 1055 1936 Que
1074 1849 1190 1923 omnia
1204 1871 1284 1922 cum
1303 1861 1496 1924 nostrorum
1513 1851 1605 1925 fide-

190 1981 276 2053 lium
291 1979 379 2052 fides
395 1989 429 2052 et
443 1979 634 2051 amicorum
649 1978 800 2052 adfectio
816 1976 1058 2050 conscientiam
1077 1984 1228 2047 nostram
1244 1975 1350 2047 latere
1369 1998 1438 2047 non
1458 1979 1601 2069 vellent,

190 2105 346 2182 nolentes
370 2104 486 2176 adhuc
502 2103 596 2174 vinci
618 2104 654 2173 in
681 2103 794 2192 malo,
825 2100 889 2174 sed
914 2099 1067 2172 inbono
1093 2100 1220 2170 malum
1246 2099 1386 2172 vincere
1408 2102 1601 2194 cupientes,

190 2223 1603 2319 solennesnunciosuostrosB.venerabilemPanormitanonsemarchiepiscopum,

251 2353 485 2426 Florentinum
505 2361 539 2424 et
550 2353 591 2424 ll.
605 2352 776 2444 Reginum
791 2350 989 2444 episcopos,
1002 2345 1204 2440 magistrum
1216 2344 1393 2417 Thadenm
1406 2345 1450 2419 de
1464 2350 1603 2439 Suessa,

191 2497 318 2569 magne
333 2477 428 2548 curie
446 2485 561 2547 nostre
575 2475 749 2566 judicem,
768 2485 803 2547 et
820 2473 1023 2566 magistrum
1033 2473 1075 2542 R.
1092 2470 1349 2542 Porcastrellam
1368 2472 1602 2565 capellanum,

194 2599 340 2671 dilectos
362 2608 497 2672 nostros
526 2599 667 2682 fideles,
698 2599 744 2671 ad
768 2597 893 2670 Sedem
911 2595 1140 2691 Apostolioam
1169 2594 1337 2666 duximus
1364 2594 1602 2668 destinandos.

193 2723 329 2808 Quibus
343 2725 457 2797 oblata
473 2725 541 2797 sibi
553 2746 613 2819 per
628 2746 687 2797 eos
699 2745 744 2796 ex
759 2733 857 2818 parte
872 2732 986 2795 nostra
1003 2720 1188 2795 devotione
1206 2721 1417 2810 omnimoda,
1433 2729 1466 2792 et
1477 2721 1606 2794 unione

193 2856 337 2920 tractata
361 2858 478 2920 contra
506 2848 692 2920 hereticam
715 2847 938 2941 pravitatem,
965 2855 999 2918 et
1024 2867 1088 2941 pro
1113 2845 1346 2917 ecclesiastica
1369 2845 1547 2934 libertate,
1572 2854 1606 2917 et

193 2971 239 3044 de
254 2971 482 3044 reformandis
498 2971 651 3044 Ecclesia
666 2981 701 3043 et
717 2971 853 3064 imperii
867 2969 1006 3062 juribus
1028 2967 1164 3041 dudum
1183 2969 1272 3041 iuter
1287 2991 1350 3040 nos
1368 2979 1401 3040 et
1416 2969 1605 3040 Ecclesiam

192 3095 354 3190 expetitis
370 3104 404 3166 et
421 3095 630 3190 expectatis,
650 3117 807 3167 summus
822 3095 996 3189 pontifex,
1016 3093 1061 3166 de
1078 3094 1287 3188 presentium
1306 3094 1447 3164 fratrum
1464 3114 1604 3165 suorum

193 3219 350 3304 consilio,
369 3219 539 3312 legatione
555 3219 723 3290 nostruin
742 3219 903 3291 omnibus
915 3218 988 3289 suis
1007 3209 1166 3312 capitulis
1180 3226 1368 3311 acceptata,
1385 3239 1447 3313 per
1464 3219 1604 3291 eosdem

193 3351 228 3412 et
242 3340 538 3436 archiepiscopum
557 3343 810 3415 Messanensem
824 3363 928 3435 quem
942 3339 987 3413 ad
1004 3361 1068 3413 nos
1079 3363 1141 3434 pro
1154 3351 1251 3436 parte
1264 3363 1327 3413 sua
1342 3343 1509 3414 nuncium
1524 3343 1604 3416 des-

195 3463 335 3552 tinavit,
359 3465 564 3538 excellentie
585 3475 703 3538 nostre
724 3465 881 3560 promisit
900 3465 996 3558 quod
1015 3465 1141 3536 cessari
1161 3465 1341 3538 mandaret
1360 3465 1491 3560 ubique
1514 3467 1605 3538 loco·

195 3609 272 3658 mm
307 3587 353 3660 ab
383 3589 638 3684 impedimentis
666 3589 846 3676 omnibus,
877 3609 947 3682 que
977 3609 1015 3660 se
1040 3589 1165 3659 nostris
1195 3589 1410 3682 processibus
1439 3590 1605 3680 objecisse

195 3732 311 3784 coram
326 3713 488 3785 fratribus
504 3713 578 3785 suis
590 3723 625 3786 et
643 3714 780 3784 nunciis
796 3713 921 3784 nostris
936 3713 1212 3783 manifestissime
1228 3713 1408 3801 fatebatur,
1427 3725 1530 3808 prout
1541 3713 1606 3785 hec

195 3835 311 3906 omnia
323 3855 384 3928 per
398 3836 641 3908 testimoniales
658 3837 848 3908 antistitum
862 3837 1070 3930 prefatorum
1084 3836 1237 3907 omnium
1254 3837 1382 3909 litteras
1399 3840 1606 3912 manifestis-

196 3955 282 4030 sime
299 3959 578 4053 comprobantur.
596 3959 682 4031 Cum
700 3983 769 4054 qua
792 3960 1015 4054 responsione
1030 3960 1165 4031 nunciis
1186 3961 1360 4032 nostriset
1377 3985 1441 4034 suo
1463 3963 1509 4036 ad
1527 3987 1606 4036 nos-

196 4088 281 4152 tram
299 4083 506 4176 presentiam
525 4081 768 4172 redeuntibus,
787 4083 988 4178 priusquam
1006 4105 1069 4178 per
1087 4094 1154 4155 tres
1170 4082 1279 4155 dietas
1295 4106 1316 4156 a
1333 4088 1428 4159 ouria
1446 4092 1605 4162 recessis-

196 4213 290 4294 sent,
304 4205 356 4276 eis
371 4205 512 4278 omnino
529 4205 664 4295 celatis,
681 4205 765 4278 etin
782 4208 1015 4279 confusionem
1032 4208 1198 4301 ipsorum,
1214 4207 1255 4280 G.
1273 4209 1318 4282 de
1336 4211 1451 4283 Monte
1467 4215 1602 4307 Longo,

196 4345 300 4417 quem
336 4325 432 4420 prius
465 4325 511 4398 ad
541 4349 605 4399 nos
634 4328 801 4399 nuncium
832 4329 971 4400 miserat
999 4339 1033 4401 et
1063 4339 1181 4402 contra
1211 4352 1275 4402 nos
1307 4335 1526 4426 postmodum
1560 4339 1606 4410 ad

197 4446 414 4519 eversionem
438 4448 704 4522 Mantuanorum
731 4459 766 4522 et
794 4451 938 4524 eliorum
967 4461 1157 4524 nostrorum
1186 4452 1340 4524 fidelium
1361 4465 1543 4548 statuerat,
1569 4461 1604 4530 iu

199 4570 440 4643 lombardiam
464 4593 542 4644 cum
571 4575 751 4664 legationis
771 4575 883 4647 officio
907 4576 1008 4668 plene
1026 4576 1143 4646 misit:
1163 4577 1346 4649 arbitratus
1362 4579 1456 4672 quod
1475 4593 1605 4674 quanto

198 4695 307 4786 major
319 4693 387 4766 sibi
405 4693 545 4769 daretur
563 4695 767 4788 authoritas,
788 4707 883 4772 tanto
900 4699 1027 4792 majora
1048 4699 1148 4771 nobis
1163 4709 1197 4772 et
1219 4701 1343 4774 nostris
1359 4702 1606 4796 impedimenta
