4242 5904
208 617 308 677 11οι00.
326 613 388 693 12]
655 613 851 676 HISTORIA
876 611 1166 674 orrtottsrtclt
1556 611 1617 674 133

207 903 332 985 cessa,
353 885 508 1006 renovat
524 883 562 959 et
578 875 792 960 confirmat.

289 1075 413 1156 (Inedlt.
428 1093 466 1138 cx
479 1077 580 1138 cndlce
596 1094 728 1157 pergam.
743 1079 821 1138 Blbl.
837 1078 937 1138 Cesar.
953 1079 1059 1149 Parta,
1076 1086 1109 1138 01
1128 1076 1280 1152 Minimas,
1293 1077 1372 1138 dlcto
1387 1073 1466 1139 tituli
1482 1078 1614 1154 11100000,

328 1181 439 1244 nitidae
457 1185 620 1260 scripturae
633 1201 708 1262 qnae
725 1185 856 1244 mculum
870 1185 991 1242 tertlum
1005 1183 1152 1243 decimum
1166 1181 1302 1260 redolet.)
1411 1253 1414 1260 Ι

213 1410 217 1418 -
257 1367 295 1437 10
318 1367 457 1438 nomine
476 1373 593 1439 sancte
620 1376 654 1438 et
669 1365 852 1440 individue
876 1367 1063 1438 Trinitatis.
1084 1365 1285 1438 Fredericus
1306 1365 1480 1438 secundus
1496 1365 1617 1440 divina

210 1491 348 1562 favente
364 1491 544 1563 clementia
567 1492 800 1562 Romanorum
816 1490 999 1585 imperator
1021 1511 1156 1584 semper
1175 1491 1618 1584 augustns‚1ernsalemet

209 1614 323 1688 Sicilie
344 1637 420 1688 rex.
439 1615 627 1709 lmperialis
644 1615 849 1687 excelientia
869 1623 951 1686 tnnc
972 1615 1137 1709 precipue
1158 1613 1213 1686 sui
1236 1613 1385 1686 nominis
1406 1614 1523 1686 titulos
1538 1636 1618 1686 am-

208 1739 311 1832 pliat,
333 1747 416 1810 tunc
438 1739 541 1811 officii
565 1739 619 1810 sni
643 1738 798 1811 debitum
825 1737 941 1810 reddit
966 1758 1045 1810 cum
1068 1740 1185 1810 lenore
1207 1739 1279 1810 Deo
1302 1738 1405 1825 vivo,
1431 1759 1511 1811 cum
1541 1743 1618 1832 ejus

209 1863 337 1933 intuitu
353 1883 416 1956 per
432 1883 535 1957 quem
554 1871 669 1956 preest
687 1862 900 1956 principibus
916 1863 1010 1934 orbis
1024 1871 1133 1948 terre,
1159 1861 1219 1934 Dei
1236 1861 1396 1934 ecclesias
1409 1871 1444 1934 et
1456 1885 1618 1956 personas

209 1983 457 2058 ecclesiasticas
482 1986 539 2081 pio
567 1987 684 2058 lavore
709 1995 823 2057 tuetur
845 1995 879 2058 et
897 1987 1009 2076 justas
1033 2007 1153 2058 eurum
1178 1985 1361 2080 petitiones
1387 1987 1619 2062 favorabiliter

209 2105 366 2180 exaudit.
382 2108 431 2180 Ea
448 2119 588 2204 propter
603 2108 739 2180 noverit
752 2119 822 2180 tam
834 2129 975 2203 presens
989 2118 1064 2182 etas
1079 2129 1185 2202 00000
1199 2109 1313 2183 sutura
1328 2111 1509 2204 posteritas
1523 2112 1619 2206 quod

209 2231 419 2304 llnmbertns
441 2233 647 2305 venerabilis
675 2232 810 2304 iliensis
828 2233 1029 2328 episcopus,
1053 2231 1166 2304 fidelis
1183 2241 1314 2323 noster,
1341 2233 1387 2305 ad
1413 2238 1618 2328 presentiam

210 2363 324 2428 000100
341 2355 528 2447 majestatis
545 2356 732 2447 accedens,
755 2357 937 2449 privilegia
960 2356 1136 2450 qnondam
1159 2356 1233 2428 divi
1252 2357 1389 2449 augusti
1408 2358 1620 2452 imperatoris

209 2477 381 2552 Frederici
406 2479 464 2551 avi
491 2481 594 2552 nostri
623 2481 788 2552 memorie
812 2481 993 2553 recolende
1020 2491 1055 2552 et
1082 2491 1237 2554 nostmm
1258 2502 1280 2552 a
1305 2483 1482 2573 maJestate
1505 2493 1619 2557 nostra

210 2611 364 2698 tempore
378 2603 477 2694 regni
493 2604 640 2676 ecclesie
653 2625 716 2676 sue
729 2603 864 2677 dudum
880 2605 1064 2676 clementer
1078 2604 1231 2692 indulta,
1252 2615 1368 2676 nostro
1382 2605 1523 2678 culmini
1539 2631 1618 2703 pre·

210 2727 380 2817 scotavit,
400 2725 575 2800 humiliter
593 2729 841 2822 supplicasset
858 2726 984 2800 devote
1007 2738 1047 2798 ut
1064 2749 1105 2800 ea
1126 2748 1292 2801 renovare
1308 2737 1343 2800 et
1360 2730 1477 2801 omnia
1499 2753 1569 2824 que
1584 2731 1620 2803 in

211 2849 262 2922 els
273 2851 494 2922 continentur
511 2849 715 2924 confirmem
729 2850 773 2922 de
788 2859 903 2924 nostra
917 2851 1027 2945 gratia
1043 2851 1278 2946 dignaremur.
1298 2853 1409 2924 Tenor
1424 2863 1537 2926 autem
1552 2855 1621 2949 pri·

213 2973 330 3068 0110311
344 2973 531 3068 supradicti
546 2975 604 3046 avi
615 2974 722 3047 nostri
739 2975 931 3070 peremnia
946 2976 1130 3047 taliserat·

260 3093 431 3194 [Sequitur
450 3099 668 3194 prioilcpiom
689 3099 852 3170 Foede-ici
869 3100 975 3192 prims
969 3098 1083 3190 quod
1097 3099 1137 3170 (10
1159 3100 1255 3170 verbo
1277 3098 1323 3170 od
1347 3101 1483 3170 verdum
1500 3102 1622 3172 Fridc·

212 3242 301 3291 nura
318 3222 478 3292 secundm
494 3220 768 3316 00111011((11.1.
790 3223 872 3316 l,.p
895 3223 965 3292 330
980 3233 1015 3292 et
1031 3243 1128 3316 seqq
1134 3223 1161 3317 ),
1177 3225 1244 3293 010(
1239 3223 1349 3315 'quod
1365 3245 1428 3314 pro
1442 3224 1503 3295 tibi
1519 3226 1621 3296 Desi-·

213 3341 308 3416 derio
324 3341 419 3416 fideli
432 3353 467 3416 et
485 3343 662 3417 carissimo
677 3351 806 3430 nostro,
827 3354 911 3430 etc,
931 3345 1109 3437 109010000
1122 3345 1299 3439 0010110910
1314 3347 1475 3418 l'ra‘derici
1484 3349 1592 3441 primi
1606 3377 1618 3421 .·

213 3465 273 3536 tibi
291 3465 464 3538 llodberto
479 3465 571 3538 fideli
588 3477 622 3537 st
636 3466 751 3540 amico
769 3477 884 3539 nostro
902 3476 1019 3540 sancte
1035 3467 1169 3540 Diensis
1183 3469 1326 3541 ecclesie
1343 3469 1502 3564 episcopo
1521 3471 1621 3544 nobis

213 3587 306 3683 apud
322 3587 492 3662 Arelatem
506 3591 697 3662 occurrenti
711 3601 746 3663 et
763 3611 826 3686 pro
841 3591 984 3665 ecclesia
996 3600 1056 3664 tua
1074 3590 1296 3686 supplicanti,
1319 3591 1402 3690 etc]

263 3711 349 3785 Acta
380 3725 462 3785 sont
487 3713 551 3786 hec
580 3735 686 3787 anno.
701 3714 873 3788 dominice
900 3715 1145 3788 incarnationis
1165 3717 1213 3787 lll⁰
1234 3716 1273 3787 C*
1297 3717 1476 3808 LXXVlll,
1506 3718 1621 3792 indic·

212 3833 304 3906 tione
330 3836 388 3926 X¹,
406 3846 572 3928 regnante
600 3835 739 3910 domino
765 3836 945 3910 Frederico
968 3840 1199 3910 Romanorum
1221 3839 1427 3933 imperatore
1448 3841 1617 3934 glorioso,

212 3977 303 4030 anno
319 3959 418 4052 regni
432 3960 508 4050 ejus
525 3961 601 4031 XX·
612 3962 698 4051 vll,
714 3961 850 4055 imperii
868 3972 983 4033 autem
996 3961 1073 4033 XX·
1084 3962 1170 4049 llll‘,
1185 3960 1338 4035 feliciter.
1356 3962 1480 4035 Amen.

259 4083 384 4154 Datum
401 4082 439 4153 in
454 4084 582 4178 palatio
598 4084 805 4175 Arelatensi,
825 4085 870 4157 lll
886 4084 1052 4158 kalendas
1066 4087 1217 4180 angusti.

259 4204 328 4277 Nos
344 4215 460 4278 antem
476 4215 629 4302 tempore
643 4208 740 4302 regni
755 4209 862 4280 nostri
878 4209 1055 4281 Desiderio
1073 4209 1190 4281 Diensi
1208 4210 1369 4305 episcopo
1384 4209 1619 4305 predecessori

212 4348 275 4399 suo
290 4337 325 4402 et
338 4331 482 4404 ecclesie
494 4332 612 4403 Diensi
625 4354 667 4404 ac
682 4333 937 4405 successoribus
950 4335 1025 4426 ejus
1041 4332 1260 4416 donavimus,
1274 4335 1521 4422 concessimus,
1537 4359 1620 4411 con·

214 4449 426 4524 firmavimus
443 4465 548 4548 atque
565 4455 802 4528 investituram
825 4457 969 4529 fecimus
992 4456 1038 4529 dc
1061 4457 1311 4552 omnibusque
1334 4460 1369 4529 in
1389 4464 1620 4558 suprascripto

213 4574 396 4668 privilegio
412 4575 471 4648 avi
489 4578 594 4648 00001
613 4577 757 4672 predicti
778 4578 886 4650 felicis
904 4579 1068 4651 memorie
1091 4579 1319 4652 continentur.
1340 4581 1390 4650 De
1413 4581 1617 4658 habundan-

215 4698 288 4770 tiori
318 4721 460 4795 qnoque
486 4702 700 4776 celsitudinis
725 4715 840 4777 nostre
868 4705 976 4798 gratia
1001 4705 1231 4778 concessimus
1255 4703 1321 4777 sibi
1348 4714 1496 4778 castrum
1521 4711 1617 4803 quod

293 4821 330 4884 V.
1419 4837 1455 4888 ao
