4242 5904
485 621 543 683 ros
981 615 1197 676 rnrnnnrcr
1222 617 1398 680 secuunr
1713 630 1793 713 [nul.
1811 635 1897 698 reae.

481 756 577 852 quod
601 753 661 848 qui
681 751 926 850 presumpserit
943 750 1213 844 indignationem
1239 756 1403 828 culminis
1429 759 1538 830 nostri
1564 781 1604 834 se
1625 767 1760 838 noverit
1782 769 1899 843 incur·

481 903 601 954 surum
617 889 652 950 et
672 886 810 950 centum
826 876 931 947 libras
947 875 1022 945 auri
1042 875 1217 970 purissimi
1239 901 1302 971 pro
1326 902 1415 973 pena
1437 885 1727 978 compositurum,
1748 913 1894 984 quarum

481 1003 647 1077 medietas
668 1001 751 1073 fisco
770 1011 884 1072 nostro
901 999 1086 1093 etreliqua
1112 999 1278 1073 medietas
1301 1004 1413 1098 passis
1436 1005 1597 1098 injuriam
1618 1011 1823 1106 applicetur.
1839 1017 1895 1090 Ad

481 1129 587 1222 hujus
613 1129 729 1221 itaque
752 1123 970 1220 protectionis
991 1133 1026 1194 et
1052 1121 1322 1197 confirmationis
1349 1137 1465 1200 nostre
1495 1131 1694 1205 memoriam
1726 1147 1761 1208 et
1791 1137 1895 1210 robur

481 1262 645 1348 perpetuo
658 1249 858 1339 valiturum,
876 1268 1016 1342 presens
1032 1245 1347 1343 privilegium'lieri
1365 1259 1400 1324 et
1415 1251 1511 1326 bulla
1526 1277 1632 1327 aurea
1645 1257 1767 1352 tipario
1783 1271 1897 1334 nostre

480 1375 666 1470 muJestatis
684 1374 849 1470 impressa
863 1371 1031 1464 jussimus
1047 1372 1270 1445 communiri.

528 1502 638 1592 Hujus
662 1499 711 1572 rei
739 1497 1142 1571 tasussunt210annes
1170 1495 1377 1569 Viennensis
1404 1499 1704 1596 archiepisoopus,
1726 1503 1897 1598 Aymarns

479 1622 734 1696 Ebredunensis
765 1621 1063 1716 archiepiscopus,
1088 1621 1129 1692 R.
1160 1620 1390 1715 vapincensis
1418 1623 1622 1717 episcopus,
1650 1625 1691 1697 il.
1719 1626 1895 1720 Pupienus

480 1747 681 1842 episcopus,
707 1747 738 1818 J.
766 1745 991 1816 vercellensis
1019 1743 1224 1838 episcopus,
1253 1744 1406 1838 Hugotio
1437 1747 1657 1820 'laurinensis
1688 1749 1891 1845 opiscopus,

479 1871 704 1965 Pandulphua
728 1869 902 1941 Pactensis
929 1867 1131 1964 episcopus,
1160 1869 1200 1938 B.
1230 1869 1387 1941 marchio
1414 1871 1673 1957 Montislarrati‚
1703 1875 1894 1950 Manlridus

480 1995 633 2068 marchio
649 1994 876 2082 Suluciarum,
900 1991 1099 2064 Manlredus
1123 1985 1276 2064 marchio
1293 1993 1420 2082 Lauza,
1444 2003 1478 2065 et
1494 1993 1551 2066 alii
1570 1999 1805 2092 quamplures.

528 2119 670 2213 Signum
698 2115 828 2190 domini
853 2117 960 2188 nostri
982 2114 1154 2187 Frederici
1180 2114 1349 2206 secundi,
1372 2116 1436 2188 Dei
1457 2117 1565 2209 gratia
1584 2118 1799 2192 invictissimi
1824 2123 1896 2196 ito·

480 2264 659 2315 manorum
677 2239 890 2336 imperatoris
905 2261 1042 2334 semper
1063 2240 1216 2332 augusti,
1243 2239 1436 2312 Jerusalem
1458 2250 1493 2312 et
1517 2241 1631 2315 Sicilie
1648 2244 1752 2337 regis.

527 2366 612 2438 Acta
628 2375 709 2439 sunt
727 2365 790 2436 hec
810 2385 902 2436 anno
919 2363 1091 2436 dominice
1108 2363 1298 2435 incarnatio
1305 2363 1360 2434 nis
1379 2363 1558 2436 millesimo
1573 2365 1811 2440 ducentesimo
1827 2369 1895 2440 tri-

479 2490 606 2564 cesimo
628 2499 767 2577 octavo,
794 2510 913 2560 mense
931 2486 1065 2582 aprilis,
1087 2485 1274 2559 undecimo
1299 2485 1515 2576 indictionis,
1543 2488 1734 2584 imperante
1755 2490 1894 2564 domino

479 2624 595 2686 nostro
612 2611 792 2686 Frederico
804 2611 973 2700 secundo,
992 2610 1052 2684 Dei
1069 2611 1176 2705 gratia
1191 2609 1422 2682 invictissimo
1439 2611 1669 2683 Romanorum
1690 2613 1895 2709 imperatore

479 2761 613 2834 semper
637 2747 807 2831 augusto,
835 2736 1024 2808 Jerusalem
1048 2745 1082 2807 et
1105 2733 1220 2806 Sicilie
1243 2755 1351 2827 rege,
1380 2735 1516 2829 imperii
1547 2735 1623 2827 ejus
1649 2757 1742 2810 anno
1772 2748 1894 2811 octavo

480 2863 627 2953 decimo,
645 2863 742 2956 regni
762 2861 950 2935 Jerusalem
967 2859 1070 2932 tercio
1087 2858 1236 2948 decimo,
1257 2859 1358 2954 regni
1378 2879 1462 2932 vero
1477 2858 1593 2934 Sicilie
1612 2860 1890 2954 quadragesimo,
1963 2838 1966 2844 ¹

481 2987 635 3061 feliciter.
654 2985 778 3058 Amen.
1886 2979 1888 2984 ’

527 3113 651 3182 Datum
666 3109 762 3205 apud
778 3107 978 3198 Taurinum,
1000 3127 1104 3195 annu,
1123 3127 1242 3179 mense
1261 3115 1297 3180 et
1313 3104 1502 3180 indictione
1517 3107 1729 3203 prescriptis.

695 3439 1118 3450 -mm———n-—n
1124 3439 1680 3450 --nn—-u--n—-n—n—u—n-n--n-n--u-n-

533 3752 769 3859 Fridericus,
806 3752 1065 3836 Romanorum
1108 3749 1333 3858 imperator,
1368 3747 1568 3833 confirmat
1600 3749 1765 3833 Roberto
1801 3749 1890 3859 epi-

319 3848 342 3934 ⁸·
396 3867 434 3932 ·’
482 3911 596 3996 scopo
617 3885 843 3994 Vapincensi
864 3881 982 3994 (Gap)
1007 3881 1250 3992 privilegium
1278 3879 1328 3962 ab
1356 3906 1427 3964 avo
1455 3907 1525 3964 suo
1553 3881 1742 3966 Friderico
1768 3882 1892 3992 primo

481 4021 545 4104 W.
566 4019 741 4128 episcopo
759 4017 930 4126 ejusdem
947 4014 1126 4098 ecclesiae
1143 4013 1183 4095 in
1200 4038 1303 4096 anno
1323 4013 1446 4120 1184,
1465 4040 1569 4097 nono
1582 4025 1620 4096 et
1634 4015 1813 4098 uicesimo
1830 4015 1892 4098 die

480 4151 727 4262 septembris,
760 4148 978 4256 indultum,
1011 4174 1186 4258 novaque
1221 4145 1367 4256 regalia
1398 4157 1612 4231 castrorum
1644 4160 1682 4231 et
1712 4149 1891 4232 villorum

479 4284 533 4367 ibi
559 4283 843 4366 nominatorum
867 4281 1051 4366 concedit.

561 4525 685 4606 (tundit.
701 4541 739 4584 ex
753 4520 867 4584 dullart.
883 4521 1013 4601 Peyron.
1028 4537 1075 4598 up.
1089 4519 1232 4581 Biblioth.
1249 4515 1422 4596 Carpentor.
1442 4527 1549 4598 regest.
1566 4531 1616 4592 rs,
1629 4521 1689 4582 rol.
1704 4519 1747 4595 11,
1761 4517 1813 4584 iol.
1832 4529 1888 4583 aso

598 4637 629 4691 et
642 4647 726 4708 seqq.
743 4663 782 4675 —
795 4633 894 4692 Minus
915 4645 985 4688 uero
1003 4633 1133 4688 correcte
1154 4632 1184 4686 ct
1200 4628 1311 4703 integre
1330 4624 1456 4698 ibidem,
1476 4627 1508 4686 tn
1526 4633 1634 4705 regest.
1652 4630 1701 4687 cul
1721 4627 1827 4688 titulus
1844 4633 1889 4686 est

597 4736 743 4818 Aurenpe,
759 4735 809 4796 lol.
826 4746 864 4797 44
879 4733 985 4812 verso.)
