4350 5922
504 625 545 685 32
1007 627 1222 688 FlllDEllllll
1248 627 1421 687 secono!
1730 627 1810 706 [Aru.
1830 626 1918 692 1237.

503 762 629 855 sicque
646 783 721 848 nos,
740 762 927 856 inspirante
938 763 1038 836 uobis
1049 773 1119 835 tam
1137 763 1275 835 salubre
1291 762 1473 835 eonsilium
1489 761 1598 855 gratia
1614 761 1740 832 summi
1754 761 1858 854 regis,
1873 760 1919 833 ad

504 885 717 958 vocationem
730 895 765 958 et
775 907 895 980 preoes
904 887 1059 980 ejusdem
1073 887 1205 960 domiui
1216 887 1324 959 nostri
1337 886 1564 979 imperatoris,
1577 884 1917 982 apudWiennam(o)

505 1011 712 1082 unanimiter
725 1019 804 1082 vota
821 1019 938 1084 nostra
957 1012 1167 1083 contulimus
1183 1013 1220 1082 in
1236 1008 1423 1083 Corradum
1439 1007 1603 1081 antedicti
1621 1007 1752 1082 domini
1770 1008 1918 1104 impera·

505 1133 587 1203 toris
605 1131 728 1223 filium,
749 1133 845 1227 regui
865 1133 1136 1229 ierosolymitani
1154 1134 1347 1226 legitimum
1367 1153 1612 1219 sueoessorem,
1624 1132 1792 1226 eligentes
1806 1132 1918 1226 ipsum

504 1254 632 1328 ibidem
657 1257 692 1326 in
715 1259 946 1329 Romanorum
965 1279 1083 1349 regem
1107 1267 1142 1331 et
1167 1259 1381 1329 inlaturum
1405 1257 1645 1352 imperatorem
1671 1265 1825 1328 nostrum
1844 1268 1920 1350 post

503 1380 635 1452 obitum
661 1381 768 1474 patris
794 1380 995 1454 babendum
1017 1403 1059 1454 ae
1087 1383 1189 1453 etiam
1215 1379 1287 1452 fide
1312 1381 1392 1454 data
1418 1379 1532 1452 eidem
1558 1378 1699 1452 domiuo
1724 1379 1917 1473 imperatori

503 1518 717 1576 sacramento
733 1503 946 1577 firmavimus
964 1504 1060 1598 quod
1076 1506 1246 1599 prelatum
1262 1503 1492 1576 Conraduma
1513 1503 1613 1575 nubis
1632 1504 1667 1572 in
1686 1523 1805 1596 regem
1819 1503 1919 1574 eleo-

503 1635 576 1698 tum
596 1637 673 1722 post
691 1637 834 1700 mortem
858 1628 1086 1724 prenominati
1105 1629 1213 1723 patris
1235 1629 1290 1700 sui
1310 1627 1489 1701 dominum
1515 1637 1550 1698 et
1578 1627 1820 1720 imperatorem
1838 1645 1918 1695 uos·

503 1760 592 1822 trum
610 1750 827 1842 habebimur,
845 1751 1012 1824 eidemin
1030 1751 1279 1846 omnibusque
1294 1751 1339 1824 ad
1359 1751 1543 1846 imperium
1562 1759 1597 1821 et
1609 1751 1668 1841 jus
1686 1747 1819 1843 imperii
1837 1767 1919 1842 per-

503 1875 612 1946 tinent
629 1874 859 1964 inteudeutee,
875 1875 1012 1970 sibique
1022 1876 1218 1969 jurabimus
1231 1874 1431 1949 fidelitatem
1448 1873 1562 1947 eidem
1579 1882 1682 1969 prout
1697 1882 1748 1945 est
1768 1871 1873 1944 moris
1884 1881 1920 1942 et

499 1999 586 2091 juris
605 1999 738 2092 imperii
756 2009 968 2070 sacramenta
986 2008 1190 2093 prestantes,
1205 2021 1247 2070 ac
1262 1997 1308 2071 ad
1325 1996 1413 2070 illud
1431 1994 1657 2070 obtinendum
1677 1995 1811 2090 imperii
1829 1994 1916 2090 dya-

502 2121 605 2194 dema
624 2121 690 2193 sibi
707 2136 810 2216 prout
835 2121 970 2214 dejure
989 2132 1147 2195 tenemur
1162 2122 1344 2195 consilium
1361 2130 1396 2194 et
1411 2121 1580 2194 auxilium
1605 2118 1859 2213 impendemus.
1879 2119 1920 2191 Et

502 2246 582 2317 lieet
602 2247 643 2316 Η.
669 2246 933 2340 primogenitum
960 2245 1069 2317 lilium
1095 2268 1198 2318 suum
1218 2245 1351 2340 pridem
1379 2245 1480 2317 nobis
1500 2245 1536 2315 in
1563 2265 1679 2335 regem
1705 2242 1809 2314 simili
1837 2263 1917 2337 pro·

504 2369 635 2440 visione
659 2368 862 2442 duxerimus
893 2369 1113 2463 eligendum,
1141 2370 1225 2464 quia
1252 2379 1365 2442 tamen
1398 2390 1479 2441 oum
1508 2369 1545 2439 in
1576 2367 1706 2440 honore
1734 2375 1823 2439 esset
1847 2387 1918 2438 non

504 2492 690 2581 intellexit,
718 2491 780 2564 sed
805 2491 850 2562 ab
877 2493 1040 2586 aquilone
1063 2491 1182 2564 sedem
1202 2492 1268 2563 sibi
1293 2491 1504 2564 eonstitueus
1526 2498 1644 2562 eontra
1663 2497 1810 2583 patrem,
1844 2488 1918 2558 loeo

505 2618 588 2688 tanti
599 2616 775 2709 regiminis
788 2637 826 2686 se
841 2617 1043 2687 monstravit
1057 2615 1254 2708 iudignum,
1266 2618 1360 2706 justo
1373 2615 1478 2709 patris
1486 2613 1619 2705 judicio
1632 2623 1667 2684 et
1678 2615 1753 2705 ejus
1764 2612 1916 2682 ultronea

505 2741 680 2812 voluntate
693 2761 799 2832 quam
813 2738 878 2809 sibi
891 2739 1100 2811 conscientia
1113 2739 1251 2834 proprie
1264 2737 1543 2830 transgressionis
1556 2737 1713 2829 ingessit,
1729 2735 1775 2806 ab
1792 2733 1917 2806 eodem

505 2865 546 2934 ll.
564 2863 664 2933 soluti
684 2863 814 2954 prelato
836 2861 1047 2934 sacramento
1065 2861 1162 2956 quod
1186 2861 1231 2933 de
1251 2861 1418 2934 electione
1444 2881 1507 2932 sua
1528 2861 1684 2932 similiter
1706 2860 1915 2946 leceramus,

505 2987 652 3058 Heurieo
676 2983 871 3057 Conradum
897 2987 993 3057 velut
1019 2983 1132 3058 David
1155 2986 1252 3057 Sauli
1278 2994 1396 3057 sancta
1419 2985 1507 3101 lacta
1526 2983 1773 3056 deliberatione
1798 2979 1919 3076 pruvi-

506 3109 621 3182 dimus
637 3107 909 3203 subrogandum.

553 3233 608 3306 Ad
632 3233 731 3322 eujus
756 3231 805 3302 rei
835 3229 1051 3320 memoriam,
1082 3238 1148 3301 eto.
1175 3227 1265 3325 (ric).
1290 3229 1521 3302 interfuerunt
1544 3229 1701 3302 similiter
1727 3227 1920 3326 patriarcha

505 3355 734 3452 AquileJensis
750 3363 787 3426 et
798 3353 1020 3447 quamplures
1036 3353 1093 3425 alii
1111 3353 1172 3449 (b).

720 3565 765 3576 .-
1016 3563 1320 3572 ...σοι-..μ-

345 3767 393 3854 ωῧ
412 3767 441 3851 ⁰·
558 3715 790 3820 Friderieus,
815 3715 1075 3796 Romanorum
1101 3713 1325 3822 imperator,
1349 3737 1470 3820 papae
1493 3711 1646 3820 exponit
1670 3711 1917 3794 diffidentiam

427 3838 433 3850 ’
506 3872 617 3930 suam
644 3848 692 3928 de
723 3845 977 3954 legationibus
1011 3844 1082 3926 sibi
1115 3844 1242 3926 missis
1271 3868 1384 3952 snper
1416 3844 1568 3952 negotio
1591 3843 1860 3951 lombardiae,
1882 3853 1921 3925 et

506 3980 635 4063 scribit
670 3979 897 4089 magistrum
930 3978 1250 4061 Theutonieorum
1287 3977 1337 4058 ad
1372 3975 1509 4058 Sedem
1542 3976 1797 4085 Apostolieam
1826 4001 1850 4058 a
1879 4001 1920 4058 se

506 4113 686 4197 destinari
704 4123 747 4194 ut
763 4138 838 4219 pax
856 4112 888 4192 si
906 4111 987 4192 lieri
1005 4112 1126 4220 possit
1141 4121 1378 4220 procuretur.

588 4269 711 4347 (lnedlt.
737 4285 774 4328 ex
794 4267 858 4328 eod.
884 4267 970 4329 Mss.
998 4267 1137 4328 Bibliotb.
1162 4284 1255 4328 resur.
1280 4268 1388 4342 Parin,
1409 4263 1501 4344 suade
1528 4263 1916 4346 Salat-Germoin-Hnrlop,

625 4383 660 4434 n·
674 4383 743 4452 ⁴55,
762 4390 831 4452 pars
844 4375 884 4452 1·;
900 4373 1037 4433 lollorum
1057 4375 1172 4434 numeri
1185 4373 1300 4433 derunt.
1325 4371 1399 4432 Coll.
1420 4387 1489 4432 eum
1507 4373 1607 4433 eodlee
1628 4371 1763 4434 bibllotb.
1785 4376 1916 4435 univers.

624 4481 856 4560 Vratislmrusls,
867 4480 959 4542 Clusa.
975 4480 1025 4558 lV,
1041 4489 1074 4540 n⁰
1091 4476 1173 4558 102.)

548 4627 589 4709 (a)
611 4625 659 4690 Itu
672 4645 708 4690 ex
723 4625 1344 4702 eodletbusduellerbltano‚1lbedlgerano
1358 4631 1388 4685 et
1401 4624 1553 4686 Vaticano.

546 4733 588 4814 (b)
609 4734 736 4796 Additur
748 4751 787 4796 ex
799 4733 949 4795 nodletbns
961 4731 1180 4795 Guelferbitano
1192 4738 1222 4791 et
1235 4730 1391 4792 Valleano.
