4350 5922
475 539 516 602 68
981 543 1191 604 FlllllElllGl
1217 491 1391 604 suebant
1699 539 1779 623 [Arta.
1798 539 1885 604 1237.

475 675 593 748 illicite
606 676 866 769 contendentes,
879 679 968 750 sicut
986 689 1039 751 est
1053 678 1098 750 de
1111 681 1203 771 jure,
1218 697 1432 773 compescas,
1448 685 1488 746 ut
1505 673 1551 746 de
1565 685 1679 748 cetero
1690 676 1841 770 quietem
1855 687 1891 749 et

474 798 665 871 libertatem
679 798 878 873 monasterii
890 822 959 874 non
977 803 1177 896 perturbent
1190 811 1225 876 et
1240 800 1395 896 predicta
1410 798 1584 874 abbatissa
1598 819 1669 870 non
1685 808 1830 892 cogatur
1840 797 1887 872 ad

474 931 623 995 nostram
641 923 853 997 audientiam
866 927 1117 1020 querimoniam
1130 925 1323 1021 deportare.

521 1047 646 1119 Datum
663 1047 758 1143 apud
774 1048 1014 1144 Ratisponam,
1034 1051 1157 1122 xxvll
1172 1049 1291 1144 aprilis
1308 1047 1376 1140 (a),
1392 1045 1640 1120 Xindiotione.

700 1349 1071 1362 *Ἥ

436 1706 444 1731 ‚
524 1617 700 1702 Eoelinus
718 1617 767 1700 de
779 1617 974 1724 Romano,
994 1615 1124 1726 vigore
1141 1614 1312 1697 mandeti
1335 1611 1542 1722 imperialis
1560 1611 1670 1721 cujus
1692 1621 1800 1696 tenor
1816 1612 1883 1693 in-

332 1738 372 1772 ⁸¹
410 1760 417 1774 ‘
471 1750 624 1854 seritur,
643 1751 770 1834 Marco
798 1750 947 1833 notario
973 1749 1022 1830 dc
1039 1749 1229 1856 Pearaga,
1250 1746 1367 1829 actoni
1390 1744 1537 1828 tutricis
1560 1743 1728 1828 filiorum
1746 1769 1881 1854 quon-

470 1883 561 1965 dam
580 1881 731 1965 Tisonis
754 1883 803 1964 de
822 1882 966 1990 Campo
986 1881 1113 1964 Sancti
1133 1879 1254 1986 Petri,
1283 1879 1445 1962 mandat
1470 1890 1667 1962 uteorum
1689 1903 1730 1960 se
1755 1876 1882 1960 veniat

469 2014 520 2096 ad
537 2013 819 2096 terminandam
837 2012 1098 2123 quaestionem
1119 2021 1326 2096 vertentem
1345 2011 1443 2095 inter
1460 2011 1641 2095 iacobum
1655 2010 1879 2094 Paduanum

468 2145 689 2254 episcopum
706 2155 745 2228 et
761 2143 927 2255 pupillos
945 2145 1099 2230 eosdem
1122 2171 1237 2254 super
1259 2145 1365 2228 cunia
1384 2144 1511 2228 Sancti
1530 2144 1704 2228 Andreae
1720 2155 1759 2226 et
1779 2167 1878 2252 pos-

467 2277 699 2370 sessionibus
718 2277 815 2360 aliis.
1688 2263 1691 2270 Α

544 2492 640 2572 (nuta.
657 2492 766 2572 Vanae,
780 2491 881 2554 Stortis
893 2489 971 2574 dccli
983 2488 1107 2570 Reatini,
1122 2498 1147 2554 t.
1162 2493 1219 2571 ΙΙΙ,
1233 2510 1265 2571 p.
1281 2501 1353 2573 26⁴,
1367 2501 1402 2553 n⁰
1412 2491 1529 2570 CXLV,
1544 2492 1561 2552 b
1574 2489 1668 2552 tabnl.
1684 2493 1756 2569 maj.
1772 2489 1876 2552 eccles.

584 2599 705 2676 Palam,
720 2599 787 2660 coll.
805 2615 874 2660 cum
886 2599 944 2660 allo
957 2595 1265 2677 instrumento'(ibid.,
1280 2608 1314 2659 n⁰
1327 2596 1474 2675 exult),
1494 2605 1601 2676 quanto
1613 2597 1662 2658 dle
1680 2596 1877 2674 menslsjunll

583 2707 705 2782 scrlpto‚
720 2722 781 2783 quo
794 2705 908 2766 Dauins
919 2705 1088 2782 capellanus
1100 2707 1229 2784 episcopt
1242 2705 1378 2767 Pudnuul
1399 2705 1512 2766 litteras
1529 2703 1695 2781 lrnpcrlales
1707 2702 1827 2763 Eoellno
1839 2701 1876 2762 dc

584 2813 719 2874 Romano
733 2815 963 2889 repraesentasse
976 2817 1006 2872 et
1021 2811 1135 2873 dedisse
1149 2810 1282 2891 dloltur.)

512 2997 551 3068 ln
568 2997 707 3070 nomine
717 2998 854 3070 Domini
872 2997 933 3070 Dei
949 2998 1055 3070 nostri
1071 2997 1151 3072 Iesu
1164 2997 1300 3090 Christi,
1315 3020 1406 3070 anuo
1422 2996 1577 3090 ejusdem
1596 2995 1785 3092 natiuitatis
1798 2996 1874 3068 mil·

463 3119 582 3194 lesimo
601 3119 837 3194 ducentesimo
852 3122 1028 3216 trigesimo
1042 3123 1206 3218 septimo,
1223 3122 1412 3195 indictione
1433 3121 1587 3204 decima,
1604 3120 1663 3194 die
1682 3118 1874 3215 quartade-

461 3243 551 3317 cima
580 3253 731 3317 exeunte
765 3267 883 3317 mense
908 3245 1005 3338 julii,
1035 3245 1172 3336 Padus,
1204 3246 1241 3318 in
1275 3245 1452 3319 communi
1482 3243 1626 3340 palatio,
1657 3243 1873 3337 presentibus

460 3365 639 3440 Leonardo
655 3365 839 3457 Cuticella,
859 3367 959 3440 Petro
975 3367 1020 3440 de
1035 3367 1179 3441 Caxotto
1201 3369 1365 3460 notariis,
1388 3368 1490 3440 Corte
1512 3367 1556 3440 de
1574 3368 1699 3440 Bezeze
1723 3375 1757 3439 et
1774 3365 1868 3456 aliis,

460 3489 612 3562 Romeus
641 3491 795 3564 serviens
825 3489 957 3562 domini
984 3491 1135 3588 episcopi
1160 3491 1317 3564 Paduani
1346 3493 1459 3564 Marco
1484 3489 1617 3564 notario
1646 3490 1692 3563 de
1718 3490 1870 3584 Pedraga

459 3611 565 3706 hujus
581 3614 707 3687 tenoris
725 3615 855 3686 litteras
871 3613 985 3708 sigillo
1003 3613 1135 3687 domini
1154 3615 1288 3688 Eoelini
1312 3615 1357 3688 de
1373 3615 1527 3687 Romano
1546 3614 1696 3688 munitas
1715 3635 1763 3687 ex
1776 3624 1870 3710 parte

458 3737 570 3834 ipsius
587 3736 717 3810 domini
728 3737 857 3810 Ecelini
874 3739 1083 3833 presentavit
1100 3765 1109 3810 :

507 3861 668 3934 licelinus
682 3861 727 3936 da
741 3863 909 3952 Romano,
929 3864 1109 3958 delegatus
1122 3863 1254 3938 domini
1273 3863 1489 3959 imperatoris
1507 3863 1542 3935 iu
1554 3862 1621 3936 bac
1632 3871 1740 3958 parte,
1753 3863 1868 3936 Marco

458 3986 590 4059 notario
604 3984 649 4059 de
661 3985 836 4080 Pedraga,
859 3988 964 4060 actori
982 3987 1122 4062 domine
1137 3989 1356 4062 Gaudiouese
1373 3988 1505 4060 tutricis
1520 3986 1663 4061 Gerardi
1682 3997 1716 4060 et
1728 3989 1868 4062 Tisolini
1893 3975 1895 3980 ’

457 4106 605 4181 filiorum
622 4109 799 4203 quondam
814 4109 948 4183 domini
966 4112 1098 4186 Tisonis
1109 4112 1154 4186 de
1167 4113 1295 4208 Campo
1308 4113 1423 4185 Sancti
1436 4113 1539 4204 Petri,
1554 4114 1711 4186 salutem.
1725 4111 1869 4186 Noveris

455 4252 519 4304 nos
537 4251 559 4303 a
580 4229 722 4305 domino
739 4233 943 4326 imperatore
965 4244 1080 4308 nostro
1102 4237 1188 4308 tales
1200 4237 1330 4308 litteras
1348 4235 1541 4332 recepisse:
1557 4275 1607 4290 -
1624 4235 1662 4308 F.
1678 4234 1741 4308 Dei
1758 4235 1869 4328 gratia

453 4355 684 4430 Romanorum
703 4355 887 4454 imperator
904 4379 1039 4453 semper
1051 4369 1234 4453 augustus,
1248 4359 1436 4433 Jerusalem
1448 4371 1482 4434 et
1497 4360 1611 4434 Sicilie
1627 4381 1706 4448 rex,
1727 4359 1866 4432 Ecelino

453 4477 498 4554 de
513 4479 803 4554 Romanodilecto
822 4478 916 4554 fideli
929 4503 995 4554 suo
1009 4483 1154 4578 gratiam
1169 4492 1317 4557 suamet
1330 4483 1457 4558 bonam
1476 4486 1699 4558 voluntatem.
1720 4483 1864 4558 Causam

495 4655 538 4736 (a)
559 4659 596 4720 lu
609 4659 710 4720 codlee
723 4659 781 4720 XX
783 4659 839 4721 VII
849 4657 988 4722 debedat
999 4657 1115 4741 aprilis,
1129 4663 1217 4724 male.
