4350 5922
499 589 540 650 30
996 595 1210 656 FlllllElllCl
1236 597 1410 657 strettun!
1724 596 1802 677 [llus.
1820 599 1905 662 laet.

499 726 741 821 prophetarum
756 731 894 800 oracula
911 729 1151 824 predixerunt,
1165 732 1321 805 auferens
1337 741 1510 828 sceptrum
1524 730 1569 806 de
1586 732 1675 804 luda
1691 744 1727 805 et
1738 733 1851 828 ligans
1862 735 1906 806 ad

499 849 635 922 vineam
655 851 786 946 pullum
805 875 928 944 sunm,
950 853 1017 926 boc
1032 865 1085 926 est
1105 855 1151 928 ad
1166 879 1258 930 nove
1275 857 1494 952 plantationis
1511 855 1697 928 Ecclesiam
1715 857 1906 930 Romanum

498 973 679 1067 imperium
700 975 860 1068 alligans,
878 977 914 1047 in
935 977 1045 1071 ipsius
1067 979 1178 1074 clipeo
1198 981 1338 1052 tutelam
1357 987 1471 1052 nostre
1486 977 1569 1051 fidei
1583 979 1728 1073 positam
1745 981 1906 1052 manifes-

498 1097 627 1169 tissime
648 1099 847 1192 presagivit.
869 1100 991 1172 Probat
1007 1101 1074 1173 boc
1094 1103 1220 1174 clarius
1243 1103 1460 1197 sequentium
1486 1124 1601 1174 rerum
1623 1111 1769 1175 eventus
1796 1105 1908 1176 inter-

498 1243 577 1317 pres
601 1222 786 1314 cujuslibet
806 1233 840 1295 et
863 1224 1018 1318 probatio
1034 1235 1126 1298 certa
1147 1227 1313 1323 presagii,
1337 1225 1422 1300 dum
1440 1225 1569 1299 nedum
1593 1227 1737 1321 imperio
1761 1228 1909 1322 patiente

498 1346 736 1439 naufragium,
756 1345 820 1418 sed
847 1356 989 1420 nutante
1016 1349 1235 1423 solummodo
1264 1349 1436 1444 spumosis
1460 1347 1658 1421 incursibus
1683 1349 1908 1444 procellarum

497 1469 693 1559 interdum,
714 1470 874 1542 heresum
898 1473 1053 1562 gramina
1069 1495 1139 1567 que
1159 1473 1343 1546 materialis
1366 1473 1501 1569 imperii
1520 1493 1615 1546 serra
1633 1493 1703 1544 nou
1725 1483 1855 1546 resecat
1873 1474 1909 1544 in

499 1591 753 1666 demolitionem
761 1594 863 1666 vinee
873 1593 1003 1666 domini
1011 1596 1158 1668 Sabaoth
1166 1596 1357 1691 perniciose
1366 1595 1910 1669 succrescuntbeinexcusabilis

499 1716 614 1809 itaque
630 1718 839 1811 negligentie
863 1717 947 1789 vitio
964 1720 1143 1791 manifeste
1158 1720 1375 1792 convincitur
1398 1719 1460 1814 qui
1477 1727 1547 1791 tam
1571 1717 1687 1790 nobile
1705 1716 1787 1790 fidei
1809 1720 1914 1791 inlci-,

500 1853 653 1914 mentum
671 1842 826 1936 qualibet
850 1843 998 1914 bominis
1021 1843 1219 1939 provisione
1237 1865 1307 1916 uon
1326 1843 1493 1937 adjuvat,
1511 1843 1575 1916 sed
1599 1843 1763 1937 conquuti
1781 1844 1910 1938 patitur

499 1967 598 2061 quasi
613 1964 718 2038 fidem
734 1989 803 2038 uon
822 1967 941 2061 diligat
962 1967 1022 2060 qui
1044 1965 1126 2040 fidei
1148 1968 1292 2062 negligit
1313 1943 1541 2040 armaturam(
1553 1968 1624 2039 Nec
1638 1975 1751 2040 tamen
1775 1967 1844 2039 boc
1862 1967 1909 2038 ad

499 2111 798 2184 quorumcumque
818 2089 972 2162 fidelium
995 2091 1132 2186 culpam
1150 2102 1212 2164 aut
1235 2101 1351 2162 nolam
1373 2092 1466 2183 juste
1481 2090 1677 2178 reducitur,
1697 2089 1759 2164 sed
1777 2091 1911 2164 illorum

500 2215 677 2310 potissime
698 2215 939 2308 negligentiam
964 2214 1194 2310 condempnat
1216 2215 1258 2288 ad
1282 2237 1371 2310 quos
1394 2214 1510 2288 divina
1536 2215 1704 2288 sententia
1728 2237 1791 2288 seu
1816 2237 1911 2286 more

501 2341 667 2431 majorum
677 2339 735 2430 jus
745 2348 780 2410 et
793 2339 977 2410 auctoritas
995 2339 1200 2434 provisionis
1211 2339 1409 2431 hujusmodi
1427 2339 1597 2434 pertinere
1613 2349 1813 2411 noscuntur.
1825 2341 1911 2411 Nam

500 2483 697 2554 quanquam
714 2461 750 2531 in
762 2461 862 2533 Urbis
877 2461 982 2534 initiis
997 2471 1074 2556 post
1084 2463 1306 2534 memorabile
1317 2465 1551 2558 Tmyanorum
1562 2463 1706 2534 exilium
1720 2470 1755 2534 et
1764 2461 1911 2534 deletam

501 2594 570 2656 tam
581 2585 730 2657 inclitam
744 2585 932 2676 civitatem,
947 2587 1041 2680 apud
1056 2587 1150 2658 illins
1161 2609 1251 2660 nove
1265 2587 1539 2682 congregationis
1550 2597 1663 2681 patres
1677 2587 1803 2658 summi
1814 2587 1911 2677 regni

501 2717 692 2803 potestasct
704 2709 890 2805 imperialis
902 2711 1082 2783 creationis
1096 2711 1299 2805 suffragium
1310 2710 1512 2800 residerent,
1527 2707 1562 2782 iu
1579 2709 1785 2782 successivis
1796 2720 1912 2782 tamen

502 2841 536 2905 et
554 2835 727 2906 continuis
748 2835 969 2908 incrementis
983 2835 1117 2930 imperii
1132 2836 1350 2930 postmodum
1368 2837 1559 2908 calescente
1575 2835 1715 2926 virtute,
1734 2843 1826 2908 tante
1844 2838 1913 2907 lor·

502 2969 585 3030 tune
603 2959 777 3050 fastigium
792 2958 888 3055 apud
902 2959 1040 3032 unicam
1058 2959 1232 3031 civitatem
1251 2961 1331 3032 licet
1342 2981 1405 3056 pre
1422 2959 1545 3032 ceteris
1562 2959 1692 3050 regiam
1712 2980 1783 3032 non
1801 2961 1914 3055 potuit

503 3081 1912 3178 contineri.Sedpostquametiamremotissimosterminnsquadamgirovagapere·

501 3206 697 3296 grinatioue
709 3207 884 3296 lustravit,
897 3206 1035 3278 tandem
1049 3207 1144 3301 apud
1156 3207 1336 3280 Germanic
1348 3207 1522 3302 principes
1534 3227 1604 3278 uon
1614 3206 1730 3278 minus
1743 3207 1911 3302 probabili

501 3352 606 3424 quam
629 3330 823 3402 necessaria
844 3331 978 3402 ratione
995 3331 1182 3424 permansit
1200 3341 1239 3403 ut
1261 3331 1306 3402 ab
1326 3331 1393 3402 illis
1416 3331 1514 3423 origo
1531 3330 1685 3425 prodiret
1703 3331 1836 3425 imperii
1853 3354 1914 3426 per

501 3477 591 3548 quos
614 3454 727 3527 eidem
752 3454 880 3526 utilitas
897 3462 931 3525 et
947 3454 1102 3526 defensio
1123 3463 1336 3550 procuratur.
1356 3453 1441 3526 Cum
1457 3455 1562 3549 igitur
1576 3476 1640 3526 nos
1658 3455 1822 3528 Silridum
1841 3457 1913 3528 Ma·

501 3577 697 3671 guutinum,
710 3577 956 3650 Theodericum
972 3579 1228 3667 Trevercnsem,
1240 3577 1452 3650 Eberardum
1465 3577 1767 3671 salzeburgensem
1785 3577 1914 3650 archie-

503 3702 683 3796 piscopos,
703 3701 933 3773 Elkebertum
952 3701 1292 3793 babenbergensem,
1315 3701 1479 3772 Silridum
1497 3702 1778 3797 Ratisponensem
1804 3702 1914 3795 impe-

502 3825 595 3898 rialis
611 3826 690 3898 aule
703 3826 959 3917 cancellarium,
976 3825 1228 3920 Frisingeusem
1246 3835 1279 3898 et
1293 3826 1530 3898 Patavienscm
1547 3827 1739 3921 episcopm,
1756 3828 1914 3898 Ottnnem

503 3949 690 4043 palatinum
716 3950 873 4022 comitem
897 3950 982 4021 Reni
1004 3949 1127 4021 ducem
1147 3950 1333 4037 Baiwerie,
1355 3951 1596 4022 Weucezlaum
1613 3971 1730 4043 regern
1754 3951 1911 4040 boemie,

502 4073 688 4144 Heuricum
702 4073 944 4166 laudgravium
959 4073 1146 4165 Thuringie
1159 4082 1193 4146 et
1206 4075 1245 4144 Β.
1262 4073 1386 4146 ducem
1404 4072 1764 4169 Karintbieprincipes
1778 4071 1843 4170 (a),
1854 4073 1914 4167 qui

544 4243 584 4324 (a)
604 4245 731 4306 Nomina
743 4245 880 4306 addimus
893 4261 930 4307 ex
950 4246 1101 4308 cndlclbus
1116 4246 1268 4310 Guelferb.
1284 4253 1313 4307 et
1325 4215 1547 4326 Rbcdlgerano,
1562 4247 1614 4308 sed
1634 4247 1747 4306 mandis
1765 4249 1912 4308 correctis.

1863 4395 1912 4410 -d

503 4501 680 4560 sentientibus
689 4502 803 4560 caeteris
811 4501 976 4577 principibus
983 4503 1029 4576 qui
1038 4502 1162 4576 aderaut,
1173 4509 1262 4560 tamen
1270 4503 1410 4577 paucis,'‚et
1420 4502 1513 4561 relicto
1524 4503 1561 4560 ibi
1572 4501 1705 4576 praesidio
1713 4501 1827 4560 militam
1837 4499 1916 4558 rediit

503 4597 537 4656 ad
550 4604 641 4672 partes
653 4598 746 4658 Rheni.
761 4599 863 4656 Deinde
881 4599 985 4657 remisit
996 4599 1179 4660 Eberhardum
1195 4600 1229 4659 de
1247 4600 1387 4659 Eberstein
1402 4615 1465 4658 cum
1481 4599 1603 4658 ducentis
1621 4598 1750 4656 militibus
1767 4599 1802 4656 ad
1823 4604 1916 4656 custo·

501 4695 625 4754 dieudam
636 4697 770 4755 civitatem
784 4697 909 4756 Wieuae.
922 4715 936 4750 s
