4228 5892
219 565 320 637 horor.
337 563 403 644 12]
672 563 871 626 HISTORIA
896 554 1189 626 nlrlollallce
1573 559 1632 622 eal

218 695 395 780 eamdem
411 695 638 804 dignitatem
655 696 828 780 concedit
849 705 887 780 et
903 703 1087 806 perpetuo
1109 687 1328 795 confirmat,
1347 712 1437 772 cum
1455 669 1635 776 omnibns

216 826 372 938 juribus
389 825 531 912 ibidem
549 828 736 936 expressis
749 854 849 939 quae
867 829 917 912 ad
940 824 1184 912 consulatum
1201 820 1404 932 pertinent.

301 1069 424 1152 (Inedlt.
439 1088 478 1132 ex
493 1071 573 1134 arob
589 1071 734 1134 Praeleol.
753 1073 879 1142 blassll„
903 1071 980 1134 Geor
998 1068 1047 1132 aa
1065 1073 1189 1148 compca
1201 1064 1237 1127 dc
1249 1064 1406 1140 haeae,
1421 1064 1506 1126 Arm.
1524 1066 1563 1141 A,
1584 1083 1634 1128 re-

339 1179 423 1255 glstr.
439 1186 477 1238 ²0
491 1174 646 1250 Polliceor..
661 1177 713 1240 lol.
732 1177 864 1256 lsl,ubl
878 1178 1047 1238 inseruntur
1060 1177 1258 1236 iustrumenta
1271 1172 1399 1233 ababuc
1415 1179 1491 1232 1485
1507 1172 1544 1232 ad
1559 1189 1631 1234 ann.

341 1289 418 1342 1496
432 1285 620 1360 transcrlpta.
636 1284 721 1344 Tunc
738 1284 879 1359 temporis
893 1283 1042 1360 originale,
1057 1295 1138 1340 nnnc
1148 1278 1344 1355 depordltum,
1359 1279 1389 1337 ln
1402 1276 1493 1337 Turri
1506 1274 1634 1338 thesauri

339 1385 556 1460 asservabatur,
571 1389 648 1447 sicut
665 1404 720 1447 uos
740 1390 772 1447 in
786 1389 921 1466 marglne
943 1386 1053 1447 codlcls
1067 1393 1139 1446 nota
1161 1389 1281 1444 exarata
1294 1384 1387 1446 docet
1406 1383 1562 1444 Memorat.
1580 1400 1629 1460 ap.

337 1491 549 1570 musanus,
571 1493 698 1554 Histoire
717 1489 823 1572 d’dpt,
837 1509 869 1570 p.
890 1501 962 1568 237,
976 1491 1061 1554 MSS.
1077 1492 1109 1550 ln
1124 1487 1263 1551 Blblioth.
1284 1486 1453 1565 carpentar.
1473 1489 1519 1550 Cl.
1536 1489 1631 1568 Bosa,

340 1595 418 1658 llor.
435 1595 541 1677 d'Apt,
554 1614 585 1676 p.
603 1607 659 1660 aas
674 1605 705 1660 er
721 1603 802 1670 aar.)

225 1871 230 1876 .
265 1810 479 1904 Fridericus,
497 1813 562 1885 Dei
580 1813 689 1907 gratia
703 1815 934 1886 Romanorum
948 1812 1131 1907 imperator
1143 1831 1278 1906 semper
1298 1819 1484 1902 augustus,
1506 1811 1631 1886 iheru-

216 1935 325 2008 salem
345 1945 380 2010 et
404 1936 519 2009 Sicilie
542 1958 619 2009 rex.
647 1936 837 2032 Imperialis
858 1936 1063 2009 excellentie
1086 1934 1240 2029 dignitas
1264 1933 1379 2008 laudis
1404 1933 1521 2007 titulos
1548 1944 1631 2008 tunc

216 2060 381 2153 acquirit,
401 2069 485 2132 tuuc
500 2061 652 2155 potentia
677 2082 741 2132 sua
759 2061 865 2132 robur
882 2059 1030 2150 obtinet,
1048 2069 1084 2132 et
1100 2059 1199 2132 vires
1212 2059 1289 2150 ejus
1312 2057 1504 2152 suscipiunt
1519 2060 1630 2132 incre-

216 2191 395 2274 mentum,
415 2205 496 2256 curn
512 2181 666 2256 fidelium
681 2205 823 2257 suorum
836 2184 958 2256 merita
977 2182 1159 2276 diligenter
1171 2181 1327 2272 attendit,
1345 2192 1379 2254 et
1392 2203 1511 2256 eorum
1531 2184 1631 2258 obse-

217 2306 301 2400 quia
327 2306 445 2398 dignis
471 2309 709 2402 largitionibus
737 2317 772 2382 et
803 2307 1005 2380 muneribus
1029 2314 1277 2402 recompensat.
1303 2307 1376 2378 Hae
1399 2304 1507 2398 igitur
1534 2307 1630 2382 ducti

217 2429 489 2504 consideratione
504 2431 684 2519 laudabili,
703 2441 737 2504 et
754 2431 970 2506 attendentes
981 2429 1174 2505 devotionis
1185 2437 1219 2502 et
1231 2427 1313 2502 fidei
1328 2429 1510 2524 puritatem
1524 2454 1630 2526 quam

218 2553 427 2628 universitas
444 2555 593 2630 civitatis
617 2554 795 2651 Aptensis,
819 2555 940 2630 fideles
967 2553 1093 2642 uestri,
1119 2574 1202 2646 erga
1219 2551 1455 2626 celsitudinem
1479 2564 1629 2628 nostram

218 2685 345 2771 gerunt
357 2677 576 2752 laudabiliter
588 2688 623 2753 et
633 2687 776 2769 attente,
791 2679 1048 2753 considerantes
1059 2677 1163 2750 etiam
1176 2685 1273 2768 grata
1286 2678 1370 2749 satis
1383 2677 1549 2772 obsequia
1562 2700 1632 2774 que

217 2799 317 2872 nobis
334 2800 570 2876 exhibuerunt
586 2802 780 2877 bactbeuus
802 2811 838 2876 et
851 2803 887 2874 in
908 2802 1033 2874 enthea
1047 2809 1208 2897 poterunt
1225 2800 1406 2892 exhibere,
1425 2800 1470 2873 de
1487 2802 1631 2876 munili-

218 2924 329 2996 centie
347 2935 463 2998 nostre
481 2928 591 3020 gratia
615 2949 685 3021 qua
702 2927 931 3000 benemeritos
953 2935 990 2998 et
1010 2923 1131 2999 fideles
1155 2933 1289 2997 nostros
1306 2925 1552 2998 consuevimus
1571 2927 1631 3000 in-

218 3048 326 3139 tueri,
353 3070 474 3122 eorum
498 3051 807 3146 supplicationibus
830 3051 1017 3146 benignius
1038 3049 1209 3140 inclinati,
1238 3071 1318 3122 cum
1339 3049 1486 3122 confessi
1504 3051 1632 3124 luerint

216 3171 398 3246 manifeste
422 3181 457 3247 et
483 3183 601 3269 aperte
630 3173 911 3270 recognoscendo
938 3173 1108 3246 veraciter
1130 3171 1284 3246 dixerint
1311 3171 1407 3268 quod
1433 3174 1631 3246 consulatus

217 3291 419 3397 dignitatem
433 3297 632 3372 immediate
645 3321 666 3372 a
680 3300 754 3373 solo
769 3299 916 3394 imperio
929 3308 964 3372 et
980 3320 1000 3374 a
1017 3297 1117 3372 uobis
1129 3297 1292 3390 babeant,
1313 3306 1348 3370 et
1360 3295 1405 3370 ab
1418 3317 1460 3372 eo
1477 3305 1632 3394 tempore

216 3419 316 3511 cujus
328 3440 399 3492 non
413 3430 510 3494 extat
525 3423 689 3496 memoria
711 3423 879 3518 dignitate
898 3423 974 3519 ipsa
988 3423 1081 3514 juste
1093 3422 1148 3494 usi
1163 3421 1292 3495 luerint
1309 3431 1344 3493 et
1361 3421 1497 3516 quiete,
1515 3421 1632 3516 digni-

216 3550 320 3614 talem
344 3543 503 3616 eamdem
524 3545 741 3618 universitati
765 3544 920 3642 predicte
945 3543 1202 3618 concedendam
1220 3541 1389 3616 duximus
1410 3552 1444 3616 et
1466 3555 1632 3640 perpetuo

216 3663 505 3759 confirmandam
526 3670 683 3742 volentes
700 3678 735 3742 et
760 3667 992 3743 concedentes
1010 3667 1141 3741 eisdem
1164 3677 1203 3739 ut
1225 3687 1361 3762 semper
1384 3667 1542 3740 consules
1563 3667 1634 3740 ha·-

216 3785 336 3879 beaut,
356 3795 391 3860 et
403 3790 504 3883 plene
522 3813 564 3864 ac
580 3792 687 3866 libere
708 3799 851 3866 utantur
871 3792 985 3865 officio
1006 3791 1221 3882 consulatus,
1243 3801 1313 3862 tarn
1333 3791 1368 3862 iu
1396 3792 1470 3886 ipsa
1496 3790 1635 3865 civitate

218 3906 360 4003 Aptansi
379 3933 484 4005 quarn
501 3913 537 3984 in
552 3923 623 3988 toto
635 3914 805 3988 territorio
821 3913 993 4007 ejusdem,
1009 3935 1088 3987 cum
1102 3913 1346 4008 omnibusque
1362 3913 1409 3987 ad
1419 3915 1635 3988 consulatum

216 4032 637 4131 pertinentsuprndictum
652 4048 687 4112 et
710 4039 762 4112 eis
777 4040 871 4132 Juste
887 4038 939 4110 uti
957 4048 1234 4130 consueverunt,
1257 4047 1413 4134 ternpore
1426 4048 1632 4131 memorato,

216 4155 377 4230 videlicet
405 4158 531 4233 bannis
557 4162 760 4252 vinearum,
791 4175 985 4260 pratorum,
1017 4174 1169 4237 ortorum
1197 4173 1232 4236 at
1258 4151 1440 4254 arborum,
1473 4163 1636 4236 frumenti

221 4279 323 4352 eliam
341 4281 448 4354 totius
463 4283 610 4358 civitatis
628 4297 663 4360 et
684 4287 844 4361 territorii
863 4287 1038 4380 ejusdem,
1056 4284 1161 4360 talliis
1178 4287 1275 4359 lactis
1292 4286 1473 4360 occasione
1492 4289 1638 4383 prelata·

221 4423 297 4474 rum
316 4425 453 4498 rerum,
477 4407 595 4502 banno
617 4410 824 4485 extrahendi
852 4413 1063 4484 trumentum
1083 4423 1118 4484 et
1141 4411 1262 4484 viuum
1284 4411 1435 4486 civitatis
1456 4411 1634 4504 ejusdem,

217 4547 377 4602 mensura
404 4531 566 4605 frumenti
592 4543 625 4608 el
646 4536 819 4632 pondere;
846 4545 1010 4610 consueto
1028 4536 1130 4608 etiam
1153 4538 1234 4630 jure
1258 4533 1460 4631 imponendi
1482 4534 1638 4607 collectas

216 4655 285 4722 tarn
305 4650 528 4728 denariorum
554 4679 658 4752 quam
685 4659 847 4733 frumeuti
873 4679 939 4753 pro
963 4660 1139 4742 communi
1165 4659 1311 4731 utilitate
1332 4658 1483 4731 civitatis
1509 4657 1636 4753 ipsius,
