<?xml version="1.0" encoding="UTF-8"?>
<!DOCTYPE html PUBLIC "-//W3C//DTD XHTML 1.0 Transitional//EN"
    "http://www.w3.org/TR/xhtml1/DTD/xhtml1-transitional.dtd">
<html xmlns="http://www.w3.org/1999/xhtml" xml:lang="en" lang="en">
 <head>
  <title>
</title>
<meta http-equiv="Content-Type" content="text/html;charset=utf-8" />
  <meta name='ocr-system' content='tesseract 3.04.00' />
  <meta name='ocr-capabilities' content='ocr_page ocr_carea ocr_par ocr_line ocrx_word'/>
</head>
<body>
  <div class='ocr_page' id='page_1' title='image "./historiadiploma02fredgoog_0591.png"; bbox 0 0 4246 5906; ppageno 0'>
   <div class='ocr_carea' id='block_1_1' title="bbox 566 595 1971 680">
    <p class='ocr_par' dir='ltr' id='par_1_1' title="bbox 566 595 1971 680">
     <span class='ocr_line' id='line_1_1' title="bbox 566 595 1971 680; baseline -0.001 -20"><span class='ocrx_word' id='word_1_1' title='bbox 566 597 626 662; x_wconf 77' lang='lat' dir='ltr'><strong>ste</strong></span> <span class='ocrx_word' id='word_1_2' title='bbox 1061 597 1275 660; x_wconf 72' lang='lat' dir='ltr'><strong>tutunulct</strong></span> <span class='ocrx_word' id='word_1_3' title='bbox 1299 595 1472 658; x_wconf 82' lang='lat' dir='ltr'><strong>sttcttttul</strong></span> <span class='ocrx_word' id='word_1_4' title='bbox 1783 595 1862 680; x_wconf 74' lang='lat' dir='ltr'><strong>[dn.</strong></span> <span class='ocrx_word' id='word_1_5' title='bbox 1880 597 1971 660; x_wconf 77' lang='grc'><strong>1939.</strong></span> 
     </span>
    </p>
   </div>
   <div class='ocr_carea' id='block_1_2' title="bbox 565 731 1976 4754">
    <p class='ocr_par' dir='ltr' id='par_1_2' title="bbox 565 731 1976 4754">
     <span class='ocr_line' id='line_1_2' title="bbox 566 731 1970 826; baseline 0 -22"><span class='ocrx_word' id='word_1_6' title='bbox 566 740 602 804; x_wconf 91' lang='lat' dir='ltr'><strong>ot</strong></span> <span class='ocrx_word' id='word_1_7' title='bbox 617 731 755 804; x_wconf 89' lang='lat' dir='ltr'><strong>nuntios</strong></span> <span class='ocrx_word' id='word_1_8' title='bbox 775 753 856 804; x_wconf 89' lang='lat' dir='ltr'><strong>suos</strong></span> <span class='ocrx_word' id='word_1_9' title='bbox 871 731 1062 826; x_wconf 91' lang='lat' dir='ltr'><strong>predictum</strong></span> <span class='ocrx_word' id='word_1_10' title='bbox 1078 731 1268 806; x_wconf 84' lang='lat' dir='ltr'><strong>ammiratio</strong></span> <span class='ocrx_word' id='word_1_11' title='bbox 1282 731 1434 804; x_wconf 88' lang='lat' dir='ltr'><strong>officium</strong></span> <span class='ocrx_word' id='word_1_12' title='bbox 1449 731 1484 804; x_wconf 94' lang='lat' dir='ltr'><strong>in</strong></span> <span class='ocrx_word' id='word_1_13' title='bbox 1502 731 1656 825; x_wconf 84' lang='lat' dir='ltr'><strong>predicto</strong></span> <span class='ocrx_word' id='word_1_14' title='bbox 1671 751 1780 826; x_wconf 76' lang='lat' dir='ltr'><strong>regno</strong></span> <span class='ocrx_word' id='word_1_15' title='bbox 1795 741 1865 806; x_wconf 89' lang='lat' dir='ltr'><strong>toto</strong></span> <span class='ocrx_word' id='word_1_16' title='bbox 1881 741 1970 804; x_wconf 90' lang='lat' dir='ltr'><strong>tem-</strong></span> 
     </span>
     <span class='ocr_line' id='line_1_3' title="bbox 565 851 1973 950; baseline 0.001 -26"><span class='ocrx_word' id='word_1_17' title='bbox 565 875 650 950; x_wconf 92' lang='lat' dir='ltr'><strong>pore</strong></span> <span class='ocrx_word' id='word_1_18' title='bbox 662 854 734 925; x_wconf 87' lang='lat' dir='ltr'><strong>rite</strong></span> <span class='ocrx_word' id='word_1_19' title='bbox 750 875 830 946; x_wconf 90' lang='lat' dir='ltr'><strong>sue,</strong></span> <span class='ocrx_word' id='word_1_20' title='bbox 853 853 900 926; x_wconf 88' lang='lat' dir='ltr'><strong>ad</strong></span> <span class='ocrx_word' id='word_1_21' title='bbox 916 853 1081 928; x_wconf 83' lang='lat' dir='ltr'><strong>honorem</strong></span> <span class='ocrx_word' id='word_1_22' title='bbox 1100 863 1136 926; x_wconf 91' lang='lat' dir='ltr'><strong>et</strong></span> <span class='ocrx_word' id='word_1_23' title='bbox 1152 852 1348 926; x_wconf 82' lang='lat' dir='ltr'><strong>fidelitatem</strong></span> <span class='ocrx_word' id='word_1_24' title='bbox 1366 851 1474 926; x_wconf 79' lang='lat' dir='ltr'><strong>nostri</strong></span> <span class='ocrx_word' id='word_1_25' title='bbox 1493 853 1653 924; x_wconf 87' lang='lat' dir='ltr'><strong>culminis</strong></span> <span class='ocrx_word' id='word_1_26' title='bbox 1670 861 1856 948; x_wconf 82' lang='lat' dir='ltr'><strong>nostreque</strong></span> <span class='ocrx_word' id='word_1_27' title='bbox 1875 855 1973 926; x_wconf 91' lang='lat' dir='ltr'><strong>curie</strong></span> 
     </span>
     <span class='ocr_line' id='line_1_4' title="bbox 567 975 1968 1070; baseline -0.003 -20"><span class='ocrx_word' id='word_1_28' title='bbox 567 975 785 1050; x_wconf 89' lang='lat' dir='ltr'><strong>commodum</strong></span> <span class='ocrx_word' id='word_1_29' title='bbox 800 986 835 1048; x_wconf 94' lang='lat' dir='ltr'><strong>et</strong></span> <span class='ocrx_word' id='word_1_30' title='bbox 848 977 1050 1070; x_wconf 87' lang='lat' dir='ltr'><strong>proiectum,</strong></span> <span class='ocrx_word' id='word_1_31' title='bbox 1066 975 1212 1050; x_wconf 89' lang='lat' dir='ltr'><strong>lideliter</strong></span> <span class='ocrx_word' id='word_1_32' title='bbox 1227 985 1262 1048; x_wconf 92' lang='lat' dir='ltr'><strong>et</strong></span> <span class='ocrx_word' id='word_1_33' title='bbox 1275 975 1456 1068; x_wconf 75' lang='lat' dir='ltr'>diligenter</span> <span class='ocrx_word' id='word_1_34' title='bbox 1467 983 1628 1048; x_wconf 85' lang='lat' dir='ltr'><strong>exerceat</strong></span> <span class='ocrx_word' id='word_1_35' title='bbox 1642 976 1791 1050; x_wconf 61' lang='lat' dir='ltr'><strong>alonim</strong></span> <span class='ocrx_word' id='word_1_36' title='bbox 1802 978 1968 1048; x_wconf 82' lang='lat' dir='ltr'><strong>exerceri.</strong></span> 
     </span>
     <span class='ocr_line' id='line_1_5' title="bbox 567 1097 1971 1193; baseline -0.001 -23"><span class='ocrx_word' id='word_1_37' title='bbox 567 1099 662 1170; x_wconf 82' lang='lat' dir='ltr'><strong>litut</strong></span> <span class='ocrx_word' id='word_1_38' title='bbox 679 1099 770 1170; x_wconf 89' lang='lat' dir='ltr'><strong>circa</strong></span> <span class='ocrx_word' id='word_1_39' title='bbox 785 1097 982 1190; x_wconf 77' lang='lat' dir='ltr'><strong>diligentem</strong></span> <span class='ocrx_word' id='word_1_40' title='bbox 996 1111 1031 1170; x_wconf 92' lang='lat' dir='ltr'><strong>et</strong></span> <span class='ocrx_word' id='word_1_41' title='bbox 1045 1099 1190 1188; x_wconf 79' lang='lat' dir='ltr'>legalem</span> <span class='ocrx_word' id='word_1_42' title='bbox 1205 1098 1508 1173; x_wconf 72' lang='lat' dir='ltr'><strong>conformationem</strong></span> <span class='ocrx_word' id='word_1_43' title='bbox 1523 1107 1558 1170; x_wconf 92' lang='lat' dir='ltr'><strong>et</strong></span> <span class='ocrx_word' id='word_1_44' title='bbox 1572 1099 1819 1193; x_wconf 88' lang='lat' dir='ltr'><strong>raparationem</strong></span> <span class='ocrx_word' id='word_1_45' title='bbox 1835 1100 1971 1170; x_wconf 82' lang='lat' dir='ltr'><strong>roscel-</strong></span> 
     </span>
     <span class='ocr_line' id='line_1_6' title="bbox 567 1219 1971 1315; baseline -0.001 -23"><span class='ocrx_word' id='word_1_46' title='bbox 567 1221 680 1294; x_wconf 91' lang='lat' dir='ltr'><strong>lorum</strong></span> <span class='ocrx_word' id='word_1_47' title='bbox 698 1230 812 1292; x_wconf 91' lang='lat' dir='ltr'><strong>nostre</strong></span> <span class='ocrx_word' id='word_1_48' title='bbox 829 1221 925 1292; x_wconf 93' lang='lat' dir='ltr'><strong>curie</strong></span> <span class='ocrx_word' id='word_1_49' title='bbox 944 1241 1013 1313; x_wconf 91' lang='lat' dir='ltr'><strong>que</strong></span> <span class='ocrx_word' id='word_1_50' title='bbox 1034 1242 1196 1314; x_wconf 90' lang='lat' dir='ltr'><strong>processu</strong></span> <span class='ocrx_word' id='word_1_51' title='bbox 1215 1222 1378 1315; x_wconf 88' lang='lat' dir='ltr'><strong>temporis</strong></span> <span class='ocrx_word' id='word_1_52' title='bbox 1394 1221 1560 1315; x_wconf 85' lang='lat' dir='ltr'><strong>reparari,</strong></span> <span class='ocrx_word' id='word_1_53' title='bbox 1577 1221 1622 1296; x_wconf 90' lang='lat' dir='ltr'><strong>de</strong></span> <span class='ocrx_word' id='word_1_54' title='bbox 1634 1241 1725 1294; x_wconf 86' lang='lat' dir='ltr'><strong>novo</strong></span> <span class='ocrx_word' id='word_1_55' title='bbox 1743 1219 1816 1294; x_wconf 88' lang='lat' dir='ltr'><strong>lieri</strong></span> <span class='ocrx_word' id='word_1_56' title='bbox 1836 1231 1871 1292; x_wconf 92' lang='lat' dir='ltr'><strong>et</strong></span> <span class='ocrx_word' id='word_1_57' title='bbox 1885 1241 1971 1292; x_wconf 93' lang='lat' dir='ltr'><strong>cou-</strong></span> 
     </span>
     <span class='ocr_line' id='line_1_7' title="bbox 566 1343 1973 1438; baseline -0.001 -23"><span class='ocrx_word' id='word_1_58' title='bbox 566 1345 653 1416; x_wconf 91' lang='lat' dir='ltr'><strong>strui</strong></span> <span class='ocrx_word' id='word_1_59' title='bbox 674 1343 895 1436; x_wconf 77' lang='lat' dir='ltr'><strong>contingerit,</strong></span> <span class='ocrx_word' id='word_1_60' title='bbox 918 1343 1089 1416; x_wconf 87' lang='lat' dir='ltr'><strong>efficacius</strong></span> <span class='ocrx_word' id='word_1_61' title='bbox 1112 1353 1146 1416; x_wconf 93' lang='lat' dir='ltr'><strong>et</strong></span> <span class='ocrx_word' id='word_1_62' title='bbox 1170 1343 1361 1416; x_wconf 79' lang='lat' dir='ltr'><strong>studiosius</strong></span> <span class='ocrx_word' id='word_1_63' title='bbox 1381 1343 1592 1432; x_wconf 90' lang='lat' dir='ltr'><strong>intendatur,</strong></span> <span class='ocrx_word' id='word_1_64' title='bbox 1614 1345 1775 1416; x_wconf 84' lang='lat' dir='ltr'><strong>volumus</strong></span> <span class='ocrx_word' id='word_1_65' title='bbox 1797 1353 1832 1414; x_wconf 90' lang='lat' dir='ltr'><strong>et</strong></span> <span class='ocrx_word' id='word_1_66' title='bbox 1851 1345 1973 1438; x_wconf 84' lang='lat' dir='ltr'><strong>preci-</strong></span> 
     </span>
     <span class='ocr_line' id='line_1_8' title="bbox 567 1463 1972 1561; baseline 0 -25"><span class='ocrx_word' id='word_1_67' title='bbox 567 1466 682 1560; x_wconf 91' lang='lat' dir='ltr'><strong>pimus</strong></span> <span class='ocrx_word' id='word_1_68' title='bbox 704 1463 799 1559; x_wconf 90' lang='lat' dir='ltr'><strong>qnod</strong></span> <span class='ocrx_word' id='word_1_69' title='bbox 819 1465 911 1538; x_wconf 90' lang='lat' dir='ltr'><strong>idem</strong></span> <span class='ocrx_word' id='word_1_70' title='bbox 925 1465 1124 1538; x_wconf 89' lang='lat' dir='ltr'><strong>ammiratus</strong></span> <span class='ocrx_word' id='word_1_71' title='bbox 1138 1487 1198 1561; x_wconf 90' lang='lat' dir='ltr'><strong>per</strong></span> <span class='ocrx_word' id='word_1_72' title='bbox 1215 1488 1254 1540; x_wconf 90' lang='lat' dir='ltr'><strong>se</strong></span> <span class='ocrx_word' id='word_1_73' title='bbox 1269 1477 1305 1540; x_wconf 89' lang='lat' dir='ltr'><strong>et</strong></span> <span class='ocrx_word' id='word_1_74' title='bbox 1320 1465 1497 1542; x_wconf 91' lang='lat' dir='ltr'><strong>ordinatos</strong></span> <span class='ocrx_word' id='word_1_75' title='bbox 1511 1487 1592 1540; x_wconf 91' lang='lat' dir='ltr'><strong>suos</strong></span> <span class='ocrx_word' id='word_1_76' title='bbox 1608 1467 1645 1537; x_wconf 92' lang='lat' dir='ltr'><strong>in</strong></span> <span class='ocrx_word' id='word_1_77' title='bbox 1659 1465 1972 1538; x_wconf 88' lang='lat' dir='ltr'><strong>constructionibus</strong></span> 
     </span>
     <span class='ocr_line' id='line_1_9' title="bbox 568 1588 1972 1684; baseline -0.001 -22"><span class='ocrx_word' id='word_1_78' title='bbox 568 1599 602 1662; x_wconf 91' lang='lat' dir='ltr'><strong>ct</strong></span> <span class='ocrx_word' id='word_1_79' title='bbox 616 1589 887 1684; x_wconf 80' lang='lat' dir='ltr'><strong>reparationibus</strong></span> <span class='ocrx_word' id='word_1_80' title='bbox 903 1589 1127 1662; x_wconf 83' lang='lat' dir='ltr'><strong>rescellornm</strong></span> <span class='ocrx_word' id='word_1_81' title='bbox 1145 1590 1280 1682; x_wconf 80' lang='lat' dir='ltr'><strong>qnobes</strong></span> <span class='ocrx_word' id='word_1_82' title='bbox 1297 1611 1338 1664; x_wconf 86' lang='lat' dir='ltr'><strong>ea</strong></span> <span class='ocrx_word' id='word_1_83' title='bbox 1354 1589 1505 1684; x_wconf 88' lang='lat' dir='ltr'><strong>reparari</strong></span> <span class='ocrx_word' id='word_1_84' title='bbox 1522 1599 1558 1663; x_wconf 92' lang='lat' dir='ltr'><strong>et</strong></span> <span class='ocrx_word' id='word_1_85' title='bbox 1578 1589 1729 1662; x_wconf 89' lang='lat' dir='ltr'><strong>construi</strong></span> <span class='ocrx_word' id='word_1_86' title='bbox 1746 1588 1791 1660; x_wconf 92' lang='lat' dir='ltr'><strong>de</strong></span> <span class='ocrx_word' id='word_1_87' title='bbox 1809 1589 1972 1662; x_wconf 77' lang='lat' dir='ltr'><strong>mandato</strong></span> 
     </span>
     <span class='ocr_line' id='line_1_10' title="bbox 569 1710 1972 1806; baseline -0.001 -23"><span class='ocrx_word' id='word_1_88' title='bbox 569 1721 683 1784; x_wconf 92' lang='lat' dir='ltr'><strong>nostre</strong></span> <span class='ocrx_word' id='word_1_89' title='bbox 696 1710 909 1784; x_wconf 75' lang='lat' dir='ltr'><strong>celsitudinis</strong></span> <span class='ocrx_word' id='word_1_90' title='bbox 925 1711 1111 1806; x_wconf 73' lang='lat' dir='ltr'><strong>oportebit,</strong></span> <span class='ocrx_word' id='word_1_91' title='bbox 1132 1712 1262 1784; x_wconf 88' lang='lat' dir='ltr'><strong>curiam</strong></span> <span class='ocrx_word' id='word_1_92' title='bbox 1279 1721 1314 1784; x_wconf 92' lang='lat' dir='ltr'><strong>et</strong></span> <span class='ocrx_word' id='word_1_93' title='bbox 1332 1713 1501 1784; x_wconf 77' lang='lat' dir='ltr'><strong>cautelam</strong></span> <span class='ocrx_word' id='word_1_94' title='bbox 1521 1712 1685 1785; x_wconf 88' lang='lat' dir='ltr'><strong>adhibeat</strong></span> <span class='ocrx_word' id='word_1_95' title='bbox 1704 1721 1739 1784; x_wconf 93' lang='lat' dir='ltr'><strong>et</strong></span> <span class='ocrx_word' id='word_1_96' title='bbox 1752 1711 1854 1784; x_wconf 75' lang='lat' dir='ltr'><strong>facim</strong></span> <span class='ocrx_word' id='word_1_97' title='bbox 1869 1710 1972 1782; x_wconf 89' lang='lat' dir='ltr'><strong>adbi-</strong></span> 
     </span>
     <span class='ocr_line' id='line_1_11' title="bbox 568 1833 1973 1928; baseline -0.002 -22"><span class='ocrx_word' id='word_1_98' title='bbox 568 1835 656 1926; x_wconf 90' lang='lat' dir='ltr'><strong>beri,</strong></span> <span class='ocrx_word' id='word_1_99' title='bbox 668 1833 833 1928; x_wconf 89' lang='lat' dir='ltr'><strong>qnodque</strong></span> <span class='ocrx_word' id='word_1_100' title='bbox 845 1833 1035 1928; x_wconf 81' lang='lat' dir='ltr'><strong>insingnlis</strong></span> <span class='ocrx_word' id='word_1_101' title='bbox 1049 1833 1297 1908; x_wconf 82' lang='lat' dir='ltr'><strong>tersionatuum</strong></span> <span class='ocrx_word' id='word_1_102' title='bbox 1307 1835 1390 1909; x_wconf 90' lang='lat' dir='ltr'><strong>dicti</strong></span> <span class='ocrx_word' id='word_1_103' title='bbox 1404 1833 1501 1928; x_wconf 76' lang='lat' dir='ltr'><strong>regni</strong></span> <span class='ocrx_word' id='word_1_104' title='bbox 1517 1835 1642 1908; x_wconf 87' lang='lat' dir='ltr'><strong>debeat</strong></span> <span class='ocrx_word' id='word_1_105' title='bbox 1660 1833 1810 1928; x_wconf 91' lang='lat' dir='ltr'><strong>etpossit</strong></span> <span class='ocrx_word' id='word_1_106' title='bbox 1823 1839 1973 1905; x_wconf 80' lang='lat' dir='ltr'><strong>statuere</strong></span> 
     </span>
     <span class='ocr_line' id='line_1_12' title="bbox 569 1956 1974 2052; baseline -0.001 -24"><span class='ocrx_word' id='word_1_107' title='bbox 569 1959 644 2030; x_wconf 89' lang='lat' dir='ltr'><strong>loco</strong></span> <span class='ocrx_word' id='word_1_108' title='bbox 659 1957 714 2028; x_wconf 90' lang='lat' dir='ltr'><strong>sui</strong></span> <span class='ocrx_word' id='word_1_109' title='bbox 734 1977 842 2028; x_wconf 94' lang='lat' dir='ltr'><strong>unum</strong></span> <span class='ocrx_word' id='word_1_110' title='bbox 858 1957 915 2030; x_wconf 92' lang='lat' dir='ltr'><strong>vel</strong></span> <span class='ocrx_word' id='word_1_111' title='bbox 934 1956 1023 2029; x_wconf 88' lang='lat' dir='ltr'><strong>duce</strong></span> <span class='ocrx_word' id='word_1_112' title='bbox 1045 1957 1172 2051; x_wconf 87' lang='lat' dir='ltr'><strong>probos</strong></span> <span class='ocrx_word' id='word_1_113' title='bbox 1186 1968 1221 2030; x_wconf 89' lang='lat' dir='ltr'><strong>et</strong></span> <span class='ocrx_word' id='word_1_114' title='bbox 1244 1957 1372 2050; x_wconf 78' lang='lat' dir='ltr'><strong>legales</strong></span> <span class='ocrx_word' id='word_1_115' title='bbox 1389 1958 1482 2030; x_wconf 83' lang='lat' dir='ltr'><strong>viros</strong></span> <span class='ocrx_word' id='word_1_116' title='bbox 1503 1957 1564 2052; x_wconf 91' lang='lat' dir='ltr'><strong>qui</strong></span> <span class='ocrx_word' id='word_1_117' title='bbox 1593 1957 1769 2044; x_wconf 87' lang='lat' dir='ltr'><strong>intersint,</strong></span> <span class='ocrx_word' id='word_1_118' title='bbox 1797 1957 1906 2028; x_wconf 88' lang='lat' dir='ltr'><strong>sciant</strong></span> <span class='ocrx_word' id='word_1_119' title='bbox 1939 1965 1974 2026; x_wconf 90' lang='lat' dir='ltr'><strong>et</strong></span> 
     </span>
     <span class='ocr_line' id='line_1_13' title="bbox 568 2077 1973 2176; baseline -0.002 -24"><span class='ocrx_word' id='word_1_120' title='bbox 568 2079 714 2153; x_wconf 84' lang='lat' dir='ltr'><strong>videant</strong></span> <span class='ocrx_word' id='word_1_121' title='bbox 730 2079 775 2152; x_wconf 92' lang='lat' dir='ltr'><strong>ad</strong></span> <span class='ocrx_word' id='word_1_122' title='bbox 793 2079 931 2151; x_wconf 91' lang='lat' dir='ltr'><strong>oculum</strong></span> <span class='ocrx_word' id='word_1_123' title='bbox 955 2079 1241 2152; x_wconf 84' lang='lat' dir='ltr'><strong>constructionem</strong></span> <span class='ocrx_word' id='word_1_124' title='bbox 1260 2089 1295 2152; x_wconf 91' lang='lat' dir='ltr'><strong>et</strong></span> <span class='ocrx_word' id='word_1_125' title='bbox 1315 2081 1563 2176; x_wconf 78' lang='lat' dir='ltr'><strong>reparationem</strong></span> <span class='ocrx_word' id='word_1_126' title='bbox 1583 2078 1813 2176; x_wconf 88' lang='lat' dir='ltr'><strong>predictorum</strong></span> <span class='ocrx_word' id='word_1_127' title='bbox 1841 2077 1973 2150; x_wconf 85' lang='lat' dir='ltr'><strong>vasnei-</strong></span> 
     </span>
     <span class='ocr_line' id='line_1_14' title="bbox 569 2201 1974 2298; baseline -0.002 -23"><span class='ocrx_word' id='word_1_128' title='bbox 569 2205 679 2276; x_wconf 94' lang='lat' dir='ltr'><strong>lcrum</strong></span> <span class='ocrx_word' id='word_1_129' title='bbox 708 2201 1015 2274; x_wconf 87' lang='lat' dir='ltr'><strong>construendorum</strong></span> <span class='ocrx_word' id='word_1_130' title='bbox 1044 2211 1079 2274; x_wconf 90' lang='lat' dir='ltr'><strong>et</strong></span> <span class='ocrx_word' id='word_1_131' title='bbox 1103 2202 1371 2298; x_wconf 80' lang='lat' dir='ltr'><strong>reparandorum</strong></span> <span class='ocrx_word' id='word_1_132' title='bbox 1400 2211 1435 2276; x_wconf 92' lang='lat' dir='ltr'><strong>et</strong></span> <span class='ocrx_word' id='word_1_133' title='bbox 1460 2225 1580 2276; x_wconf 89' lang='lat' dir='ltr'><strong>omnes</strong></span> <span class='ocrx_word' id='word_1_134' title='bbox 1601 2223 1772 2298; x_wconf 86' lang='lat' dir='ltr'><strong>expensas</strong></span> <span class='ocrx_word' id='word_1_135' title='bbox 1796 2210 1974 2296; x_wconf 86' lang='lat' dir='ltr'><strong>propterea</strong></span> 
     </span>
     <span class='ocr_line' id='line_1_15' title="bbox 570 2322 1974 2422; baseline -0.001 -26"><span class='ocrx_word' id='word_1_136' title='bbox 570 2324 756 2398; x_wconf 84' lang='lat' dir='ltr'><strong>iaciendas.</strong></span> <span class='ocrx_word' id='word_1_137' title='bbox 778 2327 828 2396; x_wconf 90' lang='lat' dir='ltr'><strong>De</strong></span> <span class='ocrx_word' id='word_1_138' title='bbox 844 2324 984 2396; x_wconf 93' lang='lat' dir='ltr'><strong>introitu</strong></span> <span class='ocrx_word' id='word_1_139' title='bbox 1001 2333 1036 2396; x_wconf 91' lang='lat' dir='ltr'><strong>et</strong></span> <span class='ocrx_word' id='word_1_140' title='bbox 1046 2325 1143 2396; x_wconf 87' lang='lat' dir='ltr'><strong>exitu</strong></span> <span class='ocrx_word' id='word_1_141' title='bbox 1159 2326 1262 2398; x_wconf 92' lang='lat' dir='ltr'><strong>totins</strong></span> <span class='ocrx_word' id='word_1_142' title='bbox 1275 2325 1421 2422; x_wconf 92' lang='lat' dir='ltr'><strong>pecunie</strong></span> <span class='ocrx_word' id='word_1_143' title='bbox 1436 2335 1471 2398; x_wconf 91' lang='lat' dir='ltr'><strong>et</strong></span> <span class='ocrx_word' id='word_1_144' title='bbox 1488 2347 1602 2398; x_wconf 90' lang='lat' dir='ltr'><strong>rernm</strong></span> <span class='ocrx_word' id='word_1_145' title='bbox 1615 2322 1921 2420; x_wconf 86' lang='lat' dir='ltr'><strong>expendendamm</strong></span> <span class='ocrx_word' id='word_1_146' title='bbox 1940 2333 1974 2394; x_wconf 92' lang='lat' dir='ltr'><strong>et</strong></span> 
     </span>
     <span class='ocr_line' id='line_1_16' title="bbox 570 2445 1973 2544; baseline -0.002 -25"><span class='ocrx_word' id='word_1_147' title='bbox 570 2447 841 2542; x_wconf 86' lang='lat' dir='ltr'><strong>recipiendarum</strong></span> <span class='ocrx_word' id='word_1_148' title='bbox 859 2447 1010 2542; x_wconf 85' lang='lat' dir='ltr'><strong>perillus</strong></span> <span class='ocrx_word' id='word_1_149' title='bbox 1028 2447 1089 2542; x_wconf 89' lang='lat' dir='ltr'><strong>qui</strong></span> <span class='ocrx_word' id='word_1_150' title='bbox 1109 2447 1156 2522; x_wconf 85' lang='lat' dir='ltr'><strong>ad</strong></span> <span class='ocrx_word' id='word_1_151' title='bbox 1174 2447 1240 2520; x_wconf 94' lang='lat' dir='ltr'><strong>boc</strong></span> <span class='ocrx_word' id='word_1_152' title='bbox 1257 2457 1339 2520; x_wconf 89' lang='lat' dir='ltr'><strong>sunt</strong></span> <span class='ocrx_word' id='word_1_153' title='bbox 1359 2469 1420 2544; x_wconf 93' lang='lat' dir='ltr'><strong>per</strong></span> <span class='ocrx_word' id='word_1_154' title='bbox 1435 2449 1567 2521; x_wconf 89' lang='lat' dir='ltr'><strong>curiam</strong></span> <span class='ocrx_word' id='word_1_155' title='bbox 1579 2458 1729 2522; x_wconf 66' lang='lat' dir='ltr'><strong>naseam</strong></span> <span class='ocrx_word' id='word_1_156' title='bbox 1747 2447 1862 2519; x_wconf 90' lang='lat' dir='ltr'><strong>statuti</strong></span> <span class='ocrx_word' id='word_1_157' title='bbox 1883 2455 1918 2518; x_wconf 92' lang='lat' dir='ltr'><strong>et</strong></span> <span class='ocrx_word' id='word_1_158' title='bbox 1937 2445 1973 2516; x_wconf 92' lang='lat' dir='ltr'><strong>in</strong></span> 
     </span>
     <span class='ocr_line' id='line_1_17' title="bbox 571 2567 1973 2666; baseline -0.003 -22"><span class='ocrx_word' id='word_1_159' title='bbox 571 2579 671 2644; x_wconf 91' lang='lat' dir='ltr'><strong>antea</strong></span> <span class='ocrx_word' id='word_1_160' title='bbox 689 2577 893 2656; x_wconf 85' lang='lat' dir='ltr'><strong>statuentur,</strong></span> <span class='ocrx_word' id='word_1_161' title='bbox 913 2570 1051 2666; x_wconf 85' lang='lat' dir='ltr'><strong>plenam</strong></span> <span class='ocrx_word' id='word_1_162' title='bbox 1068 2571 1222 2644; x_wconf 83' lang='lat' dir='ltr'><strong>notitiam</strong></span> <span class='ocrx_word' id='word_1_163' title='bbox 1241 2581 1277 2644; x_wconf 89' lang='lat' dir='ltr'><strong>et</strong></span> <span class='ocrx_word' id='word_1_164' title='bbox 1295 2571 1536 2644; x_wconf 88' lang='lat' dir='ltr'><strong>conscientiam</strong></span> <span class='ocrx_word' id='word_1_165' title='bbox 1554 2571 1698 2658; x_wconf 88' lang='lat' dir='ltr'><strong>babeat,</strong></span> <span class='ocrx_word' id='word_1_166' title='bbox 1716 2571 1765 2642; x_wconf 88' lang='lat' dir='ltr'><strong>ita</strong></span> <span class='ocrx_word' id='word_1_167' title='bbox 1782 2567 1879 2663; x_wconf 87' lang='lat' dir='ltr'><strong>quod</strong></span> <span class='ocrx_word' id='word_1_168' title='bbox 1898 2588 1973 2640; x_wconf 92' lang='lat' dir='ltr'><strong>eos·</strong></span> 
     </span>
     <span class='ocr_line' id='line_1_18' title="bbox 572 2691 1973 2778; baseline -0.003 -10"><span class='ocrx_word' id='word_1_169' title='bbox 572 2693 653 2768; x_wconf 89' lang='lat' dir='ltr'><strong>dem</strong></span> <span class='ocrx_word' id='word_1_170' title='bbox 671 2693 890 2766; x_wconf 89' lang='lat' dir='ltr'><strong>ammiratum</strong></span> <span class='ocrx_word' id='word_1_171' title='bbox 914 2701 949 2766; x_wconf 92' lang='lat' dir='ltr'><strong>et</strong></span> <span class='ocrx_word' id='word_1_172' title='bbox 967 2691 1143 2766; x_wconf 89' lang='lat' dir='ltr'><strong>ordinatos</strong></span> <span class='ocrx_word' id='word_1_173' title='bbox 1167 2715 1249 2766; x_wconf 87' lang='lat' dir='ltr'><strong>suos</strong></span> <span class='ocrx_word' id='word_1_174' title='bbox 1273 2693 1360 2767; x_wconf 90' lang='lat' dir='ltr'><strong>nibil</strong></span> <span class='ocrx_word' id='word_1_175' title='bbox 1380 2693 1510 2767; x_wconf 85' lang='lat' dir='ltr'><strong>exinde</strong></span> <span class='ocrx_word' id='word_1_176' title='bbox 1533 2695 1648 2766; x_wconf 88' lang='lat' dir='ltr'><strong>lateat.</strong></span> <span class='ocrx_word' id='word_1_177' title='bbox 1673 2691 1853 2778; x_wconf 89' lang='lat' dir='ltr'><strong>Quomodo</strong></span> <span class='ocrx_word' id='word_1_178' title='bbox 1873 2701 1908 2764; x_wconf 92' lang='lat' dir='ltr'><strong>et</strong></span> <span class='ocrx_word' id='word_1_179' title='bbox 1928 2691 1973 2764; x_wconf 87' lang='lat' dir='ltr'><strong>de</strong></span> 
     </span>
     <span class='ocr_line' id='line_1_19' title="bbox 572 2815 1973 2914; baseline -0.002 -26"><span class='ocrx_word' id='word_1_180' title='bbox 572 2817 712 2888; x_wconf 93' lang='lat' dir='ltr'><strong>introitu</strong></span> <span class='ocrx_word' id='word_1_181' title='bbox 733 2815 824 2890; x_wconf 91' lang='lat' dir='ltr'><strong>dicte</strong></span> <span class='ocrx_word' id='word_1_182' title='bbox 843 2817 989 2912; x_wconf 90' lang='lat' dir='ltr'><strong>pecunie</strong></span> <span class='ocrx_word' id='word_1_183' title='bbox 1010 2825 1045 2888; x_wconf 92' lang='lat' dir='ltr'><strong>et</strong></span> <span class='ocrx_word' id='word_1_184' title='bbox 1064 2837 1178 2888; x_wconf 93' lang='lat' dir='ltr'><strong>rerum</strong></span> <span class='ocrx_word' id='word_1_185' title='bbox 1200 2818 1364 2914; x_wconf 83' lang='lat' dir='ltr'><strong>expensis</strong></span> <span class='ocrx_word' id='word_1_186' title='bbox 1386 2815 1554 2890; x_wconf 82' lang='lat' dir='ltr'><strong>faciendis</strong></span> <span class='ocrx_word' id='word_1_187' title='bbox 1574 2817 1610 2888; x_wconf 93' lang='lat' dir='ltr'><strong>in</strong></span> <span class='ocrx_word' id='word_1_188' title='bbox 1631 2815 1917 2888; x_wconf 86' lang='lat' dir='ltr'><strong>constructionem</strong></span> <span class='ocrx_word' id='word_1_189' title='bbox 1941 2823 1973 2886; x_wconf 92' lang='lat' dir='ltr'><strong>et</strong></span> 
     </span>
     <span class='ocr_line' id='line_1_20' title="bbox 571 2937 1972 3036; baseline -0.002 -25"><span class='ocrx_word' id='word_1_190' title='bbox 571 2939 821 3034; x_wconf 89' lang='lat' dir='ltr'><strong>reparationem</strong></span> <span class='ocrx_word' id='word_1_191' title='bbox 834 2939 1059 3012; x_wconf 85' lang='lat' dir='ltr'><strong>vasoellorum</strong></span> <span class='ocrx_word' id='word_1_192' title='bbox 1078 2939 1230 3033; x_wconf 87' lang='lat' dir='ltr'><strong>ipsorum</strong></span> <span class='ocrx_word' id='word_1_193' title='bbox 1248 2937 1331 3012; x_wconf 91' lang='lat' dir='ltr'><strong>liant</strong></span> <span class='ocrx_word' id='word_1_194' title='bbox 1344 2949 1411 3013; x_wconf 90' lang='lat' dir='ltr'><strong>tres</strong></span> <span class='ocrx_word' id='word_1_195' title='bbox 1428 2941 1588 3036; x_wconf 88' lang='lat' dir='ltr'><strong>quaterni</strong></span> <span class='ocrx_word' id='word_1_196' title='bbox 1603 2937 1810 3028; x_wconf 85' lang='lat' dir='ltr'><strong>consimiles,</strong></span> <span class='ocrx_word' id='word_1_197' title='bbox 1828 2957 1972 3032; x_wconf 88' lang='lat' dir='ltr'><strong>qnorum</strong></span> 
     </span>
     <span class='ocr_line' id='line_1_21' title="bbox 574 3059 1972 3156; baseline -0.003 -24"><span class='ocrx_word' id='word_1_198' title='bbox 574 3083 664 3134; x_wconf 93' lang='lat' dir='ltr'><strong>nnus</strong></span> <span class='ocrx_word' id='word_1_199' title='bbox 681 3061 748 3134; x_wconf 89' lang='lat' dir='ltr'><strong>snb</strong></span> <span class='ocrx_word' id='word_1_200' title='bbox 764 3061 883 3154; x_wconf 81' lang='lat' dir='ltr'><strong>sigillis</strong></span> <span class='ocrx_word' id='word_1_201' title='bbox 899 3068 1102 3132; x_wconf 88' lang='lat' dir='ltr'><strong>statutorum</strong></span> <span class='ocrx_word' id='word_1_202' title='bbox 1127 3061 1342 3154; x_wconf 80' lang='lat' dir='ltr'><strong>singulorum</strong></span> <span class='ocrx_word' id='word_1_203' title='bbox 1364 3083 1425 3156; x_wconf 87' lang='lat' dir='ltr'><strong>per</strong></span> <span class='ocrx_word' id='word_1_204' title='bbox 1447 3069 1597 3133; x_wconf 90' lang='lat' dir='ltr'><strong>nostram</strong></span> <span class='ocrx_word' id='word_1_205' title='bbox 1618 3059 1749 3132; x_wconf 90' lang='lat' dir='ltr'><strong>curiam</strong></span> <span class='ocrx_word' id='word_1_206' title='bbox 1772 3079 1876 3154; x_wconf 89' lang='lat' dir='ltr'><strong>super</strong></span> <span class='ocrx_word' id='word_1_207' title='bbox 1899 3078 1972 3152; x_wconf 89' lang='lat' dir='ltr'><strong>pre·</strong></span> 
     </span>
     <span class='ocr_line' id='line_1_22' title="bbox 575 3180 1973 3278; baseline -0.007 -22"><span class='ocrx_word' id='word_1_208' title='bbox 575 3183 667 3256; x_wconf 89' lang='lat' dir='ltr'><strong>dicta</strong></span> <span class='ocrx_word' id='word_1_209' title='bbox 691 3185 945 3256; x_wconf 90' lang='lat' dir='ltr'><strong>constructione</strong></span> <span class='ocrx_word' id='word_1_210' title='bbox 969 3193 1003 3256; x_wconf 89' lang='lat' dir='ltr'><strong>et</strong></span> <span class='ocrx_word' id='word_1_211' title='bbox 1028 3183 1242 3278; x_wconf 88' lang='lat' dir='ltr'><strong>reparatione</strong></span> <span class='ocrx_word' id='word_1_212' title='bbox 1270 3204 1377 3278; x_wconf 91' lang='lat' dir='ltr'><strong>penes</strong></span> <span class='ocrx_word' id='word_1_213' title='bbox 1398 3182 1590 3278; x_wconf 91' lang='lat' dir='ltr'><strong>predictum</strong></span> <span class='ocrx_word' id='word_1_214' title='bbox 1615 3180 1833 3254; x_wconf 88' lang='lat' dir='ltr'><strong>ammiratum</strong></span> <span class='ocrx_word' id='word_1_215' title='bbox 1858 3197 1973 3248; x_wconf 90' lang='lat' dir='ltr'><strong>rema-</strong></span> 
     </span>
     <span class='ocr_line' id='line_1_23' title="bbox 575 3301 1972 3402; baseline -0.007 -24"><span class='ocrx_word' id='word_1_216' title='bbox 575 3317 671 3396; x_wconf 91' lang='lat' dir='ltr'><strong>neat,</strong></span> <span class='ocrx_word' id='word_1_217' title='bbox 693 3307 799 3378; x_wconf 89' lang='lat' dir='ltr'><strong>alium</strong></span> <span class='ocrx_word' id='word_1_218' title='bbox 824 3305 967 3402; x_wconf 87' lang='lat' dir='ltr'><strong>predicti</strong></span> <span class='ocrx_word' id='word_1_219' title='bbox 988 3305 1103 3378; x_wconf 87' lang='lat' dir='ltr'><strong>statuti</strong></span> <span class='ocrx_word' id='word_1_220' title='bbox 1121 3327 1183 3400; x_wconf 89' lang='lat' dir='ltr'><strong>per</strong></span> <span class='ocrx_word' id='word_1_221' title='bbox 1205 3307 1336 3378; x_wconf 90' lang='lat' dir='ltr'><strong>curiam</strong></span> <span class='ocrx_word' id='word_1_222' title='bbox 1358 3305 1478 3400; x_wconf 80' lang='lat' dir='ltr'><strong>sigillis</strong></span> <span class='ocrx_word' id='word_1_223' title='bbox 1497 3305 1727 3400; x_wconf 90' lang='lat' dir='ltr'><strong>predictorum</strong></span> <span class='ocrx_word' id='word_1_224' title='bbox 1744 3301 1972 3375; x_wconf 84' lang='lat' dir='ltr'><strong>ordinatorum</strong></span> 
     </span>
     <span class='ocr_line' id='line_1_24' title="bbox 576 3421 1973 3526; baseline -0.007 -24"><span class='ocrx_word' id='word_1_225' title='bbox 576 3453 637 3526; x_wconf 91' lang='lat' dir='ltr'><strong>per</strong></span> <span class='ocrx_word' id='word_1_226' title='bbox 655 3429 846 3526; x_wconf 84' lang='lat' dir='ltr'><strong>predictum</strong></span> <span class='ocrx_word' id='word_1_227' title='bbox 872 3429 1089 3502; x_wconf 90' lang='lat' dir='ltr'><strong>ammiratum</strong></span> <span class='ocrx_word' id='word_1_228' title='bbox 1112 3429 1179 3502; x_wconf 92' lang='lat' dir='ltr'><strong>sibi</strong></span> <span class='ocrx_word' id='word_1_229' title='bbox 1203 3431 1386 3520; x_wconf 88' lang='lat' dir='ltr'><strong>retineant,</strong></span> <span class='ocrx_word' id='word_1_230' title='bbox 1412 3439 1447 3502; x_wconf 90' lang='lat' dir='ltr'><strong>et</strong></span> <span class='ocrx_word' id='word_1_231' title='bbox 1467 3429 1587 3501; x_wconf 90' lang='lat' dir='ltr'><strong>tertius</strong></span> <span class='ocrx_word' id='word_1_232' title='bbox 1614 3427 1682 3500; x_wconf 88' lang='lat' dir='ltr'><strong>sub</strong></span> <span class='ocrx_word' id='word_1_233' title='bbox 1704 3425 1825 3518; x_wconf 82' lang='lat' dir='ltr'><strong>sigillis</strong></span> <span class='ocrx_word' id='word_1_234' title='bbox 1844 3421 1973 3518; x_wconf 86' lang='lat' dir='ltr'><strong>predio·</strong></span> 
     </span>
     <span class='ocr_line' id='line_1_25' title="bbox 577 3547 1973 3642; baseline -0.009 -16"><span class='ocrx_word' id='word_1_235' title='bbox 577 3563 690 3626; x_wconf 91' lang='lat' dir='ltr'><strong>tornm</strong></span> <span class='ocrx_word' id='word_1_236' title='bbox 708 3561 910 3626; x_wconf 67' lang='lat' dir='ltr'><strong>solutorum</strong></span> <span class='ocrx_word' id='word_1_237' title='bbox 934 3561 968 3624; x_wconf 89' lang='lat' dir='ltr'><strong>et</strong></span> <span class='ocrx_word' id='word_1_238' title='bbox 989 3551 1072 3624; x_wconf 91' lang='lat' dir='ltr'><strong>dicti</strong></span> <span class='ocrx_word' id='word_1_239' title='bbox 1096 3553 1266 3626; x_wconf 87' lang='lat' dir='ltr'><strong>ammirati</strong></span> <span class='ocrx_word' id='word_1_240' title='bbox 1291 3561 1405 3626; x_wconf 87' lang='lat' dir='ltr'><strong>nostre</strong></span> <span class='ocrx_word' id='word_1_241' title='bbox 1424 3573 1560 3625; x_wconf 81' lang='lat' dir='ltr'><strong>carnem</strong></span> <span class='ocrx_word' id='word_1_242' title='bbox 1579 3551 1681 3623; x_wconf 91' lang='lat' dir='ltr'><strong>annis</strong></span> <span class='ocrx_word' id='word_1_243' title='bbox 1698 3547 1845 3642; x_wconf 77' lang='lat' dir='ltr'><strong>singulis</strong></span> <span class='ocrx_word' id='word_1_244' title='bbox 1865 3555 1973 3618; x_wconf 86' lang='lat' dir='ltr'><strong>trans-</strong></span> 
     </span>
     <span class='ocr_line' id='line_1_26' title="bbox 577 3675 1975 3772; baseline -0.009 -23"><span class='ocrx_word' id='word_1_245' title='bbox 577 3679 742 3749; x_wconf 87' lang='lat' dir='ltr'><strong>mittatur.</strong></span> <span class='ocrx_word' id='word_1_246' title='bbox 765 3675 900 3748; x_wconf 89' lang='lat' dir='ltr'><strong>Nemini</strong></span> <span class='ocrx_word' id='word_1_247' title='bbox 915 3695 1055 3770; x_wconf 91' lang='lat' dir='ltr'><strong>qnoque</strong></span> <span class='ocrx_word' id='word_1_248' title='bbox 1083 3675 1118 3747; x_wconf 95' lang='lat' dir='ltr'><strong>in</strong></span> <span class='ocrx_word' id='word_1_249' title='bbox 1139 3675 1262 3748; x_wconf 90' lang='lat' dir='ltr'><strong>ecdem</strong></span> <span class='ocrx_word' id='word_1_250' title='bbox 1277 3697 1387 3772; x_wconf 82' lang='lat' dir='ltr'><strong>reguo</strong></span> <span class='ocrx_word' id='word_1_251' title='bbox 1405 3675 1505 3748; x_wconf 91' lang='lat' dir='ltr'><strong>liceat</strong></span> <span class='ocrx_word' id='word_1_252' title='bbox 1521 3683 1639 3748; x_wconf 90' lang='lat' dir='ltr'><strong>contra</strong></span> <span class='ocrx_word' id='word_1_253' title='bbox 1660 3689 1899 3766; x_wconf 88' lang='lat' dir='ltr'><strong>quoscumque</strong></span> <span class='ocrx_word' id='word_1_254' title='bbox 1918 3688 1975 3762; x_wconf 88' lang='lat' dir='ltr'><strong>per</strong></span> 
     </span>
     <span class='ocr_line' id='line_1_27' title="bbox 579 3791 1973 3892; baseline -0.007 -22"><span class='ocrx_word' id='word_1_255' title='bbox 579 3819 675 3870; x_wconf 90' lang='lat' dir='ltr'><strong>marc</strong></span> <span class='ocrx_word' id='word_1_256' title='bbox 687 3797 827 3869; x_wconf 91' lang='lat' dir='ltr'><strong>hostiles</strong></span> <span class='ocrx_word' id='word_1_257' title='bbox 849 3795 1026 3868; x_wconf 89' lang='lat' dir='ltr'><strong>discursus</strong></span> <span class='ocrx_word' id='word_1_258' title='bbox 1047 3805 1080 3869; x_wconf 91' lang='lat' dir='ltr'><strong>et</strong></span> <span class='ocrx_word' id='word_1_259' title='bbox 1102 3797 1278 3892; x_wconf 85' lang='lat' dir='ltr'><strong>piraticam</strong></span> <span class='ocrx_word' id='word_1_260' title='bbox 1299 3819 1462 3871; x_wconf 83' lang='lat' dir='ltr'><strong>exercere</strong></span> <span class='ocrx_word' id='word_1_261' title='bbox 1482 3797 1557 3870; x_wconf 91' lang='lat' dir='ltr'><strong>siue</strong></span> <span class='ocrx_word' id='word_1_262' title='bbox 1579 3796 1716 3870; x_wconf 92' lang='lat' dir='ltr'><strong>licentia</strong></span> <span class='ocrx_word' id='word_1_263' title='bbox 1738 3791 1881 3890; x_wconf 90' lang='lat' dir='ltr'><strong>predicti</strong></span> <span class='ocrx_word' id='word_1_264' title='bbox 1905 3811 1973 3860; x_wconf 91' lang='lat' dir='ltr'><strong>am·</strong></span> 
     </span>
     <span class='ocr_line' id='line_1_28' title="bbox 580 3915 1974 4016; baseline -0.009 -22"><span class='ocrx_word' id='word_1_265' title='bbox 580 3921 692 3995; x_wconf 91' lang='lat' dir='ltr'><strong>mirati</strong></span> <span class='ocrx_word' id='word_1_266' title='bbox 716 3927 750 3990; x_wconf 93' lang='lat' dir='ltr'><strong>et</strong></span> <span class='ocrx_word' id='word_1_267' title='bbox 769 3919 862 3990; x_wconf 88' lang='lat' dir='ltr'><strong>illius</strong></span> <span class='ocrx_word' id='word_1_268' title='bbox 886 3940 988 4014; x_wconf 90' lang='lat' dir='ltr'><strong>quem</strong></span> <span class='ocrx_word' id='word_1_269' title='bbox 1016 3919 1062 3992; x_wconf 92' lang='lat' dir='ltr'><strong>ad</strong></span> <span class='ocrx_word' id='word_1_270' title='bbox 1084 3919 1150 3992; x_wconf 89' lang='lat' dir='ltr'><strong>hoo</strong></span> <span class='ocrx_word' id='word_1_271' title='bbox 1175 3921 1250 3994; x_wconf 92' lang='lat' dir='ltr'><strong>loco</strong></span> <span class='ocrx_word' id='word_1_272' title='bbox 1274 3921 1328 3994; x_wconf 89' lang='lat' dir='ltr'><strong>sui</strong></span> <span class='ocrx_word' id='word_1_273' title='bbox 1347 3921 1488 3994; x_wconf 85' lang='lat' dir='ltr'><strong>duxerit</strong></span> <span class='ocrx_word' id='word_1_274' title='bbox 1515 3917 1773 4016; x_wconf 88' lang='lat' dir='ltr'><strong>deputandum,</strong></span> <span class='ocrx_word' id='word_1_275' title='bbox 1794 3915 1842 3986; x_wconf 93' lang='lat' dir='ltr'><strong>ita</strong></span> <span class='ocrx_word' id='word_1_276' title='bbox 1866 3923 1974 3984; x_wconf 67' lang='lat' dir='ltr'><strong>emen</strong></span> 
     </span>
     <span class='ocr_line' id='line_1_29' title="bbox 580 4039 1976 4140; baseline -0.006 -27"><span class='ocrx_word' id='word_1_277' title='bbox 580 4041 675 4139; x_wconf 90' lang='lat' dir='ltr'><strong>quod</strong></span> <span class='ocrx_word' id='word_1_278' title='bbox 691 4043 765 4136; x_wconf 88' lang='lat' dir='ltr'><strong>ipso</strong></span> <span class='ocrx_word' id='word_1_279' title='bbox 784 4051 817 4114; x_wconf 90' lang='lat' dir='ltr'><strong>et</strong></span> <span class='ocrx_word' id='word_1_280' title='bbox 834 4039 980 4114; x_wconf 90' lang='lat' dir='ltr'><strong>ordinati</strong></span> <span class='ocrx_word' id='word_1_281' title='bbox 1005 4043 1077 4132; x_wconf 91' lang='lat' dir='ltr'><strong>sni,</strong></span> <span class='ocrx_word' id='word_1_282' title='bbox 1096 4043 1297 4137; x_wconf 89' lang='lat' dir='ltr'><strong>priusquam</strong></span> <span class='ocrx_word' id='word_1_283' title='bbox 1315 4067 1376 4140; x_wconf 90' lang='lat' dir='ltr'><strong>per</strong></span> <span class='ocrx_word' id='word_1_284' title='bbox 1396 4065 1456 4116; x_wconf 90' lang='lat' dir='ltr'><strong>eos</strong></span> <span class='ocrx_word' id='word_1_285' title='bbox 1478 4041 1634 4138; x_wconf 90' lang='lat' dir='ltr'><strong>personis</strong></span> <span class='ocrx_word' id='word_1_286' title='bbox 1654 4039 1829 4134; x_wconf 92' lang='lat' dir='ltr'><strong>aliquibus</strong></span> <span class='ocrx_word' id='word_1_287' title='bbox 1855 4056 1976 4107; x_wconf 90' lang='lat' dir='ltr'><strong>conce-</strong></span> 
     </span>
     <span class='ocr_line' id='line_1_30' title="bbox 582 4157 1975 4257; baseline -0.008 -19"><span class='ocrx_word' id='word_1_288' title='bbox 582 4167 685 4238; x_wconf 91' lang='lat' dir='ltr'><strong>datur</strong></span> <span class='ocrx_word' id='word_1_289' title='bbox 712 4163 868 4254; x_wconf 89' lang='lat' dir='ltr'><strong>liccutia,</strong></span> <span class='ocrx_word' id='word_1_290' title='bbox 902 4163 1066 4257; x_wconf 90' lang='lat' dir='ltr'><strong>recipiant</strong></span> <span class='ocrx_word' id='word_1_291' title='bbox 1089 4165 1134 4237; x_wconf 88' lang='lat' dir='ltr'><strong>ab</strong></span> <span class='ocrx_word' id='word_1_292' title='bbox 1159 4167 1209 4238; x_wconf 90' lang='lat' dir='ltr'><strong>eis</strong></span> <span class='ocrx_word' id='word_1_293' title='bbox 1236 4165 1395 4239; x_wconf 90' lang='lat' dir='ltr'><strong>idoneam</strong></span> <span class='ocrx_word' id='word_1_294' title='bbox 1418 4175 1452 4238; x_wconf 93' lang='lat' dir='ltr'><strong>et</strong></span> <span class='ocrx_word' id='word_1_295' title='bbox 1478 4165 1701 4237; x_wconf 89' lang='lat' dir='ltr'><strong>sufficientem</strong></span> <span class='ocrx_word' id='word_1_296' title='bbox 1733 4157 1975 4252; x_wconf 85' lang='lat' dir='ltr'><strong>fidejussoriam</strong></span> 
     </span>
     <span class='ocr_line' id='line_1_31' title="bbox 583 4283 1976 4374; baseline -0.008 -12"><span class='ocrx_word' id='word_1_297' title='bbox 583 4289 775 4362; x_wconf 90' lang='lat' dir='ltr'><strong>cautionem</strong></span> <span class='ocrx_word' id='word_1_298' title='bbox 793 4285 838 4360; x_wconf 91' lang='lat' dir='ltr'><strong>de</strong></span> <span class='ocrx_word' id='word_1_299' title='bbox 854 4309 922 4360; x_wconf 93' lang='lat' dir='ltr'><strong>non</strong></span> <span class='ocrx_word' id='word_1_300' title='bbox 944 4287 1159 4361; x_wconf 80' lang='lat' dir='ltr'><strong>offendendis</strong></span> <span class='ocrx_word' id='word_1_301' title='bbox 1180 4291 1299 4362; x_wconf 90' lang='lat' dir='ltr'><strong>amicis</strong></span> <span class='ocrx_word' id='word_1_302' title='bbox 1321 4287 1479 4362; x_wconf 80' lang='lat' dir='ltr'><strong>lidelibus</strong></span> <span class='ocrx_word' id='word_1_303' title='bbox 1496 4299 1531 4362; x_wconf 89' lang='lat' dir='ltr'><strong>et</strong></span> <span class='ocrx_word' id='word_1_304' title='bbox 1551 4287 1687 4359; x_wconf 89' lang='lat' dir='ltr'><strong>devotis</strong></span> <span class='ocrx_word' id='word_1_305' title='bbox 1704 4283 1827 4356; x_wconf 90' lang='lat' dir='ltr'><strong>nostris</strong></span> <span class='ocrx_word' id='word_1_306' title='bbox 1845 4283 1880 4352; x_wconf 94' lang='lat' dir='ltr'><strong>in</strong></span> <span class='ocrx_word' id='word_1_307' title='bbox 1903 4301 1976 4374; x_wconf 89' lang='lat' dir='ltr'><strong>per·</strong></span> 
     </span>
     <span class='ocr_line' id='line_1_32' title="bbox 583 4403 1974 4506; baseline -0.008 -23"><span class='ocrx_word' id='word_1_308' title='bbox 583 4411 689 4496; x_wconf 74' lang='lat' dir='ltr'><strong>acub,</strong></span> <span class='ocrx_word' id='word_1_309' title='bbox 718 4409 890 4498; x_wconf 81' lang='lat' dir='ltr'><strong>vascellia,</strong></span> <span class='ocrx_word' id='word_1_310' title='bbox 910 4409 1082 4482; x_wconf 89' lang='lat' dir='ltr'><strong>mercibus</strong></span> <span class='ocrx_word' id='word_1_311' title='bbox 1102 4421 1136 4482; x_wconf 92' lang='lat' dir='ltr'><strong>et</strong></span> <span class='ocrx_word' id='word_1_312' title='bbox 1157 4411 1261 4484; x_wconf 91' lang='lat' dir='ltr'><strong>rebus</strong></span> <span class='ocrx_word' id='word_1_313' title='bbox 1276 4433 1414 4502; x_wconf 69' lang='lat' dir='ltr'><strong>eorum,</strong></span> <span class='ocrx_word' id='word_1_314' title='bbox 1440 4409 1605 4506; x_wconf 91' lang='lat' dir='ltr'><strong>quodque</strong></span> <span class='ocrx_word' id='word_1_315' title='bbox 1626 4409 1654 4480; x_wconf 89' lang='lat' dir='ltr'><strong>si</strong></span> <span class='ocrx_word' id='word_1_316' title='bbox 1681 4427 1741 4479; x_wconf 89' lang='lat' dir='ltr'><strong>eos</strong></span> <span class='ocrx_word' id='word_1_317' title='bbox 1766 4403 1974 4500; x_wconf 90' lang='lat' dir='ltr'><strong>postmodum</strong></span> 
     </span>
     <span class='ocr_line' id='line_1_33' title="bbox 583 4527 1974 4630; baseline -0.009 -23"><span class='ocrx_word' id='word_1_318' title='bbox 583 4531 771 4624; x_wconf 81' lang='lat' dir='ltr'><strong>offendere,</strong></span> <span class='ocrx_word' id='word_1_319' title='bbox 791 4533 955 4628; x_wconf 90' lang='lat' dir='ltr'><strong>impedire</strong></span> <span class='ocrx_word' id='word_1_320' title='bbox 973 4533 1028 4606; x_wconf 88' lang='lat' dir='ltr'><strong>vel</strong></span> <span class='ocrx_word' id='word_1_321' title='bbox 1051 4535 1230 4608; x_wconf 89' lang='lat' dir='ltr'><strong>molestare</strong></span> <span class='ocrx_word' id='word_1_322' title='bbox 1255 4543 1465 4630; x_wconf 90' lang='lat' dir='ltr'><strong>presumant,</strong></span> <span class='ocrx_word' id='word_1_323' title='bbox 1491 4543 1560 4606; x_wconf 90' lang='lat' dir='ltr'><strong>tam</strong></span> <span class='ocrx_word' id='word_1_324' title='bbox 1583 4532 1800 4604; x_wconf 88' lang='lat' dir='ltr'><strong>molestantes</strong></span> <span class='ocrx_word' id='word_1_325' title='bbox 1818 4537 1853 4598; x_wconf 91' lang='lat' dir='ltr'><strong>et</strong></span> <span class='ocrx_word' id='word_1_326' title='bbox 1868 4527 1974 4598; x_wconf 87' lang='lat' dir='ltr'><strong>clien-</strong></span> 
     </span>
     <span class='ocr_line' id='line_1_34' title="bbox 587 4647 1974 4754; baseline -0.009 -24"><span class='ocrx_word' id='word_1_327' title='bbox 587 4657 706 4730; x_wconf 91' lang='lat' dir='ltr'><strong>dentes</strong></span> <span class='ocrx_word' id='word_1_328' title='bbox 724 4655 863 4730; x_wconf 88' lang='lat' dir='ltr'><strong>eosdem</strong></span> <span class='ocrx_word' id='word_1_329' title='bbox 881 4677 987 4750; x_wconf 93' lang='lat' dir='ltr'><strong>qnam</strong></span> <span class='ocrx_word' id='word_1_330' title='bbox 1010 4655 1231 4750; x_wconf 80' lang='lat' dir='ltr'><strong>lidejmsores</strong></span> <span class='ocrx_word' id='word_1_331' title='bbox 1255 4667 1431 4754; x_wconf 89' lang='lat' dir='ltr'><strong>propterea</strong></span> <span class='ocrx_word' id='word_1_332' title='bbox 1452 4655 1524 4730; x_wconf 85' lang='lat' dir='ltr'><strong>dati</strong></span> <span class='ocrx_word' id='word_1_333' title='bbox 1547 4654 1594 4728; x_wconf 88' lang='lat' dir='ltr'><strong>ad</strong></span> <span class='ocrx_word' id='word_1_334' title='bbox 1618 4654 1787 4748; x_wconf 76' lang='lat' dir='ltr'><strong>integram</strong></span> <span class='ocrx_word' id='word_1_335' title='bbox 1805 4647 1974 4722; x_wconf 87' lang='lat' dir='ltr'><strong>emendam</strong></span> 
     </span>
    </p>
   </div>
   <div class='ocr_carea' id='block_1_3' title="bbox 0 0 2141 5906">
    <p class='ocr_par' dir='ltr' id='par_1_3' title="bbox 0 0 2141 5906">
     <span class='ocr_line' id='line_1_35' title="bbox 0 0 2141 5906; baseline 0 0"><span class='ocrx_word' id='word_1_336' title='bbox 0 0 2141 5906; x_wconf 95' lang='lat' dir='ltr'><strong> </strong></span> 
     </span>
    </p>
   </div>
  </div>
 </body>
</html>
