4242 5904
209 577 315 662 llantur.
334 573 394 659 ll.]
667 573 863 636 Hlsroala
888 569 1181 633 blrlonnlmll.
1573 570 1630 633 lat

299 710 403 787 (Edld.
417 709 447 770 J.
462 707 618 780 Dnnnnnr,
634 705 742 789 Sappio
755 703 832 768 dello
845 703 910 790 lupa
922 702 1036 784 tamn,
1051 721 1083 780 p.
1102 710 1170 779 tlt,
1183 717 1232 778 ap.
1246 700 1368 764 Memor.
1380 698 1449 761 dell'
1460 701 1631 766 Accedemic

336 814 370 876 dt
387 815 506 890 Turiam,
519 820 544 873 t.
560 811 881 876 lib-Memoradum
894 830 941 891 ap.
956 814 1117 883 Cmnnnro,
1128 809 1229 870 stoma
1241 805 1273 867 di
1285 806 1392 882 ctiori,
1406 815 1431 870 t.
1446 809 1494 888 11,
1511 827 1543 889 p.
1561 821 1629 884 105,

335 937 374 981 ex
386 919 523 998 origlnall
534 920 567 978 ln
579 918 702 980 amhtrn
712 917 847 980 Cartenna
859 924 1011 980 asservato
1025 919 1110 995 culus
1123 914 1254 992 alglllum
1268 913 1404 974 avulsum
1417 913 1489 993 est.)

263 1094 476 1184 Fridericns,
494 1091 558 1164 llei
580 1091 691 1186 gratia
709 1093 942 1166 Romanorum
964 1091 1149 1186 imperator
1172 1111 1306 1183 semper
1325 1099 1509 1183 angustus,
1529 1093 1628 1164 lern-

215 1221 326 1293 salem
348 1228 384 1292 et
404 1218 519 1290 Sicilie
537 1237 615 1289 rex.
636 1218 744 1290 Iustis
761 1215 918 1290 fidelium
937 1225 1129 1288 nostrorum
1151 1213 1458 1308 supplicationibus
1481 1217 1627 1290 condes·

214 1343 365 1417 oendere
382 1343 557 1432 cogimur,
577 1340 715 1412 illorum
735 1341 901 1436 precipue
914 1339 975 1434 qui
990 1337 1074 1410 dnm
1093 1337 1173 1410 olim
1189 1337 1371 1409 vacillante
1385 1346 1473 1410 statu
1492 1339 1628 1436 imperii

213 1488 276 1560 per
293 1466 489 1538 vicinorum
508 1464 665 1558 oppressi
685 1464 873 1558 potentiam
893 1464 929 1534 in
947 1465 1020 1534 sola
1045 1461 1232 1554 majestatis
1253 1469 1368 1532 nostre
1391 1462 1627 1537 misericordia

213 1612 313 1686 spem
331 1589 459 1681 relngii
474 1597 676 1682 posuerunt.
698 1587 784 1660 lude
800 1597 851 1659 est
869 1587 974 1681 igitur
988 1585 1086 1681 quod
1099 1584 1256 1656 homines
1275 1584 1370 1655 Karii
1387 1584 1505 1658 fideles
1522 1590 1627 1661 nostri

213 1712 250 1782 in
266 1720 384 1785 nostre
403 1711 591 1802 majestatis
608 1711 780 1804 presentia
800 1707 977 1782 constituti
993 1707 1166 1780 humiliter
1179 1709 1417 1803 supplicarunt
1433 1712 1528 1804 quod
1545 1735 1626 1787 cum

213 1835 295 1908 olim
310 1857 373 1930 pre
384 1833 539 1929 potentia
554 1833 748 1906 vicinomm
767 1831 1000 1906 involuntarie
1013 1831 1226 1923 civitatibus,
1238 1831 1372 1926 burgis,
1389 1835 1520 1923 castris,
1537 1859 1627 1909 mar·

212 1957 419 2047 chionibus,
437 1956 634 2030 castellanis
658 1967 695 2028 et
718 1957 795 2029 aliis
817 1977 856 2030 se
877 1978 939 2053 per
960 1967 1214 2028 sacramentnm
1238 1957 1412 2030 societatis
1437 1959 1504 2031 sub
1525 1963 1626 2035 certis

211 2081 323 2176 pactis
338 2090 374 2152 et
390 2079 646 2152 conditionibus
657 2079 886 2174 obligassent,
904 2101 966 2174 per
981 2079 1076 2172 qnod
1088 2079 1297 2150 tenebantur
1313 2079 1443 2152 eisdem
1454 2081 1489 2154 in
1505 2105 1625 2158 eornm

212 2225 322 2298 grave
335 2203 530 2299 periculum
548 2211 583 2274 et
599 2201 744 2276 evidens
758 2202 894 2298 imperii
913 2202 1178 2292 detrimentum,
1194 2223 1257 2275 nos
1275 2202 1432 2276 homines
1451 2206 1626 2300 predictos

211 2326 336 2401 fidelos
354 2335 489 2400 nostros
505 2324 552 2399 de
574 2325 798 2399 sacramentis
815 2335 851 2398 et
871 2326 1089 2422 pactionibus
1105 2326 1312 2420 supradictis
1334 2337 1369 2398 et
1389 2330 1499 2423 pactis
1517 2353 1624 2426 appo·

210 2451 286 2523 sitis
309 2471 416 2545 snper
442 2451 493 2521 eis
515 2450 696 2522 absolvere
721 2459 756 2521 et
783 2448 932 2522 liberare
954 2448 1001 2522 de
1023 2459 1139 2521 nostra
1166 2450 1277 2544 gratia
1300 2450 1535 2544 dignaremur.
1555 2457 1627 2530 Nos

210 2573 318 2666 igitur
337 2594 457 2646 eorum
479 2573 788 2670 supplicationibus
809 2573 997 2665 benignius
1019 2571 1186 2662 inclinati,
1204 2594 1267 2668 pro
1290 2595 1333 2646 eo
1355 2577 1509 2649 maxime
1530 2580 1627 2674 quod

210 2698 327 2770 locum
347 2697 441 2770 Karii
459 2707 610 2770 nostram
628 2705 663 2770 et
678 2697 812 2791 imperii
830 2718 1000 2769 cameram
1019 2697 1189 2790 elegimus
1210 2700 1408 2793 specialem,
1430 2723 1496 2775 nec
1517 2704 1628 2778 voln-

209 2843 289 2895 mus
302 2822 399 2916 qnod
412 2822 517 2894 alicui
533 2821 677 2908 civitati,
694 2821 825 2914 burgo,
841 2841 904 2892 seu
921 2829 1032 2893 castro
1046 2841 1108 2894 sen
1123 2821 1228 2895 alicui
1247 2843 1393 2918 persone
1406 2827 1553 2899 seculari
1570 2831 1628 2902 vel

210 2947 463 3038 ecclesiastice,
482 2945 546 3018 sed
565 2945 628 3016 soli
645 2945 798 3018 Romano
810 2945 957 3040 imperio
975 2955 1149 3034 teneatur,
1171 2967 1251 3017 cum
1271 2947 1375 3019 etiam
1394 2949 1470 3024 sine
1486 2973 1628 3027 assensu

210 3079 328 3142 nostro
355 3079 390 3142 et
414 3069 549 3164 imperii
573 3078 749 3142 contracta
776 3069 880 3141 fuerit
907 3070 1055 3141 societas
1081 3069 1299 3164 supradicta,
1326 3073 1478 3166 prelatos
1507 3075 1627 3152 fideles

210 3203 347 3268 nostros
371 3215 393 3266 a
416 3193 581 3289 predictis
605 3192 847 3281 sacramentis,
869 3192 1088 3287 pactionibus
1104 3193 1181 3266 sive
1197 3195 1480 3289 promissionibus
1500 3221 1623 3296 snpra·

211 3317 305 3391 dicte
319 3317 474 3392 societati
490 3317 589 3390 lactis
601 3325 637 3388 et
654 3316 806 3411 prestitis
820 3315 865 3388 de
878 3316 1094 3411 plenitudine
1110 3319 1221 3410 gratie
1238 3330 1353 3392 nostre
1370 3341 1416 3393 ex
1430 3331 1525 3396 certa
1543 3344 1626 3397 oon·

210 3441 354 3514 scientia
372 3439 535 3514 duximus
553 3438 805 3532 absolvendos,
823 3439 1009 3513 liberantes
1024 3441 1166 3514 eosdem
1180 3442 1225 3514 ab
1243 3444 1338 3515 omni
1357 3465 1448 3539 pena
1465 3446 1502 3516 in
1519 3468 1627 3541 qnam

209 3565 394 3638 occasione
406 3565 607 3660 pactionum
623 3563 875 3659 predictarum,
891 3565 1094 3638 sacramenti
1110 3575 1143 3638 el
1162 3567 1337 3640 societatis
1355 3568 1440 3642 inite
1458 3570 1626 3644 hactenns

210 3687 421 3762 inciderunt.
441 3689 671 3762 Instrumenta
693 3688 797 3762 etiam
824 3709 887 3760 seu
913 3689 1060 3783 scripta,
1078 3690 1108 3761 si
1130 3691 1265 3784 quade
1286 3691 1449 3767 societate
1469 3694 1626 3789 predicta

210 3813 368 3885 conlecta
381 3813 470 3903 sint,
491 3813 653 3886 volumus
668 3811 714 3884 de
733 3821 847 3886 cetero
865 3834 936 3885 non
954 3814 1084 3886 valere.
1105 3813 1162 3887 Ad
1177 3814 1282 3908 hujus
1295 3824 1411 3888 autem
1426 3817 1476 3889 rei
1494 3839 1626 3891 memo·

211 3935 296 4006 riam
312 3945 348 4008 et
368 3936 475 4008 mbur
493 3947 662 4031 perpetuo
679 3936 881 4028 valiturum,
896 3957 1037 4032 presens
1050 3939 1216 4035 scriptum
1235 3938 1310 4012 fieri
1326 3950 1361 4012 et
1372 3940 1483 4035 sigillo
1501 3943 1626 4035 majes-

211 4059 289 4132 tatis
301 4068 417 4133 nostre
430 4059 598 4152 jussimus
614 4060 836 4132 communiri.

259 4185 384 4256 Datum
397 4182 493 4280 apud
511 4185 718 4274 Taurinum,
740 4205 833 4257 anno
851 4183 1026 4258 dominice
1041 4186 1286 4262 incarnationis
1299 4189 1346 4262 Μ.
1360 4186 1423 4262 CC.
1434 4189 1623 4282 XXXVlll,

210 4326 328 4381 mense
344 4307 468 4403 aprili,
489 4306 675 4382 undecime
692 4307 906 4383 indictionis.
