4242 5904
464 557 522 618 182
960 553 1174 614 llllllilllllCl
1204 555 1377 616 sltcttttbl
1683 553 1764 632 [arra.
1784 553 1870 616 1238.

462 692 553 764 rium
579 689 714 786 posuit,
733 709 803 760 non
830 687 946 760 timuit
970 688 1163 782 segregari,
1181 691 1264 783 quie
1289 711 1353 762 nec
1379 711 1497 762 ramus
1523 687 1613 761 vivit
1633 688 1733 782 quia
1757 689 1875 762 radice

462 813 653 908 sejungitur
669 834 733 886 neo
745 812 939 884 membrum
955 812 1062 884 vitam
1077 813 1202 886 retinet
1213 813 1309 907 qnod
1322 837 1342 886 a
1357 833 1499 908 corpore
1509 821 1700 908 separatur,
1717 813 1873 886 conside·

462 947 577 1011 rantes
606 934 701 1030 quod
727 957 806 1008 cum
829 937 970 1010 ecclesia
995 959 1122 1032 sponsa
1146 937 1268 1010 Christi
1292 938 1337 1012 sit
1364 937 1560 1031 uniceque
1587 936 1624 1008 in
1649 937 1751 1010 beato
1775 938 1873 1010 Petro

461 1063 691 1158 apostolorum
712 1059 869 1155 principe
888 1081 957 1132 non
982 1059 1160 1132 dubitatur
1185 1083 1261 1134 esse
1282 1061 1444 1153 lundata,
1463 1060 1621 1154 quisquis
1637 1060 1739 1132 aliem
1756 1061 1872 1132 eccle-

462 1187 548 1258 siam
572 1195 671 1260 extre
688 1185 791 1256 istam
812 1183 987 1254 eonstituit
1006 1205 1069 1256 seu
1089 1183 1198 1256 credit
1215 1207 1316 1280 possa
1334 1183 1512 1275 constitui,
1533 1193 1662 1256 certum
1683 1191 1737 1256 est
1753 1205 1871 1256 cuma

461 1311 534 1382 vita
547 1331 630 1382 vere
642 1307 723 1381 fidei
737 1308 774 1381 in
788 1316 931 1380 mortem
946 1307 1076 1380 heresis
1087 1307 1255 1402 separari;
1274 1307 1418 1404 provida
1431 1307 1678 1380 deliberatione
1695 1308 1873 1380 timuimus

460 1455 505 1506 ne
530 1433 613 1505 dicti
636 1432 733 1504 Greci
759 1452 847 1526 qnos
867 1431 912 1503 ab
934 1433 1079 1504 ecclesia
1095 1419 1157 1504 liei
1174 1433 1418 1527 transportavit
1437 1432 1472 1502 in
1494 1451 1706 1526 synagogem
1724 1430 1874 1504 Sathena

461 1559 590 1631 alluvio
617 1555 828 1647 schismatis,
858 1556 988 1650 impetu
1019 1556 1177 1628 torrentis
1203 1556 1315 1629 ohrnti
1341 1555 1376 1626 in
1398 1555 1562 1649 abyssum
1590 1554 1874 1648 precipitarentur

461 1683 610 1754 heretice
622 1679 817 1776 pravitatis.
838 1680 978 1774 Propter
990 1679 1086 1773 quod
1105 1681 1265 1773 exemplo
1278 1679 1404 1752 summi
1423 1678 1569 1773 pastoris
1583 1699 1685 1750 ovem
1703 1676 1873 1772 perditam

460 1807 506 1881 ed
527 1807 617 1880 ovile
637 1804 852 1877 dominicum
870 1802 1015 1897 propriis
1033 1803 1210 1896 cupientes
1227 1803 1380 1876 humeris
1400 1811 1590 1898 reportare,
1611 1799 1657 1873 ad
1672 1801 1870 1886 veteomor,

463 1925 708 2029 [Germanum]
728 1927 860 1999 dictum
874 1925 1103 2021 patriarcham
1121 1927 1309 2016 Nicenum,
1331 1927 1477 2022 prelatos
1499 1934 1534 1998 et
1550 1925 1678 1997 clerum
1697 1924 1763 1996 sibi
1783 1925 1872 1996 snb-

460 2053 568 2142 ditos,
588 2054 707 2124 tratres
725 2049 957 2144 predicatores
973 2057 1009 2120 et
1033 2049 1183 2121 minores
1205 2049 1240 2120 in
1257 2050 1335 2144 lege
1356 2049 1475 2122 diviua
1493 2050 1596 2144 plena
1618 2049 1744 2143 peritos
1763 2058 1874 2122 trans·

459 2178 634 2260 misimus,
651 2173 918 2271 paternis-apud
938 2174 1031 2269 ipsos
1049 2175 1189 2248 monitis
1210 2185 1245 2246 et
1263 2175 1422 2270 precihus
1440 2175 1635 2248 insistentes
1658 2183 1698 2246 nt
1713 2196 1734 2248 a
1751 2195 1873 2248 somno

459 2301 579 2373 mortis
600 2307 812 2392 exurgerent
841 2310 875 2370 at
903 2299 1072 2392 fugientes
1097 2321 1119 2371 a
1147 2308 1291 2371 ventura
1308 2299 1378 2390 ira,
1400 2299 1619 2372 illucescente
1639 2298 1705 2371 illis
1725 2321 1874 2396 superne

459 2425 622 2497 claritatis
637 2423 787 2512 lumina,
801 2444 838 2496 se
853 2423 974 2494 unioni
985 2422 1151 2496 catholice
1160 2424 1397 2496 reformarent.
1413 2420 1460 2494 At
1472 2423 1552 2518 ipsi,
1563 2424 1706 2496 sioutcx
1719 2423 1872 2519 ipsorum

459 2550 602 2620 fratrum
615 2546 770 2619 veridice
785 2547 949 2620 relatione
966 2546 1195 2642 percepimus,
1217 2547 1373 2621 diversos
1390 2557 1507 2620 matra
1525 2545 1629 2620 iidem
1645 2547 1870 2620 orthodoxam

458 2679 686 2768 proponentes
707 2691 838 2743 errores
856 2680 890 2743 et
910 2671 1110 2744 obturantes
1128 2691 1224 2743 more
1246 2671 1377 2766 aspidis
1396 2691 1497 2745 auras
1512 2693 1614 2764 snas,
1633 2672 1735 2742 nullis
1752 2681 1872 2766 potne-

460 2806 541 2868 runt
564 2795 684 2868 induci
701 2795 839 2868 monitis
857 2804 896 2866 nt
918 2795 954 2865 in
973 2795 1068 2866 viam
1091 2795 1244 2872 redirent
1268 2795 1496 2868 ecclesiastice
1521 2796 1660 2868 unitatis
1679 2796 1741 2892 (l).
1765 2797 1874 2890 Super

460 2941 530 3014 qno
548 2919 743 2991 vehementi
763 2919 880 2991 dolore
903 2919 1047 3009 turbati,
1066 2940 1111 2991 na
1135 2920 1261 2992 frustra
1278 2919 1321 2992 sit
1335 2920 1434 2991 nohis
1451 2921 1624 2992 evellendi
1644 2931 1679 2993 et
1695 2918 1872 3016 plantandi

460 3043 580 3115 celitus
594 3043 715 3116 collata
728 3050 892 3136 potestas,
907 3030 1028 3114 contra
1045 3039 1176 3114 dictum
1192 3043 1370 3115 Vatacium
1385 3043 1640 3116 schismaticum
1660 3045 1782 3135 atejus
1800 3046 1873 3115 lan·
1921 3079 1926 3092 ·

459 3176 549 3238 tores
565 3168 625 3260 qui
644 3165 932 3239 excommunicati
949 3165 1084 3238 anobis
1103 3167 1207 3239 semel
1224 3167 1259 3238 in
1276 3169 1376 3239 aunis
1389 3167 1535 3261 singulis
1552 3169 1770 3258 nuntiantur3
1791 3167 1872 3262 quia

459 3292 614 3387 ipsorum
641 3291 787 3363 vnlnere
810 3309 931 3362 sanare
954 3290 1154 3384 hujusmodi
1179 3311 1248 3364 non
1274 3291 1388 3386 potuit
1411 3287 1603 3385 medicina,
1625 3301 1786 3364 nontam
1809 3313 1872 3386 pro

459 3414 615 3491 subsidlo
644 3413 1009 3508 Constantinopolitani·
1032 3415 1166 3510 imperii
1194 3435 1299 3508 quam
1326 3434 1390 3510 pro
1419 3415 1671 3488 corroboranda
1696 3425 1736 3487 ct·
1753 3415 1872 3488 deleu-

460 3537 576 3610 denda
594 3537 663 3611 fide
680 3536 848 3610 catholica
863 3537 898 3609 in
917 3539 1073 3633 partibus
1092 3539 1233 3612 orientis
1251 3540 1379 3612 multos
1394 3541 1582 3635 principes,
1599 3539 1745 3613 barones
1759 3547 1793 3612 et
1808 3540 1873 3610 mi·

459 3663 535 3734 lites
557 3663 656 3756 signo
681 3663 792 3736 crucis
813 3663 957 3735 lecimus
979 3663 1156 3758 insigniri,
1184 3665 1322 3738 cultoris
1337 3665 1530 3759 evangelici
1548 3675 1732 3761 sequentes
1753 3687 1873 3739 exom-

457 3787 554 3882 plum
577 3785 638 3881 qui
660 3784 772 3881 primo
797 3787 887 3859 circa
908 3786 1011 3860 licum
1039 3789 1187 3860 sterilem
1209 3789 1343 3863 fodiens
1367 3799 1401 3862 et
1423 3789 1562 3862 mittens
1589 3799 1754 3881 stercora,
1780 3791 1871 3862 illem

458 3919 613 4005 tempore
629 3912 789 4004 sequenti
802 3909 950 3984 succidit
967 3911 1033 3983 nisi
1051 3913 1153 4007 poma
1169 3913 1375 4008 produxerit
1391 3921 1583 4009 expectata.
1603 3914 1717 3998 Quare
1741 3911 1873 3984 sereni-

458 4043 563 4106 tatem
594 4044 688 4106 tnem
729 4033 924 4130 apostolicis
955 4036 1078 4109 nuntio
1103 4031 1137 4108 et
1164 4037 1290 4132 scripto
1324 4037 1522 4132 rogavimus
1555 4047 1595 4110 ut
1627 4035 1872 4132 crucesignatis

458 4157 624 4251 predictis
646 4178 707 4254 per
735 4165 859 4231 terrem
886 4169 979 4230 tuam
1008 4159 1188 4232 transitum
1215 4161 1360 4233 liberum
1392 4161 1604 4256 indulgeres.
1632 4162 1760 4234 Verum
1792 4183 1870 4232 cnm

458 4281 548 4353 sicut
575 4281 813 4354 intelleximus
833 4283 995 4377 precibus
1012 4283 1291 4358 nostrisobioem
1321 4285 1531 4359 difficultatis
1556 4307 1731 4382 opponas,
1756 4285 1872 4380 impe-

491 4581 528 4654 (t)
547 4579 587 4639 Cf.
603 4581 764 4654 herorum,
778 4582 879 4642 Aaool.
893 4581 983 4642 eccles.
995 4583 1030 4642 ad
1044 4599 1107 4642 aun.
1121 4569 1233 4657 ⁴233,ss
1249 4583 1316 4656 1·1v,
1334 4583 1579 4657 steteramus,
1595 4584 1667 4643 nat.
1683 4583 1750 4658 moi.
1766 4581 1872 4657 dapiu-

455 4693 526 4750 runr,
542 4679 577 4737 ad
589 4695 653 4738 ann.
670 4681 750 4738 ⁴237.
1079 4678 1081 4687 '
1266 4676 1269 4686 '
