4242 5904
482 535 541 598 rso
969 539 1195 634 ⁸rrrrnuurcr
1220 538 1391 600 sacuam
1704 539 1784 618 [aar.
1803 539 1889 604 raas

529 671 653 740 Datum
680 669 776 765 apud
800 669 944 759 Albam,
970 694 1063 745 anno
1087 672 1258 746 dominice
1282 672 1526 744 incarnationis
1553 673 1734 746 millesimo
1759 675 1892 748 docan-

481 792 602 866 tcsimo
616 793 786 866 tricesimo
802 803 938 885 octavo,
954 818 1075 869 mense
1093 797 1227 886 martii,
1247 795 1434 872 undecima
1447 795 1658 872 indictionis.

724 1103 1200 1116 mantua-nn
1204 1105 1523 1116 affluo-na-
1529 1105 1614 1116 ...ο-ι
1623 1105 1645 1116 ιο

536 1360 740 1472 Gregorius
762 1390 877 1472 papa,
897 1363 1144 1474 Fridericum,
1166 1367 1425 1449 Romanorum
1452 1367 1740 1476 imperatorem,
1764 1379 1893 1451 monet

480 1505 517 1577 ct
549 1505 728 1605 rogatui
756 1497 1028 1606 crucesignatis
1054 1500 1121 1608 qni
1148 1499 1188 1579 in
1212 1498 1427 1582 subsidium
1456 1499 1751 1608 periclitantium
1778 1499 1889 1582 Lati-

480 1652 620 1710 norum
651 1641 784 1712 canna
806 1630 967 1714 Graecos
995 1631 1254 1714 schismaticos
1285 1641 1324 1714 et
1349 1632 1562 1716 haereticos
1581 1659 1621 1716 se
1648 1633 1892 1715 adduxerunt

482 1759 667 1842 auxilium
685 1771 722 1843 et
739 1761 908 1846 favorem
927 1762 1134 1871 impendat.

563 1973 686 2054 (Inedtt.
698 1993 736 2036 ex
744 1983 850 2054 regest.
861 1975 984 2054 Gregor.
1000 1975 1054 2048 IX,
1069 1993 1148 2037 anno
1158 1976 1213 2055 XI,
1224 1985 1258 2037 n⁰
1268 1985 1338 2051 441,
1348 1978 1504 2039 incollect.
1517 1979 1562 2038 La
1577 1977 1666 2040 Porta
1678 1962 1825 2051 du'l'dtr'l,
1836 1995 1885 2056 ap.

622 2083 762 2143 Biblioth.
778 2081 877 2144 Cesar.
892 2082 1000 2161 Paris.)

531 2267 733 2362 Gregorius,
757 2276 840 2358 etc,
862 2267 1043 2342 Froderico
1067 2267 1189 2340 illustri
1213 2270 1445 2341 Romanorum
1473 2267 1688 2362 imperatori,
1709 2277 1777 2342 cto.
1801 2269 1893 2340 Post·

483 2414 588 2486 qnam
607 2392 792 2464 Grecorum
812 2392 963 2488 populns
985 2393 1031 2464 ab
1048 2391 1241 2465 obedientia
1261 2395 1413 2464 Romane
1432 2391 1576 2464 ecclesie
1593 2389 1801 2482 declinavit,
1822 2413 1892 2464 non

483 2517 595 2588 solnm
610 2525 728 2588 contra
744 2514 902 2589 camdem
921 2516 1101 2589 ecclesiam
1119 2516 1267 2589 schisma
1283 2517 1391 2604 fovit,
1412 2537 1533 2587 verum
1554 2517 1658 2587 etiam
1675 2515 1726 2587 sic
1744 2513 1895 2610 degene-

484 2641 573 2714 ravit
591 2639 634 2713 de
649 2639 718 2712 dlio
733 2640 768 2711 in
780 2639 979 2735 privignum
997 2649 1032 2713 et
1047 2640 1146 2712 vanis
1161 2663 1202 2712 ac
1216 2640 1319 2712 variis
1333 2639 1549 2713 diversarum
1568 2640 1727 2712 berosum
1743 2640 1893 2712 nexibus

484 2787 522 2838 se
534 2765 678 2856 ingessit
690 2763 786 2859 qnod
798 2763 952 2836 Grcciam
967 2786 1058 2859 panc
1073 2773 1178 2838 totam
1190 2764 1340 2836 heretice
1352 2763 1529 2860 pravitatis
1543 2764 1671 2836 zizania
1686 2763 1890 2854 infecerunt,
2026 2827 2030 2838 .

485 2887 736 2986 propterquod
752 2888 788 2959 in
807 2886 1120 2960 abominationibus
1133 2887 1205 2959 suis
1222 2897 1340 2959 contra
1359 2908 1418 2959 eos
1432 2887 1600 2958 Dominus
1618 2885 1666 2958 ad
1678 2886 1893 2959 iracundiam

485 3022 693 3109 provocatus
709 3020 748 3083 nt
761 3033 865 3107 super
880 3033 959 3082 enm
976 3008 1049 3106 (aaa)
1069 3010 1357 3104 sangnisvenerit
1374 3011 1497 3105 ipsius,
1513 3010 1652 3083 voravit
1670 3010 1798 3082 electos
1813 3029 1895 3082 snos

360 3177 367 3194 ·
484 3145 521 3209 et
538 3135 684 3229 ingressi
699 3144 780 3206 sunt
794 3143 909 3230 portas
921 3135 1009 3226 ejus,
1025 3156 1086 3229 per
1099 3156 1187 3228 qnos
1203 3133 1347 3229 perditis
1363 3134 1452 3206 mala
1467 3134 1567 3206 malis
1580 3133 1720 3207 vineam
1732 3155 1831 3204 snam
1846 3133 1896 3205 lo·

487 3260 578 3333 cavit
595 3260 671 3332 aliis
687 3258 849 3352 agricolis
861 3257 1107 3350 excolendam,
1124 3259 1262 3330 tradens
1276 3259 1464 3330 Gracornm
1480 3257 1663 3352 imperium
1682 3257 1719 3328 in
1737 3258 1898 3330 manibus

485 3385 703 3474 Latinorum3
725 3404 788 3478 pro
801 3382 901 3474 cujus
915 3381 1157 3454 observatione
1172 3390 1302 3475 quanto
1318 3381 1446 3454 sudore
1462 3382 1655 3454 laboratum
1669 3381 1714 3453 sit
1730 3381 1898 3453 hactenns

486 3515 688 3602 quantoque
706 3507 824 3580 labore
838 3505 999 3579 sudatum
1014 3507 1225 3600 imperialem
1243 3506 1483 3578 excellentiam
1501 3505 1675 3578 credimus
1687 3527 1756 3578 non
1776 3505 1893 3578 latere.

485 3631 553 3703 Sed
572 3631 721 3726 peccatis
736 3629 956 3723 exigentibus
970 3629 1059 3700 adeo
1071 3628 1241 3701 diminuta
1254 3638 1307 3701 ost
1324 3637 1358 3700 et
1370 3628 1577 3701 diminuitur
1591 3628 1743 3722 potentia
1757 3629 1895 3700 Latino-

484 3776 584 3842 rum,
615 3754 904 3826 invalescentibns
933 3761 1052 3825 contra
1082 3774 1141 3825 eos
1168 3752 1318 3846 graviter
1345 3751 1492 3824 inimicis
1520 3750 1618 3845 qnod
1649 3751 1715 3822 nisi
1742 3749 1895 3823 celeriter

484 3877 597 3950 eidem
612 3877 758 3973 imperio
773 3885 1007 3964 succurratur,
1023 3876 1150 3948 Latinis
1164 3876 1248 3970 ipsis
1262 3875 1484 3971 irreparabile
1495 3895 1719 3970 personarum
1736 3883 1771 3946 et
1781 3895 1894 3946 rernm

485 4001 643 4074 imminet
664 4001 923 4090 detrimentum,
943 4001 1049 4072 immo
1074 4001 1243 4073 universis
1269 3995 1446 4072 catholicis
1465 3999 1619 4072 confusio
1644 4008 1677 4070 et
1697 3997 1895 4093 oprobrinm

484 4125 744 4219 sempitemnm.
761 4125 850 4210 Quia
867 4145 950 4198 vero
965 4123 1067 4195 nimis
1084 4133 1175 4196 esset
1193 4145 1261 4198 non
1280 4124 1393 4196 solum
1412 4123 1576 4220 impium,
1595 4122 1778 4195 sedetiam
1797 4121 1898 4194 inhn-

485 4269 628 4320 manum
643 4249 672 4321 si
692 4249 854 4343 reliquias
867 4250 1065 4321 Latinorum
1081 4271 1150 4342 que
1165 4256 1403 4320 remanserunt
1420 4247 1551 4320 ibidem
1564 4249 1610 4320 ab
1624 4247 1773 4318 inimicis
1787 4247 1847 4320 Dei
1865 4255 1900 4320 et
1936 4291 1941 4306 κ

484 4371 637 4444 Ecclesia
653 4373 784 4467 perire,
805 4372 891 4445 dnm
906 4382 1004 4467 potes
1023 4393 1244 4463 succurrere,
1271 4371 1457 4466 patereris,
1481 4373 1660 4466 presertim
1684 4393 1765 4444 cnm
1783 4371 1901 4444 excel·

484 4495 590 4570 lentio
610 4495 799 4592 imperialis
813 4495 944 4567 intersit
963 4495 1163 4588 hujusmodi
1182 4497 1411 4591 superborum
1426 4495 1477 4592 (a)
1495 4495 1675 4570 humiliare
1694 4496 1757 4590 qni
1776 4504 1894 4568 contra

528 4646 570 4726 (a)
592 4646 682 4708 Docet
693 4647 734 4706 ibt
747 4664 807 4708 vox
816 4631 995 4726 protervum
1009 4647 1055 4707 vel
1069 4646 1199 4725 ejusdem
1214 4662 1326 4709 sensus.
