4226 5900
223 555 323 615 isere.
340 551 403 628 la]
675 547 871 608 ursronrn
898 547 1189 610 nrrnounrrca.
1575 561 1635 622 sne

222 688 420 772 scribimus,
437 685 584 779 recipias
597 705 661 779 pro
675 693 774 780 parte
786 684 884 756 curie
897 691 1013 756 nostre
1027 680 1200 762 fidelitatis
1212 691 1247 756 et
1258 684 1361 757 officii
1377 689 1583 780 juramenta,
1602 707 1637 768 et

221 813 357 885 lictores
375 821 453 882 tuas
476 807 605 882 exinde
628 808 769 886 cuilibet
788 828 909 880 eorum
931 805 1119 897 concedas,
1135 807 1322 882 sollicitans
1344 831 1403 884 eos
1426 823 1465 884 ut
1482 815 1634 892 officium

222 936 337 1031 ipsum
349 933 495 1007 fideliter
508 941 729 1026 exequantur
744 941 779 1004 et
792 931 888 1024 qnod
902 929 1077 1022 justitiarii
1091 930 1270 1023 regionum
1287 943 1478 1025 presentem
1491 941 1634 1028 gratiam

221 1068 374 1131 nostram
396 1066 430 1130 et
450 1056 654 1150 omniaque
675 1056 779 1128 misse
801 1055 848 1128 ad
864 1075 925 1126 eos
945 1059 1060 1126 nostre
1078 1053 1195 1126 lictore
1218 1055 1394 1128 continent
1415 1060 1635 1154 solempniter

221 1182 373 1256 debeant
392 1181 583 1278 publicare.
611 1180 772 1253 Ceterum
797 1178 898 1252 dictis
926 1177 1062 1260 statutis
1084 1177 1129 1250 ed
1149 1177 1406 1272 requisitionem
1429 1201 1547 1256 eorum
1571 1185 1635 1258 des

221 1325 325 1377 omne
342 1305 541 1394 consilium,
555 1302 727 1374 auxilium
742 1311 776 1374 et
790 1303 942 1374 favorem
956 1320 1060 1395 super
1072 1300 1234 1372 omnibus
1247 1323 1317 1394 qne
1330 1302 1413 1396 ipsis
1429 1326 1490 1400 per
1501 1307 1635 1382 lieteras

221 1437 355 1502 nostras
371 1428 545 1500 mictimns
562 1426 729 1522 speciales
745 1434 779 1499 et
795 1424 916 1498 ceteris
934 1423 996 1496 nbi
1012 1423 1135 1496 uestris
1152 1424 1309 1497 comodis
1325 1426 1517 1520 expediret,
1541 1453 1582 1503 ac
1598 1434 1634 1504 iu

221 1551 288 1649 hys
310 1552 502 1649 specialiter
517 1550 620 1644 quod
646 1571 766 1622 omues
789 1549 873 1620 illuc
899 1547 1056 1641 undique
1081 1549 1259 1622 venientes
1282 1571 1372 1642 quos
1394 1573 1533 1626 securos
1560 1578 1635 1629 esse

220 1678 383 1750 velumus
401 1685 435 1748 et
451 1675 673 1770 indempnes,
695 1675 731 1744 in
748 1674 904 1768 persenis
922 1681 956 1744 et
972 1671 1076 1742 rebus
1098 1679 1321 1744 manuteneas
1339 1682 1374 1744 ct
1388 1673 1574 1768 delendas,
1596 1692 1635 1752 ut

220 1808 358 1895 propter
375 1800 531 1872 levorem
552 1797 745 1870 securitatis
764 1805 799 1869 et
817 1773 926 1890 gratie
944 1817 1064 1868 omnes
1084 1795 1167 1867 illuc
1187 1817 1233 1868 ex
1254 1797 1347 1868 omui
1368 1808 1465 1890 parte
1485 1822 1634 1874 concur-

220 1933 297 1996 rant
313 1932 348 1996 et
362 1924 459 2017 copia
475 1923 621 2016 pecunie
637 1921 827 1994 necessarie
843 1920 946 1992 citius
962 1928 997 1992 et
1014 1921 1242 2015 opportunius
1255 1919 1436 1993 habeatur.

269 2044 405 2144 [Datum
424 2055 464 2118 ut
476 2043 609 2143 supra]

269 2174 350 2243 Item
367 2171 528 2265 scripsit:

267 2292 488 2385 Fredericus,
509 2303 592 2384 etc,
611 2291 792 2364 Themasio
808 2289 854 2364 de
873 2292 1089 2386 llloutenigro
1102 2291 1286 2385 justitiario
1309 2293 1539 2388 Principatus‚
1563 2311 1629 2371 etc.

219 2416 375 2490 Generali
397 2416 485 2508 fisci,
509 2424 592 2504 ete,
610 2416 694 2486 sicat
708 2437 812 2509 supra
826 2437 931 2508 oeque
941 2423 1090 2509 recepta.
1105 2415 1190 2486 Cum
1204 2415 1309 2508 igitur
1323 2415 1516 2488 Oderisium
1530 2419 1631 2492 Pere-

218 2540 307 2634 grini
331 2540 377 2614 de
400 2541 517 2636 Capua
547 2539 725 2613 custodem
748 2547 783 2610 et
804 2538 1003 2633 Philippum
1028 2537 1074 2610 de
1095 2539 1221 2610 Sancto
1246 2537 1408 2632 Gregorio
1428 2538 1473 2612 de
1492 2541 1632 2616 Salerne

218 2664 410 2754 notarium,
428 2663 549 2736 fideles
565 2672 716 2752 uostms,
736 2683 840 2757 super
852 2671 952 2758 portu
967 2682 1071 2756 quem
1089 2659 1125 2732 in
1142 2662 1256 2734 Veteri
1272 2662 1309 2732 iu
1320 2661 1561 2754 jurisdictione
1573 2678 1632 2741 tua

219 2788 265 2862 de
280 2809 372 2860 novo
388 2788 584 2872 statuimus,
606 2787 811 2860 duxerimus
824 2785 1024 2859 statuendos
1036 2793 1072 2857 et
1090 2784 1141 2857 eis
1155 2783 1199 2856 de
1216 2786 1398 2858 commisso
1415 2785 1498 2860 dicti
1514 2800 1632 2884 portus

218 2912 333 2985 officio
352 2913 486 2986 licteras
498 2911 693 2984 miserimus
711 2910 894 3005 speciales,
915 2907 1073 2982 fidelitati
1092 2917 1152 2980 tue
1170 2906 1314 2981 firmiter
1333 2909 1535 2983 etdistricte
1553 2935 1632 3007 pre-

217 3034 378 3130 cipiendo
398 3035 605 3108 mandamus
622 3043 793 3128 quatenus
816 3031 862 3105 ad
881 3032 1139 3125 requisitionem
1162 3052 1283 3104 eorum
1303 3041 1341 3102 tu
1361 3054 1432 3105 una
1451 3055 1530 3104 cum
1549 3037 1631 3108 Ric-

218 3157 325 3231 eardo
343 3157 390 3230 de
407 3157 548 3230 Polcare
566 3159 603 3229 in
620 3159 697 3230 loco
712 3155 756 3227 Α.
777 3154 823 3227 de
836 3155 949 3228 Merra
969 3153 1014 3226 de
1029 3175 1121 3226 novo
1136 3162 1262 3227 statuto
1280 3153 1338 3226 'cui
1359 3155 1488 3228 exinde
1506 3159 1631 3232 scribi-

217 3302 296 3352 mus
316 3280 380 3376 (l),
399 3278 521 3354 fideles
540 3289 674 3354 nestros
698 3280 733 3350 in
752 3287 814 3350 tua
831 3277 1072 3371 jurisdictione
1088 3285 1233 3350 statutos
1253 3279 1458 3371 generaliter
1479 3281 1628 3370 animes,

218 3404 400 3476 efficaciter
425 3405 555 3477 excites
579 3413 613 3478 et
638 3403 820 3498 diligenter
843 3402 988 3475 inducas
1007 3411 1046 3471 ut
1069 3401 1215 3495 quilibet
1235 3424 1298 3496 pro
1321 3403 1537 3477 facultatibus
1559 3407 1631 3478 suis

219 3528 446 3630 agriculturas
460 3505 596 3601 'iaciant
619 3509 775 3623 copiosas
796 3534 831 3598 et
854 3545 960 3620 super
984 3516 1202 3618 agriculturis
1222 3545 1360 3598 omnem
1385 3547 1504 3598 curam
1527 3527 1631 3600 adhi-

218 3650 324 3723 beant
339 3660 373 3724 et
392 3672 531 3746 operam
549 3651 742 3739 efficacem,
762 3669 833 3743 quo
851 3657 886 3721 et
902 3657 1073 3743 emptores
1094 3647 1272 3720 inveniant
1288 3647 1529 3722 habundanter
1546 3653 1631 3745 qnid

218 3775 414 3866 extrabant,
429 3783 464 3846 et
478 3776 569 3846 inter
581 3773 702 3846 fideles
713 3782 848 3844 uestros
865 3773 976 3844 lorum
992 3793 1107 3869 rernm
1123 3771 1299 3843 venalium
1316 3773 1429 3844 carius
1443 3772 1516 3847 lieri
1532 3797 1631 3870 prop

218 3907 311 3970 terea
332 3919 400 3969 non
421 3898 608 3990 contingat.
629 3897 739 3989 Hujus
760 3895 923 3990 equidem
948 3903 1063 3968 nostre
1085 3895 1194 3988 gratie
1218 3895 1386 3987 generalis
1410 3894 1473 3968 etsi
1493 3908 1630 3994 tempus

217 4021 446 4114 quinquennii
462 4030 636 4116 presentes
656 4019 862 4114 prefininut,
881 4039 950 4091 non
973 4026 1087 4090 tamen
1112 4017 1205 4088 illam
1224 4017 1512 4091 necessitudinem
1529 4021 1629 4093 nobis

218 4144 427 4238 imponimus
453 4146 539 4240 quiu
567 4143 788 4216 intendamus
812 4141 956 4216 ulterius
983 4142 1167 4214 terminum
1197 4162 1398 4236 prorogare,
1430 4143 1459 4214 si
1486 4126 1569 4216 fisco
1596 4155 1629 4216 et

218 4267 380 4341 fidelibus
393 4268 518 4342 nostris
532 4269 714 4376 utilitatem
728 4265 857 4341 exinde
874 4265 1058 4362 provenire
1074 4263 1272 4337 noverimus
1289 4273 1324 4337 et
1340 4286 1460 4338 omues
1475 4268 1628 4359 agricul-

253 4658 290 4732 (ll
307 4657 376 4716 Vide
391 4657 459 4716 inira
473 4657 628 4716 mandatum
642 4658 714 4730 apud
729 4657 849 4714 Mentem
862 4654 962 4726 Altum,
976 4657 1109 4728 dmartii,
1123 4656 1169 4715 lcl.
1179 4659 1215 4714 79
1229 4671 1317 4714 verso.
