4226 5900
511 626 573 685 tro
1014 623 1226 686 rnlnntttct
1252 623 1427 684 sncnnnt
1498 612 1511 628 '
1732 621 1813 704 [du.
1831 621 1923 684 lm

509 761 602 834 votis
629 759 702 832 suis
723 759 807 834 satis
833 756 1001 830 baberent
1023 758 1054 829 si
1080 757 1172 831 inter
1199 759 1369 832 vallorum
1393 757 1569 830 annaeus
1593 764 1630 827 et
1654 756 1729 828 loca
1756 755 1925 849 palustria

509 885 638 980 quibus
660 907 699 958 se
715 906 779 980 pro
803 884 912 955 muris
934 883 1171 976 muniverant,
1196 893 1337 980 possent
1362 883 1502 956 ultionis
1518 890 1635 955 nosue
1655 879 1810 975 gladium
1829 903 1926 954 nunc

510 1010 630 1082 saltem
650 1031 672 1081 a
694 1009 767 1080 suis
788 1007 981 1080 cervicibus
1001 1027 1183 1098 revocare,
1205 1017 1330 1080 natura
1347 1008 1502 1080 locorum
1521 1006 1568 1080 ad
1588 1025 1649 1079 ens
1669 1005 1735 1076 iter
1758 1003 1834 1077 lieri
1854 1025 1924 1077 non

509 1133 656 1205 sinente.
676 1131 761 1226 Ipsis
778 1131 884 1223 igitur
904 1130 954 1202 sic
974 1131 1116 1204 inclusis
1141 1153 1207 1204 nec
1230 1131 1476 1204 audentibusa
1493 1131 1605 1204 foveis
1623 1129 1752 1224 quibus
1771 1128 1926 1202 latebant

509 1263 613 1351 eaput
630 1254 750 1328 saltem
767 1255 913 1348 erigere,
928 1254 1129 1327 vastationis
1148 1254 1288 1347 gladius
1304 1263 1340 1333 et
1352 1254 1460 1327 nostri
1472 1255 1612 1326 flamma
1620 1251 1746 1345 judicii
1761 1251 1924 1325 universa

508 1378 751 1452 desiderabilia
775 1399 894 1451 eorum
920 1377 957 1450 in
982 1379 1095 1450 oculis
1127 1379 1201 1450 suis
1236 1377 1507 1473 circumquaque
1531 1385 1698 1469 vagantes
1721 1375 1759 1446 in
1784 1373 1924 1448 desola-

509 1503 637 1576 tionem
661 1511 862 1599 perpetuam
891 1503 1146 1574 combuxerunt
1170 1525 1282 1596 usque
1310 1501 1357 1574 ad
1381 1501 1496 1574 menia
1519 1500 1688 1586 civitatis,
1716 1507 1752 1571 et
1773 1497 1922 1571 infidelis

508 1629 657 1724 populus
679 1625 894 1720 quidudum
921 1626 1133 1718 gloriabatur
1156 1635 1283 1698 terram
1303 1625 1478 1698 districtus
1497 1625 1552 1696 sui
1574 1645 1644 1696 non
1665 1623 1922 1719 susceptibilem

508 1749 710 1851 cavillarum
734 1772 800 1822 nec
822 1751 876 1821 fas
902 1759 992 1822 esset
1013 1749 1118 1821 alicui
1140 1749 1245 1821 armis
1268 1750 1437 1844 attingere
1457 1747 1543 1820 lines
1566 1768 1666 1834 suos,
1695 1745 1922 1842 opprobrium

510 1897 612 1947 suum
629 1873 795 1947 viderunt
816 1873 853 1943 in
865 1873 1001 1964 januis,
1026 1893 1091 1944 nec
1106 1874 1211 1946 etiam
1235 1873 1406 1946 sustinere
1423 1881 1582 1968 poterant
1600 1879 1711 1942 castra
1727 1878 1846 1942 nosba
1863 1891 1923 1942 se-

508 1998 690 2092 quentium
709 1994 867 2070 convicia
882 1995 1098 2089 garcionum.
1112 1997 1189 2069 Non
1203 1995 1314 2069 deluit
1326 1997 1430 2068 etiam
1443 2017 1492 2068 ex
1504 1995 1572 2068 alia
1583 2003 1682 2089 parte
1695 1994 1923 2066 infortunium

509 2121 573 2210 eis,
592 2119 676 2192 dum
697 2120 819 2193 civitae
835 2120 988 2193 Cumana
1002 2141 1109 2214 quam
1127 2119 1264 2193 dudum
1280 2139 1483 2215 oppressam
1499 2127 1682 2192 tenuerant
1695 2117 1743 2191 ud
1759 2139 1825 2190 nos
1843 2139 1923 2190 ocu·

509 2265 609 2318 versa
633 2245 792 2336 totaliter,
815 2244 958 2338 prestito
975 2267 1056 2317 cum
1073 2245 1170 2318 omni
1193 2244 1379 2319 devotione
1401 2244 1503 2317 nobis
1524 2253 1559 2316 et
1582 2243 1726 2338 imperio
1747 2240 1922 2314 fidelitatis

505 2369 701 2461 juramento
715 2389 756 2440 ac
772 2375 911 2462 recepta
924 2389 1004 2439 cum
1017 2367 1111 2440 omni
1124 2368 1318 2441 reverentia
1331 2375 1500 2464 potestate
1512 2389 1616 2462 mem
1634 2366 1679 2440 do
1691 2367 1787 2439 curia
1804 2377 1921 2440 nostra

509 2491 677 2564 duximus
693 2483 994 2563 transmittendum
1010 2489 1076 2588 (l),
1091 2491 1213 2564 subitis
1231 2492 1359 2564 invasit
1373 2491 1594 2586 aggressibus
1611 2499 1744 2587 partem
1758 2491 1867 2578 illam,
1887 2501 1921 2562 et

509 2625 623 2710 preter
634 2613 919 2688 innumerabilem
934 2616 1068 2710 copiam
1079 2615 1280 2688 animalium
1293 2625 1329 2688 et
1340 2617 1486 2689 aliorum
1498 2616 1669 2688 bonorum
1676 2637 1747 2709 que
1756 2624 1918 2712 portave-

509 2747 602 2832 runt,
620 2739 729 2810 multa
745 2747 855 2811 castra
873 2748 909 2809 et
924 2739 1024 2812 villas
1041 2739 1286 2812 summiserunt
1303 2739 1485 2830 incendiis,
1505 2740 1542 2810 in
1555 2739 1631 2810 aliis
1647 2739 1748 2811 bonis
1766 2739 1919 2834 ipsorum

509 2861 636 2958 gladiis
651 2883 720 2935 non
736 2871 929 2956 parcentes.
949 2863 992 2932 Et
1005 2883 1086 2934 ecce
1098 2863 1259 2936 misimus
1272 2864 1354 2936 illuc
1370 2864 1588 2959 capitaneum
1606 2859 1659 2959 (2)
1663 2915 1914 2935 .......

508 2987 585 3058 loco
603 2987 711 3060 nostri
732 3007 812 3058 cum
835 2984 973 3057 decenti
988 2985 1137 3058 militum
1155 2987 1335 3079 comitiva,
1353 2995 1389 3059 et
1402 2987 1519 3059 omnia
1534 2993 1646 3058 castra
1661 2995 1696 3058 at
1711 2987 1918 3059 munitiones

510 3109 661 3182 Cumano
679 3109 827 3181 civitatis
853 3130 923 3204 que
945 3131 1123 3202 nunquam
1145 3107 1417 3183 Mediolanenses
1431 3111 1548 3204 aliquo
1569 3121 1742 3205 tempore,
1768 3117 1918 3203 quum&

510 3255 659 3328 cumque
676 3233 765 3306 inter
788 3253 847 3306 eos
871 3253 957 3328 pace
980 3231 1114 3326 habita,
1137 3243 1324 3328 potuerunt
1346 3233 1494 3326 babere,
1513 3233 1639 3306 nostris
1655 3233 1918 3324 assignaverunt

509 3357 731 3452 beneplacitis
749 3365 784 3428 et
804 3354 989 3428 mandatis.
1008 3355 1078 3428 Nos
1093 3355 1212 3450 itaque
1226 3355 1294 3428 biis
1314 3355 1475 3429 omnibus
1493 3355 1636 3430 feliciter
1651 3355 1754 3446 actis,
1775 3377 1822 3428 ne
1837 3355 1917 3427 Pla-

509 3481 621 3554 centia
638 3479 827 3574 iniquitutis
851 3479 922 3552 lilia
943 3489 1116 3552 tantarum
1134 3480 1397 3576 oppressionum
1414 3479 1514 3552 malis
1530 3488 1723 3553 remaneret
1738 3479 1913 3570 immunis,

509 3614 589 3678 ante
597 3613 736 3699 pontem
748 3603 920 3676 Placentie
931 3603 1073 3676 feliciter
1087 3601 1274 3676 defiximus
1287 3613 1398 3677 castra
1409 3613 1525 3678 nosna
1535 3613 1574 3675 ut
1586 3611 1771 3697 antequam
1781 3611 1917 3698 tempus

510 3729 827 3802 castrametantibus
850 3737 969 3823 aptum
992 3729 1131 3824 penitus
1154 3729 1292 3822 affluat,
1322 3730 1358 3800 in
1386 3739 1457 3801 tem
1483 3729 1648 3826 precipuo
1678 3729 1832 3801 membro
1855 3747 1917 3800 suo

508 3853 814 3926 Mediolanensium
836 3859 990 3947 caputet
1012 3860 1083 3924 mm
1106 3851 1255 3948 speciale
1270 3853 1463 3925 membrum
1479 3853 1516 3924 in
1534 3853 1646 3948 capite
1667 3851 1843 3925 feriamus.
1862 3849 1917 3922 Ad

509 3977 608 4069 cujus
626 3975 891 4048 destructionem
909 3981 1064 4070 potenter
1087 3975 1297 4066 insistimus,
1319 3985 1354 4050 et
1370 3977 1506 4049 siclam
1527 3977 1563 4048 in
1582 3975 1798 4049 terrestribus
1812 3995 1917 4069 quam

508 4101 545 4172 in
558 4101 740 4174 navalibus
752 4099 900 4194 ingeniis
912 4100 1024 4195 ipsam
1035 4099 1250 4174 intendimus
1265 4121 1468 4196 expugnare
1481 4099 1577 4195 qnod
1595 4100 1685 4174 intra
1699 4120 1829 4196 paucos
1842 4097 1916 4172 dies

506 4231 569 4298 aut
585 4225 686 4296 ruina
702 4223 881 4318 quassabit
899 4235 959 4295 aut
976 4223 1115 4296 llamme
1131 4223 1265 4317 judicio
1283 4224 1525 4298 summittatur.

544 4533 580 4606 (t)
600 4531 759 4590 thllelmar
773 4531 804 4590 dc
816 4533 920 4604 Lovro,
933 4539 964 4590 nt
978 4540 1071 4592 monet
1081 4533 1170 4594 Cantu
1186 4535 1215 4590 in
1228 4551 1277 4592 sua
1293 4534 1557 4594 aemathiam.

544 4629 581 4702 (2)
599 4629 705 4688 Scilicet
715 4629 888 4688 bertholdum
905 4631 1087 4690 marchionem
1101 4632 1136 4689 de
1148 4630 1291 4706 Foenburg
1306 4629 1505 4707 (liobeuburg),
1518 4631 1618 4704 dequo
1631 4629 1658 4687 in
1670 4629 1836 4688 documentis
1848 4627 1913 4685 inira

506 4726 598 4784 relatis
609 4727 724 4802 amplior
734 4743 797 4787 mox
810 4727 895 4787 aderit
907 4728 1015 4787 mentio.
