4350 5922
423 817 1058 1011 FRIDERICI
1122 813 1656 1004 SECUNDI

645 1185 894 1245 ΒΟΙΑΝΟΜῙΙ
915 1181 1193 1252 incestuosis,
1217 1181 1442 1240 JERUSALEH

855 1295 903 1354 ΕΤ
923 1293 1096 1352 steteras
1117 1291 1231 1350 REGIS

561 1525 932 1646 HISTORIA
979 1521 1526 1640 DlPLOMllTlCll.

796 1861 1303 1916 ⁴503——

727 2157 841 2222 ANNO
868 2157 968 2220 123⁷.
992 2191 1032 2206 -
1051 2156 1296 2220 lunlcnloun
1318 2157 1370 2220 10.

397 2642 630 2746 Fridericus,
659 2637 920 2721 Romanorum
949 2635 1170 2744 imperator,
1199 2634 1385 2719 uniuersis
1402 2635 1577 2719 mutariis
1605 2643 1643 2718 et
1668 2635 1761 2720 the-
1797 2657 1962 2768 1333an

344 2774 502 2862 ionariis
520 2773 562 2855 in
585 2771 709 2883 Styria
736 2769 952 2854 consuturis
974 2769 1133 2850 mandat
1158 2779 1202 2851 ut
1218 2769 1423 2878 praepositi
1446 2769 1699 2853 Seccoviensis
1726 2781 1764 2854 et

347 2907 525 2992 ecclesiae
542 2903 625 3014 ejus
643 2929 704 2986 res
721 2901 912 3011 deportari
930 2900 1048 2984 libere
1065 2909 1104 2982 et
1117 2901 1198 2984 sine
1216 2900 1297 2984 ulla
1314 2901 1509 2986 exactione
1525 2903 1761 3012 permittant,

349 3041 447 3125 sicut
463 3037 698 3148 temporibus
715 3035 824 3119 ducis
842 3034 1018 3144 Liupoldi
1036 3033 1096 3117 usi
1115 3033 1282 3117 luerunt.

432 3293 526 3372 (leon.
542 3309 592 3370 ap.
607 3291 710 3352 Poscu
724 3295 754 3351 et
767 3289 936 3368 Fnosucn,
952 3283 1111 3368 mptum.
1126 3285 1256 3367 sorta,
1271 3284 1382 3348 domm.
1400 3287 1527 3369 Servon,
1541 3307 1573 3368 p.
1590 3288 1674 3370 ²07.)

401 3515 611 3610 Fridericus‚
630 3515 693 3588 Dei
711 3515 819 3610 gratia
843 3516 1076 3587 Romanomm
1099 3513 1285 3608 imperator
1302 3535 1439 3609 semper
1452 3523 1641 3609 augustus,
1664 3514 1768 3586 Jeru-

355 3639 461 3714 salem
476 3651 512 3714 et
528 3641 644 3714 Sicilie
661 3661 738 3731 rex,
754 3639 927 3714 universis
943 3638 1098 3711 mutariis
1117 3648 1152 3710 et
1169 3637 1382 3710 theloniariis
1395 3638 1430 3710 in
1445 3639 1559 3735 Styria
1576 3638 1769 3711 constitutis

355 3763 517 3838 fidelibus
532 3765 605 3838 suis
616 3765 762 3860 gratiam
781 3786 880 3838 suam
895 3775 929 3838 et
943 3785 1045 3837 omne
1056 3763 1200 3836 bonnm.
1217 3762 1433 3858 Supplicavit
1444 3761 1643 3836 celsitudini
1655 3770 1771 3834 nostre

355 3888 562 3962 venerabilis
586 3888 781 3984 prepositus
803 3887 1040 3961 seccoviensis
1063 3885 1176 3958 fidelis
1200 3896 1318 3959 noster
1338 3897 1377 3958 ut
1398 3887 1465 3959 sibi
1486 3895 1521 3958 et
1542 3885 1685 3959 ecclesie
1707 3906 1771 3958 sue

357 4001 623 4085 eonsuetudines
640 4013 866 4108 approbatas,
887 4011 1050 4085 videlicet
1067 4009 1113 4083 de
1130 4007 1307 4103 portandis
1331 4009 1435 4082 rebus
1455 4009 1601 4082 ecclesie
1619 4031 1683 4082 sue
1709 4031 1772 4104 per

357 4129 505 4226 styriam
523 4132 629 4207 libere
652 4145 687 4208 et
707 4135 783 4208 sine
806 4136 923 4230 aliqua
944 4133 1107 4208 theolcnii
1125 4133 1325 4222 exactione,
1344 4133 1434 4205 sicut
1452 4134 1505 4205 nsi
1532 4142 1614 4206 sunt
1635 4143 1771 4228 tempo-

357 4252 453 4326 ribus
468 4253 569 4330 docis
589 4259 752 4352 Leopoldi
769 4259 828 4355 pie
845 4258 1011 4332 memorie
1034 4267 1068 4331 et
1084 4256 1368 4353 predecessorum
1390 4277 1549 4345 suorum,
1569 4256 1772 4330 confirmare
1914 4233 1916 4240 ⁸

358 4373 593 4468 dignaremur.
611 4379 696 4452 Cum
711 4381 817 4476 igitur
830 4403 951 4454 omnes
967 4381 1088 4456 fideles
1106 4389 1241 4454 nostros
1256 4389 1291 4454 et
1301 4380 1466 4476 precipue
1481 4402 1646 4477 personas
1660 4381 1772 4454 eccle-

359 4497 512 4574 siasticas
529 4512 564 4574 et
580 4505 656 4578 loce
671 4504 832 4596 religiosa
850 4506 1000 4580 velimus
1013 4505 1050 4577 in
1066 4507 1139 4578 suis
1154 4505 1293 4598 juribus
1310 4515 1346 4578 et
1365 4506 1563 4600 approbatis
1579 4514 1773 4579 eonsuetu-

361 4619 502 4696 dinihus
519 4629 729 4720 conservari,
749 4629 822 4702 suis
837 4629 940 4722 justis
956 4629 1116 4725 precibus
1133 4640 1341 4722 annuentes,
1362 4629 1519 4704 fidelitati
1536 4639 1650 4704 vestre
1670 4651 1774 4702 man-

361 4743 486 4820 damus
509 4751 732 4848 precipiendo
760 4751 902 4828 firmiter
931 4764 966 4828 et
991 4754 1144 4829 districte
1173 4763 1346 4850 quatenus
1374 4777 1428 4828 res
1460 4775 1542 4828 suas
1569 4764 1604 4828 et
1629 4755 1774 4831 ecclesie

441 4869 480 4931 V.
1595 4887 1608 4939 1
