4246 5906
209 589 308 652 lentur.
325 587 387 667 ld]
652 586 847 648 HISTORIA
871 583 1166 648 bretonartcn.

264 1129 484 1214 Mandatum
507 1129 555 1212 ad
571 1129 816 1238 justitiarium
834 1129 1054 1213 Basilioatae
1070 1139 1115 1211 ut
1132 1129 1338 1238 quemlibet
1361 1128 1520 1210 militam
1539 1130 1611 1212 sub
1670 1127 1782 1233 ὥ,

212 1287 336 1370 poena
362 1261 616 1344 destitutionis
645 1261 748 1356 leudi
779 1263 838 1344 sui
878 1263 927 1344 ad
963 1262 1157 1344 servitium
1195 1262 1357 1345 militare
1386 1262 1608 1372 compellat,

213 1418 373 1476 monens
389 1394 493 1502 quod
510 1393 747 1501 procuratori
769 1393 935 1476 demanii
959 1395 1115 1478 vetitum
1140 1393 1255 1476 fuerit
1280 1419 1328 1476 ne
1352 1420 1465 1502 super
1480 1405 1611 1478 casta-

214 1524 312 1607 netis
329 1523 457 1607 Sancti
475 1521 642 1608 Severini
659 1525 836 1606 eumdem
849 1524 1097 1634 justitiarium
1114 1523 1300 1608 molestet.

1646 1237 1674 1280 1⁸
1682 1235 1815 1280 nammis.

296 1745 425 1828 (chat.
439 1745 541 1828 imper.
557 1743 675 1809 mede.
687 1745 731 1824 11,
746 1746 798 1810 tol.
817 1755 854 1807 ts
868 1755 964 1822 recto;
978 1750 1010 1808 ln
1022 1747 1090 1808 edit
1105 1747 1241 1839 carram,
1255 1764 1286 1824 p.
1302 1747 1386 1826 272.)

264 1937 314 2009 Dc
329 1938 483 2010 mndata
501 1938 673 2033 imperiali
689 1939 818 2032 scripsit
835 1940 874 2010 G.
892 1939 933 2010 de
949 1941 1072 2010 Taceo:

265 2059 485 2148 Fredericus,
512 2071 596 2150 eta,
621 2060 803 2134 Thomasio
829 2059 899 2133 filio
925 2059 1094 2134 Osmundi
1118 2060 1299 2154 justitiario
1326 2060 1521 2147 Basilicate,
1547 2071 1612 2135 etc.

82 2189 89 2202 '
216 2183 370 2276 Benigne
380 2183 573 2278 recepimus
587 2184 723 2256 lioteras
737 2206 824 2278 quas
839 2194 900 2257 tua
914 2185 1014 2257 nobis
1033 2184 1171 2258 devotio
1185 2183 1369 2258 destinavit
1388 2193 1424 2256 st
1439 2207 1508 2280 que
1528 2207 1617 2259 con-

220 2309 374 2382 tinebant
391 2309 623 2382 intelleximus
640 2309 835 2403 diligenter,
854 2308 959 2404 digne
972 2309 1218 2402 redarguentes
1233 2330 1429 2404 processum
1443 2309 1508 2393 tui,
1522 2309 1619 2404 qnod

217 2433 254 2502 in
280 2431 504 2527 precipiendo
533 2431 700 2504 militibus
728 2431 967 2525 justitiariatus
994 2432 1045 2504 tui
1070 2431 1166 2526 quod
1192 2431 1291 2526 equis
1318 2441 1353 2504 et
1378 2432 1482 2504 armis
1509 2432 1619 2527 parati

218 2555 424 2645 existerent,
439 2556 541 2646 juxta
559 2554 655 2648 quod
669 2555 848 2628 servitium
865 2555 1051 2651 aqualibet
1066 2555 1219 2648 ipsorum
1236 2553 1391 2626 debitum
1406 2554 1616 2648 requirebat,

219 2676 363 2748 formam
382 2676 535 2750 mandati
550 2678 657 2750 nostri
675 2678 736 2750 tibi
751 2678 902 2773 impositi
916 2698 986 2750 non
1001 2678 1156 2764 servasti,
1174 2685 1326 2750 statuens
1342 2677 1439 2772 quod
1455 2677 1500 2750 de
1512 2677 1620 2750 tribus

220 2820 281 2872 seu
298 2809 447 2893 quatuor
462 2800 610 2894 pheudis
633 2801 730 2874 miles
748 2823 840 2873 nnus
855 2800 1009 2872 munitos
1024 2801 1124 2894 equis
1141 2809 1175 2872 et
1192 2800 1296 2872 armis
1314 2799 1360 2872 ad
1377 2809 1530 2873 nostrum
1548 2822 1619 2874 ser·

219 2923 345 2994 vitium
363 2932 552 3016 pararetur.
578 2922 673 2996 lstud
693 2923 785 2996 anim
802 2923 1003 2996 mandatum
1021 2931 1176 2996 nostrum
1191 2923 1238 2997 ad
1260 2933 1295 2996 te
1315 2924 1457 2996 missum
1480 2945 1551 2996 non
1567 2924 1621 2995 in·

220 3047 311 3135 nuit,
329 3066 394 3118 nec
407 3066 455 3118 ex
471 3066 514 3118 eo
530 3046 608 3118 talis
621 3046 752 3118 assumi
772 3045 892 3118 debuit
905 3046 1107 3119 intellectus.
1124 3045 1329 3121 blandamns
1347 3047 1452 3140 igitur
1468 3045 1623 3119 fidelitati

219 3178 280 3242 tue
296 3176 466 3263 quatenus
482 3169 654 3242 universis
672 3168 839 3240 militibus
852 3168 1094 3260 justitiariatus
1109 3170 1160 3242 tui
1176 3169 1318 3242 firmiter
1333 3191 1380 3244 ex
1395 3179 1491 3264 parte
1507 3178 1624 3242 nostra

222 3291 408 3388 precipias,
430 3300 465 3365 et
482 3292 548 3364 snb
565 3313 654 3386 pena
673 3301 761 3364 terre
777 3313 882 3386 qnam
899 3299 1010 3379 tanet,
1033 3301 1072 3364 ut
1085 3293 1231 3386 quilibet
1247 3302 1344 3388 parat
1360 3313 1398 3366 se
1414 3291 1460 3367 de
1476 3293 1575 3387 equis
1589 3301 1624 3365 at

222 3414 339 3506 armis,
359 3414 550 3487 secundum
563 3413 762 3508 qualitatem
779 3415 912 3488 servitii
931 3415 1039 3488 debiti
1056 3415 1100 3490 de
1117 3425 1206 3489 terra
1221 3439 1326 3511 quam
1339 3424 1447 3506 tenet3
1464 3416 1511 3487 ita
1528 3413 1625 3508 quud

222 3538 269 3612 ad
284 3537 487 3630 mandatum
514 3546 669 3610 nostrum
686 3538 831 3632 quilibet
848 3538 891 3609 sit
906 3546 1058 3632 paratus.
1078 3539 1115 3610 Si
1137 3559 1222 3611 vero
1243 3539 1392 3632 aliquam
1410 3538 1563 3633 ipsorum
1579 3535 1626 3610 ad

225 3681 364 3756 presens
387 3658 588 3732 mandatum
609 3669 764 3734 nostmm
786 3660 1027 3756 complendum
1048 3660 1279 3754 negligentem
1297 3661 1471 3734 inveneris
1488 3661 1546 3733 vel
1566 3681 1626 3732 ra-

223 3784 385 3876 missum,
404 3785 449 3856 de
465 3792 555 3856 terra
573 3805 677 3878 quam
699 3793 793 3858 tenet
810 3807 890 3858 enm
912 3785 1095 3858 destituere
1116 3805 1187 3858 non
1208 3793 1411 3880 postponas,
1434 3804 1539 3879 super
1560 3783 1629 3857 hoo

224 3906 335 3980 taliter
352 3927 574 4002 processurus
593 3915 633 3978 nt
658 3908 694 3980 in
717 3916 752 3980 te
775 3929 846 3980 non
871 3907 1140 4003 reprehendatur
1166 3907 1335 3998 delectus,
1364 3907 1426 3982 sed
1449 3906 1628 3999 diligentia

223 4029 496 4102 commendetur.
509 4031 667 4103 Preterea
678 4030 860 4104 scribimus
875 4032 1001 4104 Jaoobo
1015 4030 1143 4124 judicis
1157 4030 1281 4103 Leonis
1299 4030 1344 4104 de
1358 4029 1488 4126 Capua,
1503 4053 1628 4126 pmcn·

219 4152 327 4223 ratori
349 4151 501 4225 demanii
523 4153 630 4225 nostri
658 4153 694 4225 in
719 4154 934 4249 Principatu,
955 4164 995 4227 ut
1020 4177 1123 4249 super
1145 4140 1348 4229 castaneetis
1373 4176 1444 4250 que
1472 4163 1567 4228 tanes
1590 4155 1628 4226 in

222 4271 365 4368 pheudo
383 4277 497 4347 Sancti
511 4277 666 4350 Severini
681 4287 716 4350 ta
735 4279 914 4350 occasione
930 4279 1157 4352 revocationis
1172 4301 1241 4352 non
1259 4281 1427 4370 molestet,
1447 4299 1630 4373 quousque

223 4397 264 4466 in
278 4397 435 4470 custodia
454 4396 516 4470 filii
533 4400 640 4473 nostri
659 4400 843 4496 deputatus
862 4402 912 4476 ira
930 4423 998 4475 non
1019 4411 1137 4500 potes,
1162 4404 1398 4499 propositurus
1415 4402 1524 4475 insui
1550 4422 1629 4498 pre·

225 4518 336 4592 senna
349 4521 427 4612 jura
441 4529 515 4594 tua.

277 4643 401 4716 Datum
417 4645 512 4739 apud
526 4646 695 4741 laudam,
717 4649 823 4722 XVlll
839 4652 1052 4743 novembris,
1070 4651 1147 4725 Xlll
1163 4651 1373 4726 indictionis.
