4246 5906
210 624 307 686 lrrurcu.
326 621 388 705 ta]
659 622 854 686 HISTORIA
874 621 1165 686 cretomartctt.
1439 661 1441 666 ,
1558 614 1617 676 555

259 761 368 830 item:

261 879 478 970 Fredericus‚
500 887 583 972 eto,
607 880 773 954 Riccardo
800 881 845 955 de
866 881 1080 976 Montenigro
1096 878 1279 974 justitiario
1297 878 1399 949 Terre
1420 875 1562 947 Laboris
1585 883 1619 947 et

215 1003 396 1077 comitatus
412 1002 554 1092 Molisii,
574 1012 640 1078 etc.
660 1005 819 1080 Pervenit
840 1005 887 1080 ad
913 1005 1125 1080 audientiam
1144 1011 1294 1078 nostran
1316 998 1411 1095 quod
1435 997 1620 1072 Gilibertus

216 1127 261 1200 de
278 1130 447 1224 &pano
467 1149 577 1222 nepos
595 1129 746 1224 episcopi
764 1129 971 1220 salonensis,
989 1130 1033 1202 de
1050 1129 1205 1224 partibus
1220 1124 1462 1215 ultramarinis,
1482 1125 1543 1218 qui
1559 1144 1620 1219 per

216 1251 346 1324 curiam
361 1259 512 1324 nostram
526 1251 662 1325 dudum
676 1274 755 1326 cum
770 1254 847 1326 aliis
862 1253 908 1328 ad
922 1263 1042 1327 nostra
1056 1253 1196 1326 servitia
1214 1251 1341 1323 missus
1356 1249 1529 1340 extiterat,
1545 1248 1621 1319 siue

218 1375 355 1447 licentia
368 1375 568 1448 marescalci
585 1373 696 1448 fidelis
714 1377 823 1450 nostri
847 1377 884 1449 in
902 1397 1048 1470 reguum
1064 1376 1110 1449 ad
1129 1376 1264 1471 propria
1281 1384 1331 1446 est
1349 1393 1519 1446 reversus.
1537 1370 1622 1444 Cum

219 1497 323 1591 igitur
336 1507 570 1593 contemptum
589 1496 788 1590 hujusmodi
809 1499 958 1572 nolimus
976 1500 1042 1572 sub
1061 1499 1334 1574 dissimulatione
1352 1497 1511 1585 transire,
1533 1492 1624 1567 fide-

219 1619 306 1693 litati
335 1629 395 1693 tue
417 1600 640 1716 precipiendo
656 1621 873 1697 'mandamus
899 1633 1087 1718 quatenus,
1113 1623 1142 1696 si
1166 1618 1228 1694 tibi
1256 1621 1442 1694 constiterit
1465 1619 1512 1692 ita
1529 1641 1621 1702 esse,

222 1745 335 1839 ipsum
355 1744 471 1838 capias
488 1744 533 1818 de
551 1767 715 1840 persona,
741 1755 775 1819 et
794 1747 886 1820 bona
909 1747 1018 1842 ipsius
1041 1746 1158 1819 omnia
1184 1745 1313 1820 debeas
1335 1743 1379 1816 ad
1402 1765 1489 1838 opus
1511 1755 1626 1818 nostre

223 1869 318 1940 curie
335 1867 512 1964 infiscare,
532 1869 703 1964 quicquid
721 1870 804 1946 iude
828 1871 947 1945 leceris
972 1881 1007 1944 et
1028 1871 1208 1946 inventum
1230 1871 1331 1944 luerit
1350 1879 1465 1944 nostro
1486 1871 1626 1942 culmini

223 1989 386 2064 citissime
402 1991 642 2087 rescripturus.

272 2115 396 2187 Datum
410 2114 504 2210 apud
524 2116 667 2190 Pontem
682 2117 845 2210 Termilii,
862 2118 909 2190 XI
928 2117 1133 2211 decembris,
1151 2112 1230 2191 Xlll
1248 2117 1451 2194 indictionis

281 2775 503 2862 Mandatum
546 2781 594 2862 od
634 2779 883 2889 justitiarium
923 2781 1070 2890 Aprulii
1107 2782 1155 2864 de
1199 2780 1391 2889 capiendis
1436 2777 1636 2862 fortellitiis

233 2908 415 2992 Gualterii
442 2911 490 2994 de
516 2911 696 3021 Poppleto
714 2913 781 3022 qui
805 2913 987 3023 fugitiuus
1016 2940 1039 2995 a
1068 2913 1173 2996 curia
1199 2911 1352 2995 recessit
1377 2923 1415 2994 et
1442 2920 1638 3020 suspectus

228 3039 404 3124 habetur.

314 3265 443 3350 (amet.
457 3269 560 3349 imper.
574 3267 690 3330 hodo.
711 3271 750 3344 11,
768 3272 821 3333 lot.
843 3281 880 3334 aa
896 3280 993 3347 reeto;
1007 3275 1040 3333 lu
1057 3273 1324 3350 cdit.Ca1uan.,p.
1341 3271 1423 3351 ase.)

281 3465 329 3535 lle
350 3465 508 3538 moodclo
530 3466 696 3562 imperiali
718 3470 806 3559 sacto
827 3491 890 3563 per
913 3469 1082 3540 domicum
1101 3469 1246 3541 licooom
1266 3481 1295 3540 et
1316 3471 1513 3564 mopistrom
1536 3469 1577 3540 tt.
1604 3467 1643 3538 dc

235 3587 331 3681 sopio
343 3589 475 3681 scripsit
487 3590 628 3662 lacobus
647 3590 687 3662 de
699 3591 855 3663 Bootro:

284 3711 501 3803 Fredericus‚
520 3724 602 3806 eto,
615 3716 654 3785 B.
674 3714 815 3786 Pissouo
827 3715 1013 3807 justitiario
1026 3712 1183 3810 Aprutii,
1201 3725 1266 3788 etc.
1284 3715 1373 3800 Quia
1389 3715 1583 3788 Gualterius
1599 3715 1644 3789 de

237 3834 399 3930 Poppleto
413 3835 458 3909 de
473 3837 568 3909 ouria
583 3849 700 3911 nostra
713 3837 947 3911 inlicentiatus
962 3848 996 3911 et
1012 3839 1180 3930 fugitivus
1193 3840 1344 3929 recessit,
1364 3849 1398 3912 et
1410 3829 1457 3912 eu
1471 3827 1546 3932 ejus
1563 3842 1646 3932 luga

239 3959 359 4032 merito
380 3969 560 4054 suspectus
581 3961 746 4054 habetur,
770 3963 926 4036 fidelitati
945 3973 1005 4035 tue
1027 3962 1177 4037 districte
1195 3961 1417 4058 precipiendo
1440 3963 1646 4037 mandamus

239 4094 408 4178 quatenns
423 4093 580 4156 autentus
599 4086 746 4178 existas,
768 4095 807 4158 ut
829 4087 860 4160 si
876 4088 922 4160 ad
936 4096 1050 4182 partes
1063 4088 1155 4182 ipsas
1173 4087 1308 4158 venerit
1329 4108 1410 4160 eum
1427 4089 1503 4183 capi
1520 4089 1643 4178 iacias,

239 4217 275 4280 et
300 4215 438 4302 captum
463 4207 667 4302 diligentius
692 4209 868 4285 custodiri.
896 4212 1053 4285 Preterea
1078 4209 1284 4298 mandamus
1305 4221 1344 4292 ut
1366 4212 1480 4286 statim
1501 4213 1648 4307 receptis

240 4328 305 4426 hys
318 4331 445 4404 lictoris
463 4352 583 4405 omnes
602 4333 790 4406 lortellitias
809 4334 918 4428 ipsius
935 4334 975 4406 G.
994 4333 1111 4428 capias
1130 4344 1165 4406 et
1180 4333 1226 4408 ad
1244 4356 1332 4430 opus
1348 4335 1442 4407 curie
1456 4344 1570 4408 nostre
1587 4357 1646 4409 ao·

241 4454 369 4527 tentius
387 4455 493 4528 iacias
506 4451 684 4546 custodiri,
702 4466 737 4530 et
754 4458 783 4530 si
799 4457 885 4532 forte
903 4457 1091 4531 lortellitias
1104 4458 1197 4554 ipsas
1210 4459 1339 4532 habere
1356 4458 1581 4554 conpulsus,
1600 4459 1649 4531 sic

243 4577 409 4673 pmoedas
426 4587 466 4651 nt
482 4580 681 4655 nullatenus
699 4582 775 4678 ipse
792 4583 920 4655 muniri
941 4583 1093 4680 possiut;
1115 4581 1263 4656 ididem
1289 4582 1335 4656 de
1360 4581 1540 4656 lortellitiis
1560 4583 1649 4656 Gen·

244 4702 312 4776 titis
330 4702 376 4776 de
391 4705 557 4801 Poppleto
573 4707 718 4802 iaciens,
739 4709 828 4782 sicut
840 4731 902 4805 per
917 4709 1003 4782 alias
1019 4709 1153 4782 lieteras
1166 4717 1299 4782 nostras
1314 4707 1375 4781 tibi
1392 4705 1527 4803 pridem
1546 4705 1651 4782 dedi·
