4278 5920
502 607 560 668 128
1001 609 1212 670 lllllllEBlCl
1233 609 1405 670 secono}
1723 610 1804 695 [dn.
1822 613 1905 676 123⁷.

497 741 545 814 ad
572 741 769 837 passagium
796 743 1002 836 opportunis
1031 744 1234 834 consilinm,
1263 743 1436 815 auxilinm
1454 743 1586 816 tribuas
1608 753 1644 816 et
1671 746 1841 836 laveram,
1870 757 1910 819 nt

497 865 587 938 siem
604 865 761 957 ejusdem
784 876 873 938 terre
896 865 1053 938 liberatio
1073 877 1172 938 tunm
1189 877 1225 939 et
1241 866 1357 940 dilecti
1378 865 1439 938 lilii
1463 867 1570 938 nostri
1588 868 1715 940 nobilis
1734 869 1798 940 vin·
1817 867 1908 942 Cen·

496 987 572 1060 radi
600 989 671 1061 nati
701 989 752 1060 tui
770 991 909 1084 respicit
933 988 1097 1061 bonorem
1122 1001 1159 1062 et
1183 991 1425 1078 commodum,
1449 991 1501 1062 sic
1519 1001 1554 1062 tc
1568 991 1771 1086 precipuum
1790 993 1827 1063 in
1842 1013 1907 1063 nn·

494 1135 590 1186 mero
607 1115 732 1186 sentiat
745 1113 957 1204 adiutorem,
975 1124 1010 1186 et
1025 1138 1046 1187 a
1060 1115 1132 1188 [leo
1146 1118 1247 1208 cnjus
1263 1115 1300 1187 in
1314 1116 1382 1187 boc
1395 1115 1620 1187 nibilominus
1635 1137 1776 1189 eausam
1791 1137 1907 1212 prose·

494 1237 611 1334 queris
633 1236 677 1310 ad
700 1237 933 1310 retributionis
951 1239 1123 1330 justorum
1147 1239 1364 1335 participium
1393 1238 1599 1311 admittaris.
1627 1239 1683 1312 Ad
1706 1239 1774 1312 hcc
1793 1249 1905 1312 antem

494 1361 670 1455 negotium
695 1361 897 1455 diligentius
925 1371 961 1434 et
983 1363 1161 1435 efficacius
1193 1363 1289 1458 apnd
1322 1363 1536 1458 imperialem
1564 1361 1804 1435 excellentiam
1831 1383 1907 1458 pro·

493 1485 726 1579 sequendum,
747 1487 884 1558 iratrem
904 1485 1070 1559 Thomam
1093 1487 1301 1559 monachum
1317 1486 1433 1558 Sancti
1450 1485 1623 1559 Anastesii
1642 1485 1688 1558 de
1704 1485 1812 1575 Urbe,
1832 1485 1907 1558 Cis-

493 1609 670 1682 terciensis
692 1607 842 1700 ordinis,
869 1609 986 1681 virum
1015 1609 1200 1704 providum
1219 1621 1255 1683 et
1282 1609 1470 1684 diemetnm
1500 1610 1548 1683 ad
1575 1619 1671 1682 tuam
1700 1607 1905 1702 presentiam

491 1731 716 1806 destinamus.

541 1859 666 1928 [latum
684 1855 859 1944 laterani,
875 1855 920 1927 tv
936 1877 1048 1928 nonas
1064 1856 1282 1946 novembris,
1298 1878 1391 1930 anno
1408 1857 1469 1930 Xl.

540 1979 668 2051 Extant
687 1980 775 2052 aliae
790 1979 924 2051 litterae
946 1977 992 2052 de
1013 2001 1051 2051 re
1075 1980 1199 2053 eadem
1217 1980 1259 2052 n*
1277 1981 1454 2073 aso-286,
1473 1990 1509 2054 et
1524 1979 1709 2076 praecipue
1732 1977 1819 2071 287,
1836 1979 1906 2053 Se-

492 2103 638 2176 nonensi
653 2124 694 2175 ac
711 2103 978 2196 llotbomagensi
1003 2103 1270 2199 archiepiscopis
1292 2103 1465 2194 directae,
1485 2104 1614 2199 quibus
1629 2125 1690 2176 ens
1708 2113 1823 2176 monet
1848 2125 1904 2176 ar·

492 2227 749 2322 chiepisoopnm
774 2228 1029 2300 Messanensem
1046 2236 1081 2298 et
1099 2227 1300 2320 magistmm
1323 2227 1503 2324 hospitalis
1517 2227 1804 2301 'l'bentonioornm
1827 2247 1905 2300 ase

491 2361 628 2444 rogatos
652 2362 691 2424 ut
715 2372 822 2446 snper
852 2351 917 2424 boc
945 2351 1040 2446 apnd
1068 2352 1306 2447 imperatorem
1337 2353 1556 2448 interponant
1580 2351 1763 2424 efficaciter
1791 2363 1905 2446 partes

490 2494 586 2546 snas.

1379 2649 1698 2662 ”na—n*-

300 2909 342 2992 „3
365 2907 404 2992 ²¹,
429 2963 463 3004 m,
543 2886 775 2992 Fridericus,
795 2883 1055 2967 Romanorum
1078 2884 1298 2992 imperator,
1321 2883 1372 2966 ad
1398 2882 1712 2992 supplicationem
1731 2881 1902 2969 Oddonis

316 3014 393 3046 ’Μ’
410 3007 436 3047 '³'
489 3022 538 3104 de
551 3022 765 3104 Camarana
777 3019 900 3102 fidelis
914 3019 990 3124 sni,
1006 3017 1226 3101 hominibus
1240 3018 1288 3100 de
1301 3017 1474 3126 partibus
1487 3017 1738 3100 Lombardiac
1749 3026 1902 3126 propter

489 3153 677 3237 bellorum
704 3151 925 3236 discrimina
951 3151 991 3231 in
1010 3150 1177 3233 insulam
1195 3151 1345 3235 Siciliae
1369 3149 1577 3233 incolatum
1603 3150 1809 3233 transferre
1829 3151 1902 3233 dc-

490 3287 764 3393 sidcrantibus,
786 3311 858 3395 pro
880 3285 965 3368 loco
985 3284 1150 3393 Scopelli
1172 3286 1222 3366 ad
1245 3282 1497 3366 habitandum
1525 3282 1774 3366 insufficiente
1799 3308 1900 3366 oon-

487 3421 586 3503 eedit
617 3431 758 3503 terram
792 3417 1021 3502 Corilionem
1057 3421 1170 3498 sitam
1206 3417 1246 3496 in
1280 3415 1379 3499 valle
1407 3415 1591 3499 Menariae
1620 3415 1722 3498 ultra
1757 3415 1900 3498 llumen

488 3552 658 3660 Salsum,
691 3551 740 3633 de
768 3549 946 3632 demanio
969 3574 1061 3655 suo,
1094 3574 1185 3630 cnm
1211 3547 1392 3631 omnibus
1423 3546 1659 3656 pertinentiis
1681 3558 1719 3630 et
1742 3548 1900 3632 dirersis

486 3683 792 3767 immunitatibus
809 3681 952 3764 ibidem
971 3680 1172 3789 expressis.

567 3893 666 3974 (nera
680 3895 819 3972 reum,
833 3894 876 3955 m
888 3892 949 3954 nc.
966 3889 1072 3970 soc,
1086 3892 1190 3954 esan.
1201 3891 1228 3966 1,
1242 3890 1296 3954 nn.
1308 3890 1349 3967 x,
1363 3908 1395 3970 p.
1413 3898 1560 3967 mam
1575 3891 1646 3952 aare.
1661 3891 1699 3952 n
1714 3892 1817 3971 ure.)

534 4075 749 4162 Fredaricus,
768 4075 833 4147 Dei
851 4074 959 4167 gratia
974 4074 1204 4146 Romanorum
1221 4073 1407 4168 imperator
1421 4093 1556 4168 semper
1572 4081 1755 4164 angustus,
1773 4072 1898 4144 Hieru-

485 4199 592 4274 salem
610 4209 645 4272 et
662 4197 776 4272 Sicilie
789 4220 865 4271 rex.
883 4197 997 4270 Toties
1015 4197 1202 4292 imperialis
1225 4195 1402 4270 extollitur
1422 4199 1585 4290 majestas
1599 4195 1737 4290 quoties
1753 4195 1789 4268 in
1807 4194 1898 4267 sub-

485 4322 576 4398 ditos
600 4344 700 4396 suam
726 4331 864 4395 exercet
891 4319 1161 4394 munificentiam
1191 4319 1377 4392 liberaliter
1401 4318 1619 4415 imperatoria
1651 4317 1899 4410 celsitudo,.et

484 4445 614 4520 exinde
639 4446 704 4542 ipsi
723 4445 770 4518 ad
794 4465 897 4517 omne
925 4444 1155 4517 sincerissime
1171 4441 1345 4516 fidelitatis
1362 4443 1568 4536 obsequium
1589 4442 1778 4515 terrentius
1801 4443 1898 4516 inca-

485 4572 628 4644 lescunt.
659 4571 723 4642 Per
751 4589 890 4665 presens
917 4568 1034 4661 itaque
1055 4567 1273 4664 privilegium
1296 4576 1415 4639 notum
1441 4566 1588 4640 iacimus
1612 4565 1784 4638 universis
1805 4565 1898 4639 bde-

484 4693 573 4766 libos
597 4691 720 4765 nostris
750 4703 820 4764 tam
847 4690 1063 4788 presentibus
1085 4711 1191 4786 quam
1220 4691 1345 4763 interis
1367 4689 1464 4785 quod
1493 4689 1618 4763 nobilis
1645 4686 1700 4761 vir
1722 4689 1824 4763 Oddo
1850 4689 1897 4764 de
