4262 5910
245 599 424 684 inusta]
692 593 888 658 ursrourn
912 591 1203 656 uranonnrrcn
1591 588 1652 652 ses

294 736 432 809 Similes
448 735 487 806 T.
509 732 555 806 de
571 731 787 824 llontenigro
799 730 983 824 justitiario
1000 729 1211 825 Prinoipatus
1228 727 1324 824 quod
1338 726 1455 800 medat
1472 725 1600 800 eidem.

288 858 429 930 Similes
441 857 478 928 L.
496 854 541 928 de
554 855 685 926 Franeo
699 853 883 946 justitiario
897 861 985 924 terre
999 852 1076 924 Buri
1091 852 1186 946 quod
1204 851 1321 925 eredat
1335 849 1461 926 eidem.

294 980 430 1054 Similes
445 980 485 1052 T.
502 975 573 1051 lilio
589 975 757 1049 Osmundi
771 975 955 1071 justitiario
972 975 1168 1068 Basilioate,
1182 975 1278 1070 quod
1289 974 1407 1048 credat
1420 973 1531 1068 judici
1546 971 1653 1045 leoni

246 1103 290 1177 de
305 1101 506 1176 luvenacio.

295 1231 430 1304 Similes
444 1231 488 1300 A.
508 1227 554 1301 de
571 1226 757 1321 Aquaviva
777 1227 963 1320 justitiario
988 1237 1079 1300 terre
1099 1225 1245 1320 ldmnti,
1268 1225 1366 1322 qnod
1385 1225 1502 1299 eredat
1521 1223 1649 1299 eidem.

293 1354 429 1427 Similes
448 1351 634 1447 justitiario
654 1350 753 1422 vallis
779 1349 891 1423 Gratis
916 1359 951 1424 et
977 1359 1066 1423 terre
1089 1350 1255 1441 Iordane,
1285 1349 1382 1445 quod
1408 1348 1525 1423 eredat
1546 1350 1585 1422 ll.
1608 1347 1654 1421 de

245 1477 378 1549 lauris.

294 1599 429 1670 Similes
441 1596 625 1690 justitiario
640 1594 812 1687 Calabrie,
829 1595 924 1690 quod
936 1596 1056 1669 eredat
1066 1595 1192 1669 eidem.

295 1722 428 1794 Similes
451 1719 492 1790 G.
523 1718 569 1792 do
593 1718 750 1813 Anglone
769 1719 963 1812 justitiario
977 1721 1091 1792 Sieilie
1116 1720 1200 1792 eitra
1226 1720 1354 1792 llumen
1377 1713 1531 1810 Salsum,
1557 1719 1654 1814 quod

248 1843 364 1918 eredat
381 1845 424 1914 Η.
444 1843 583 1914 Abbati.

296 1966 479 2041 Similesll.
498 1965 543 2038 de
555 1964 972 2058 Amieisjustitiarionltra
982 1966 1110 2038 flumen
1123 1967 1272 2058 Salsum,
1287 1965 1383 2060 quod
1395 1965 1650 2056 eredateidem.

296 2089 452 2162 Predieto
477 2097 591 2160 autem
608 2088 793 2180 justitiario
816 2087 1005 2183 Capitiuate
1025 2089 1192 2184 seriptum
1212 2098 1264 2162 est
1286 2089 1383 2184 quod
1405 2090 1480 2186 ipse
1501 2090 1656 2184 imponat

249 2213 427 2285 collectam
442 2212 478 2282 in
494 2210 716 2301 justitiariotu
732 2230 796 2282 suo
818 2211 853 2281 in
872 2212 1063 2304 quantitate
1084 2222 1119 2284 et
1140 2215 1249 2285 torma
1269 2233 1337 2308 que
1358 2213 1393 2284 iu
1413 2212 1552 2287 eolleeta
1573 2215 1655 2288 anni

248 2334 397 2430 preteriti
412 2343 539 2406 statuta
557 2333 663 2406 estitit
679 2342 713 2404 et
725 2341 875 2406 servata.

303 2846 524 2932 Mandatum
548 2848 598 2930 ad
620 2847 821 2932 Andream·
839 2849 888 2932 de
916 2847 1041 2932 Cioala
1070 2857 1108 2932 et
1135 2847 1229 2933 ulios
1259 2873 1373 2958 super
1399 2849 1551 2960 negotio
1577 2849 1658 2934 Be-

252 2979 414 3064 neventi.

1694 2869 1861 2970 staffilum

332 3156 463 3239 (nepot.
477 3158 579 3238 iraprr.
597 3155 714 3219 Flrdrr.
729 3159 774 3235 11,
789 3158 841 3220 iol.
857 3168 895 3220 to
909 3165 1004 3233 κοῖος
1019 3162 1052 3220 ln
1065 3160 1137 3223 edit.
1149 3158 1286 3236 Cmeun,
1299 3179 1330 3240 p.
1345 3161 1429 3240 3⁰6.)

303 3308 349 3378 De
362 3309 532 3402 imperiali
541 3310 696 3380 mandute
712 3309 841 3403 scripsit
858 3309 896 3381 G.
915 3310 956 3381 de
975 3313 1096 3382 Taceo:

302 3429 518 3520 Frederious,
536 3439 620 3520 eto,
637 3429 776 3503 Andros
798 3431 844 3504 de
859 3431 991 3518 Cioala,
1011 3441 1078 3504 eto.
1100 3433 1190 3519 Quia
1205 3453 1268 3528 per
1288 3435 1328 3506 li.
1348 3433 1394 3508 de
1413 3433 1663 3509 Montelusenlo

251 3553 472 3644 justitiarium
493 3553 682 3647 Capitinate
703 3552 839 3626 fidelem
857 3565 1011 3628 nostrum
1025 3577 1130 3651 super
1147 3558 1286 3650 negotio
1299 3558 1486 3662 Beneventi
1507 3567 1662 3632 nostrum

256 3675 317 3745 tibi
340 3675 594 3769 beneplacitum
616 3677 827 3764 revelamus,
844 3675 999 3750 fidelitati
1019 3687 1079 3752 tue
1103 3679 1324 3776 precipiendo
1347 3679 1553 3754 mandamns
1572 3703 1664 3776 qua-

255 3807 355 3869 tenus
368 3797 537 3890 quioquid
548 3819 651 3892 super
664 3819 705 3870 eo
721 3797 785 3869 tibi
800 3812 954 3895 exparte
968 3802 1128 3874 culminis
1142 3803 1249 3876 nostri
1262 3801 1366 3891 diuet,
1387 3801 1530 3877 tirmiter
1542 3805 1664 3880 credas

257 3928 291 3990 et
306 3920 488 3992 efficaciter
501 3919 641 3993 studeas
656 3923 901 4016 percomplere.

306 4045 431 4114 Datum
450 4044 553 4133 Pisis,
569 4045 663 4116 XXV
680 4044 886 4135 decembriS,
908 4046 984 4118 xllt
999 4045 1210 4120 indictionis.

307 4166 440 4239 Similes
453 4167 499 4239 ad
512 4169 550 4238 T.
567 4167 613 4240 de
627 4167 844 4260 Montenlgru
854 4169 1076 4261 justitiarium
1097 4172 1332 4268 Prinoipatns,
1355 4185 1394 4248 nt
1412 4174 1529 4249 eredat
1550 4177 1663 4250 eidem

260 4309 364 4383 super
376 4289 498 4362 eodem
517 4292 655 4383 negotio
667 4293 865 4364 Beneventi.

308 4411 442 4484 Similes
456 4413 502 4486 ad
516 4413 706 4486 iohannem
720 4413 766 4486 de
781 4415 957 4504 Mamano,
978 4425 1016 4488 ut
1030 4418 1147 4490 eredat
1160 4418 1274 4492 eidem
1290 4442 1395 4516 super
1411 4421 1547 4498 eodem.

308 4535 444 4606 Similes
458 4535 504 4608 ad
517 4537 718 4630 magistrum
730 4537 873 4632 Sadde
886 4539 1082 4612 Benevento
1097 4551 1136 4613 ut
1149 4541 1267 4614 credat
1275 4543 1402 4635 eidem,
1418 4568 1486 4619 non
1500 4569 1665 4644 expresso

261 4654 296 4726 in
313 4657 438 4730 lictoris
453 4660 591 4752 negotio
607 4659 807 4731 Beneventi.

341 4780 378 4840 V.
835 4825 839 4832 ·
1469 4802 1506 4855 te
