4246 5906
202 642 301 704 norm.
319 635 379 721 la]
648 633 845 697 fllsroats
868 629 1160 695 nlanounatctl.
1552 625 1612 688 549
1721 649 1729 730 ί·

203 775 328 850 damus
354 781 525 869 qnatenus
554 772 677 844 loanni
705 769 876 842 Girurdini
906 768 952 842 dc
978 769 1090 841 Trano
1120 763 1217 839 lutcri
1251 761 1482 858 presentium,
1519 758 1612 834 lideli

203 891 337 989 nostro,
357 897 403 971 de
424 896 573 992 pecnma
589 915 651 990 per
667 904 701 967 tc
722 895 758 964 in
780 892 888 987 galeis
908 892 1032 965 nostris
1049 889 1163 964 delata
1184 888 1304 961 decem
1320 886 1414 958 milia
1432 884 1613 957 unciarum

202 1020 250 1096 ad
262 1021 399 1118 pondus
416 1021 512 1094 curie
532 1015 647 1093 nostre
663 1017 793 1091 debeas
814 1015 1008 1110 assignare,
1027 1012 1201 1087 mictenda
1218 1010 1386 1083 militibus
1402 1008 1525 1082 nostris
1540 1028 1614 1080 mo-

202 1146 358 1219 ranb'bus
369 1145 406 1216 in
421 1142 573 1217 Marchia
589 1141 770 1214 Trivisina.
787 1138 928 1212 Pondus
939 1138 1032 1212 enim
1047 1137 1143 1210 curie
1161 1145 1276 1208 nostre
1292 1154 1363 1228 qno
1378 1133 1453 1228 ipsa
1466 1131 1614 1227 pecnnia

203 1263 387 1364 ponderari
411 1265 531 1359 debet,
559 1264 739 1339 consimile
769 1262 915 1359 ponderi
940 1283 1076 1336 camere
1104 1269 1239 1348 nostre,
1268 1258 1331 1330 tibi
1354 1257 1528 1330 mictimus
1553 1277 1614 1351 per

199 1385 383 1482 cumdem,
407 1392 502 1487 qood
525 1389 638 1465 eidem
665 1387 793 1462 debeas
815 1388 1006 1482 resignare,
1036 1395 1074 1459 ut
1095 1387 1172 1482 ipse
1191 1383 1338 1460 eandem
1359 1381 1543 1478 pecuniam
1568 1381 1611 1454 ad

202 1515 296 1588 idem
323 1515 462 1611 pondus
486 1516 576 1587 sicut
600 1513 730 1608 recepit
762 1513 913 1585 exolvat.
944 1511 1151 1585 Mendamns
1177 1517 1329 1605 preterea
1354 1506 1415 1578 tibi
1443 1513 1614 1599 qnatenus

200 1639 430 1733 quadraginta
448 1639 570 1711 uncias
592 1637 639 1710 ad
660 1637 791 1712 dictum
806 1636 945 1731 pondus
961 1656 1023 1731 pro
1045 1633 1201 1708 emendis
1222 1629 1380 1705 somariis
1401 1638 1436 1703 et
1452 1629 1614 1723 expensis

204 1763 406 1836 necessariis
429 1761 594 1835 iaciendis
614 1760 727 1834 eidem
749 1759 895 1833 Iohanni
920 1760 1088 1851 assignes.
1109 1759 1151 1830 llt
1172 1757 1318 1852 recipias
1341 1754 1387 1827 ab
1408 1775 1450 1826 eo
1476 1751 1521 1826 de
1544 1773 1615 1825 om·

203 1886 309 1958 nibus
334 1906 404 1980 qno
427 1885 494 1958 sibi
516 1883 656 1958 dederis
677 1877 885 1978 apodixem,
907 1903 1013 1976 quem
1031 1881 1079 1954 ita
1099 1880 1239 1954 studeas
1261 1877 1428 1974 expedire
1450 1875 1615 1950 velociter

205 2019 243 2082 ut
261 2008 308 2083 ad
320 2029 384 2082 nos
397 2008 512 2082 mdire
525 2009 640 2081 valeat
657 2007 733 2080 sine
750 2028 858 2080 mora.

252 2133 376 2206 Datum
393 2133 535 2222 Parme,
558 2131 603 2203 lll
619 2130 832 2220 decembris,
850 2130 928 2202 lllll
944 2128 1151 2203 indictionis.

491 2444 730 2454 ...ο-ο-ιι--ι
736 2442 878 2453 ι-ι--ι
885 2441 1044 2452 neu-nn--s-
1049 2440 1294 2450 onan-——nnuuu—-u
1300 2442 1334 2450 μ.
1345 2441 1411 2450 ..-

257 2717 420 2802 Litterae
436 2728 609 2828 patentes
631 2730 669 2802 et
686 2718 838 2801 clausae
855 2743 926 2828 pro
953 2717 1111 2801 diversis
1133 2717 1334 2800 unciarum
1352 2721 1436 2801 auri
1455 2723 1618 2808 summis
1657 2731 1809 2830 ,ffl‚

204 2875 226 2930 a
245 2851 520 2934 mercatoribus
538 2850 720 2934 Romanis
745 2850 944 2954 mutuatis,
966 2862 1072 2934 sexto
1090 2851 1152 2934 die
1169 2851 1311 2934 mensis
1329 2851 1456 2936 martii
1481 2856 1616 2940 cxsol-

203 2983 354 3090 vcndis,
380 2983 453 3066 snb
475 2983 656 3066 interesse
681 2983 801 3066 trium
831 2983 1032 3067 unciarum
1058 2984 1107 3067 de
1136 2983 1297 3094 singulis
1318 2994 1471 3070 centum
1495 2989 1616 3072 unciis

204 3115 254 3198 ad
271 3139 463 3223 mensem,
484 3115 515 3198 si
535 3115 674 3200 solutio
694 3113 902 3198 differatur.
1563 3093 1567 3100 ¹

286 3314 413 3396 (Regni.
428 3316 532 3395 imper.
545 3313 664 3376 Freder.
681 3315 721 3392 11,
736 3315 789 3377 iol.
807 3324 840 3376 at
857 3321 947 3387 rootoa
962 3317 994 3376 ln
1008 3315 1079 3376 edit.
1094 3315 1231 3396 Curcum,
1244 3335 1275 3396 p.
1289 3319 1373 3398 ast.)

252 3487 300 3555 De
326 3487 495 3580 imperiali
525 3487 682 3558 mandato
707 3489 796 3578 [octo
821 3509 884 3581 per
916 3489 1115 3580 magistrum
1145 3489 1310 3562 elbertum
1346 3493 1479 3584 scripsit
1505 3495 1544 3566 G.
1576 3495 1616 3568 de

207 3609 364 3680 emmila
378 3611 507 3682 listerus
521 3622 670 3704 patentes
686 3611 724 3680 in
740 3611 827 3680 lonc
843 3610 1000 3681 modom:

254 3731 473 3822 Fredericus,
495 3743 562 3806 stc.
584 3735 709 3807 Notum
734 3734 880 3806 iacimus
907 3734 1081 3806 universis
1103 3744 1172 3806 tam
1193 3737 1407 3829 presentibus
1426 3759 1532 3830 quam
1554 3740 1616 3812 ln-

203 3855 302 3942 turis,
321 3856 417 3950 qnod
431 3857 550 3931 Petrus
568 3857 772 3931 Bonliliosns
791 3865 959 3930 mercator
976 3857 1162 3951 Romanus,
1177 3856 1288 3932 fidelis
1304 3871 1429 3951 noster,
1446 3866 1617 3937 mutuavit

204 3979 305 4052 nobis
322 3991 356 4051 et
375 3981 562 4076 assignavit
578 3982 613 4052 in
635 4003 769 4054 camera
794 3992 910 4054 nostra
931 3981 976 4054 de
994 3983 1191 4055 Venetianis
1216 3984 1345 4077 grossis
1370 3985 1476 4058 libras
1497 3987 1617 4060 LXVll

203 4101 335 4176 solidos
369 4104 480 4196 XVII,
515 4127 578 4200 pro
610 4092 723 4177 unciis
756 4105 828 4177 auri
861 4104 1019 4177 ducentis
1048 4107 1268 4200 septuaginta
1295 4129 1360 4180 sex
1383 4109 1427 4182 ad
1458 4114 1618 4204 generale

204 4225 341 4319 pondus
360 4229 477 4318 regni,
495 4228 541 4299 ad
559 4229 725 4303 rationem
744 4228 789 4302 de
802 4227 924 4300 solidis
944 4228 1106 4300 Vminns
1126 4229 1295 4302 denariol
1314 4252 1376 4324 per
1397 4233 1550 4325 unciam;
1572 4233 1617 4309 dc

204 4348 334 4441 quibus
359 4350 471 4422 unciis
490 4351 711 4445 promisimus
733 4362 768 4424 et
789 4349 1016 4422 convenimus
1034 4352 1066 4423 ei
1087 4361 1127 4422 nt
1146 4351 1318 4425 Obbertns
1337 4353 1618 4430 Fallamonacbus

203 4481 357 4545 secretus
378 4473 556 4564 Panormi,
589 4472 702 4547 fidelis
730 4483 861 4563 noster,
884 4472 929 4547 de
956 4475 1102 4568 munia
1130 4476 1224 4548 curie
1253 4485 1367 4548 nostre
1389 4498 1459 4570 que
1478 4488 1531 4552 est
1556 4502 1617 4576 per

203 4615 328 4668 manns
348 4617 430 4669 snas
447 4598 492 4671 de
515 4598 597 4669 hinc
621 4598 667 4670 ad
692 4609 763 4670 tres
786 4618 939 4688 menses,
957 4597 1120 4670 videlicet
1143 4599 1203 4692 per
1228 4607 1337 4672 totum
1359 4609 1498 4672 sentum
1523 4601 1617 4676 diem

203 4720 333 4793 mensis
355 4721 472 4794 marcii
493 4722 595 4818 primi
614 4722 739 4814 loturi,
758 4722 864 4816 hujus
886 4723 964 4794 Xlll
983 4721 1198 4811 indictionis,
1217 4723 1293 4796 sine
1316 4722 1454 4797 delectu
1477 4735 1513 4799 et
1536 4747 1618 4800 ma-
