4278 5920
997 589 1210 652 Fatbssatct
1234 591 1407 654 sacuam
1721 598 1805 678 [du.
1823 601 1912 670 1237.

291 1047 472 1157 *millis
550 1055 781 1165 Fridericns,
813 1055 1074 1142 Romanorum
1101 1057 1327 1166 imperator,
1354 1057 1405 1140 ad
1439 1055 1754 1166 supplicationem
1788 1055 1909 1139 Pata-

497 1189 637 1274 vicnsis
663 1191 852 1300 episcopi,
873 1189 1097 1274 seutentiam
1122 1188 1325 1274 confirmet
1340 1214 1419 1300 qua
1440 1188 1628 1272 deciditur
1653 1189 1760 1298 qnod
1780 1185 1909 1270 nullus

496 1323 761 1432 episcoporum
789 1323 1068 1407 Pataviensium
1098 1323 1357 1432 possessiones
1392 1323 1443 1406 ad
1467 1322 1724 1432 praebendam
1758 1321 1907 1403 sancti-

496 1454 721 1537 monialium
739 1456 779 1536 in
792 1455 1036 1566 Nidcrnburg
1049 1455 1280 1566 pertinentes
1297 1454 1492 1539 infeodare
1504 1455 1564 1538 uel
1579 1453 1745 1538 alienare
1757 1451 1903 1536 debeat.

578 1633 742 1714 (laeditum
755 1639 889 1714 excepta
906 1635 1048 1698 vidimata
1066 1635 1104 1697 de
1118 1651 1199 1696 anno
1221 1643 1314 1708 151⁵,
1333 1635 1414 1714 apud
1432 1634 1660 1699 vindobonense
1682 1633 1840 1696 werra
1856 1649 1906 1695 ar·

615 1741 735 1804 chinum
748 1749 908 1818 asmata
923 1759 1015 1822 quam
1027 1743 1183 1804 uobiscum
1196 1743 1427 1804 communicavit
1439 1743 1479 1804 el.
1494 1743 1542 1802 vir
1554 1739 1757 1820 socam.)

543 1889 755 1984 Friderious,
774 1894 837 1967 Dei
852 1895 970 1988 gracia
987 1895 1217 1967 Romanorum
1235 1895 1432 1988 imperator,
1451 1913 1587 1988 semper
1608 1901 1791 1986 augustus,
1808 1890 1906 1964 lcu-

495 2017 601 2090 salem
629 2026 664 2090 et
682 2017 796 2090 Sicilie
817 2039 898 2108 rex,
924 2017 1096 2090 universis
1124 2015 1258 2112 imperii
1285 2014 1465 2107 fidelibus,
1488 2024 1665 2112 presentes
1693 2014 1822 2088 litteram
1850 2015 1905 2084 in·

494 2139 678 2232 spectaris,
708 2140 853 2233 gratiam
884 2161 983 2212 suam
1010 2149 1046 2212 et
1071 2161 1174 2213 omne
1199 2139 1343 2213 bonum.
1371 2138 1585 2234 Supplicavit
1616 2136 1760 2209 culmini
1791 2143 1905 2208 nostro

496 2263 643 2336 dilectus
666 2263 827 2360 princeps
848 2273 976 2355 noster,
1001 2263 1209 2337 venerabilis
1230 2263 1443 2336 lutoviensis
1461 2261 1513 2358 (o)
1532 2261 1733 2356 episeopus,
1760 2267 1798 2330 ut
1822 2279 1905 2331 sen-

495 2386 635 2460 tentiam
663 2408 777 2460 coram
800 2409 850 2470 eo,
867 2389 971 2462 latam
996 2409 1018 2460 a
1046 2387 1121 2460 suis
1149 2387 1449 2478 ministerialibus,
1480 2385 1643 2460 videlicet
1668 2382 1765 2478 quod
1788 2382 1904 2456 nullus

493 2510 774 2604 predecessorum
791 2532 935 2585 suorum
951 2513 1008 2585 vel
1022 2512 1126 2585 etiam
1140 2533 1376 2586 successorum
1390 2509 1624 2606 possessiones
1635 2507 1682 2581 ad
1693 2505 1904 2604 prebendam

494 2635 806 2707 sanctimonialium
823 2635 860 2707 in
878 2635 1018 2710 civitate
1032 2635 1225 2709 Pataviensi
1249 2637 1286 2707 in
1305 2635 1527 2728 Nidernburg
1547 2635 1773 2730 pertinentes,
1795 2631 1906 2706 inico·

495 2757 579 2831 dure
596 2759 653 2832 vel
668 2759 822 2852 obligare
844 2760 900 2832 vei
921 2760 1039 2854 aliquo
1057 2757 1162 2831 modo
1178 2759 1328 2832 alienare
1351 2758 1491 2850 debeat,
1508 2767 1620 2852 prater
1640 2776 1845 2830 consensum
1870 2763 1905 2828 ct

494 2881 705 2954 volantatem
729 2879 920 2976 supradicti
949 2891 1159 2971 conventus,
1180 2881 1237 2955 vel
1255 2879 1304 2976 (b)
1322 2881 1522 2976 ubicunque
1547 2881 1674 2953 iactum
1696 2879 1760 2970 sit,
1780 2877 1905 2950 debeat

493 3003 529 3074 iu
563 3004 698 3076 irritum
731 3005 906 3096 revocari,
937 3015 972 3078 et
998 3006 1230 3100 possessiones
1254 3007 1306 3078 sie
1332 3006 1499 3093 alienate,
1526 3025 1737 3100 quocunque
1765 3001 1905 3076 nominc

493 3137 694 3220 censentur,
709 3129 761 3201 eis
779 3129 929 3203 debeant
943 3130 1076 3202 restitui
1091 3129 1196 3227 poleno
1207 3133 1308 3223 jure,
1330 3139 1439 3202 ratam
1456 3128 1586 3202 habere
1603 3139 1638 3200 et
1655 3127 1701 3200 de
1718 3135 1834 3200 nostra
1847 3123 1904 3199 di·

491 3273 676 3346 gnaremur
691 3254 806 3348 gracia
824 3253 1038 3326 confirmare.
1057 3255 1129 3326 Nos
1145 3254 1251 3348 igitur
1272 3254 1382 3350 ipsius
1402 3251 1710 3349 supplicationibus
1732 3249 1903 3323 lavorabi-

463 3363 468 3372 '
491 3375 568 3449 liter
594 3386 808 3464 annuentes,
835 3376 1025 3473 predictam
1053 3377 1283 3468 sentenciam,
1313 3379 1404 3450 sicut
1421 3379 1515 3470 juste
1542 3377 1611 3451 lata
1633 3385 1705 3467 est,
1735 3374 1902 3448 duximus

490 3498 778 3592 confirmandam
797 3499 1004 3574 mandantes
1020 3511 1194 3594 quatenus
1207 3500 1323 3572 nullus
1339 3500 1385 3573 sit
1397 3501 1459 3596 qui
1474 3510 1591 3573 contra
1603 3499 1772 3596 presentis
1786 3506 1900 3572 nostre

490 3622 758 3697 confirmationis
779 3623 941 3719 paginam
959 3635 1087 3697 temere
1102 3625 1222 3697 venire
1237 3634 1425 3720 presumat.

537 3749 661 3821 Datum
678 3747 773 3843 apud
788 3747 943 3840 Clusam,
963 3749 1023 3820 llll
1036 3747 1252 3842 septembris,
1270 3747 1318 3820 Xl
1335 3747 1595 3846 indictionale).

301 4200 438 4310 Q,
537 4179 764 4292 imperator,
795 4183 836 4266 in
864 4183 1038 4294 parabus
1060 4183 1319 4296 superioribus
1336 4183 1457 4270 milite
1483 4185 1661 4295 collecto,
1687 4185 1899 4296 praemisse

283 4305 458 4362 ΝΜ·
483 4311 744 4424 imperatrice,
782 4315 1051 4402 lombardiam
1087 4318 1253 4404 intravit.
1291 4318 1462 4404 Girroaie.
1503 4319 1642 4403 solist.
1671 4367 1728 4384 —
1754 4317 1899 4404 &dem

525 4491 569 4574 (a)
591 4493 626 4554 ln
639 4497 724 4572 copta
732 4501 832 4574 poter,
850 4495 936 4560 malo.

524 4597 565 4680 (b)
587 4599 697 4662 Ibide·
711 4607 755 4678 at,
770 4603 859 4664 male.

524 4703 562 4786 (c)
587 4703 713 4768 Additur
726 4709 757 4770 ln
771 4710 856 4789 copia
868 4725 947 4770 coac
959 4707 1078 4771 beato
1088 4705 1310 4774 HGGXXXW.
