4226 5900
200 607 381 686 lnnrcr.13.]
647 603 846 666 HISTORIA
868 603 1165 670 nlvnollnvlctt.
1553 597 1615 662 483

200 745 381 817 molestant
405 751 440 814 et
458 741 599 813 turbant
617 763 676 814 eos
699 765 806 838 super
831 741 976 838 pacifica
1000 741 1218 838 possessione
1242 741 1413 812 bonorum
1439 739 1611 833 ipsorum,

199 864 463 962 propterquod
492 865 649 962 predicte
678 866 766 960 legis
798 868 916 940 lavore
946 865 1107 940 beneficii
1125 887 1196 939 uon
1223 863 1393 952 contenti,
1417 862 1614 936 celsitudini

201 1000 317 1062 nostre
342 988 516 1093 humiliter
542 989 782 1084 supplicarunt
808 1001 847 1062 ut
876 991 959 1084 ipsis
988 989 1033 1063 de
1058 988 1273 1084 plenitudine
1298 989 1473 1082 potestatis
1501 995 1615 1060 nostre

202 1112 458 1206 legitimationis
484 1112 693 1186 beneficium
722 1115 888 1210 impertiri
913 1115 958 1188 de
988 1123 1104 1186 nostra
1132 1116 1241 1208 gratia
1268 1113 1503 1204 dignaremur,
1531 1111 1615 1184 ode·

202 1246 316 1309 rentes
352 1235 498 1331 proinde
530 1237 566 1306 iu
598 1237 866 1330 recognitionem
898 1238 1007 1332 gratie
1036 1245 1151 1310 nostre
1179 1214 1435 1330 legitimationis
1460 1233 1615 1326 ejusdem

202 1359 402 1431 vicesimam
421 1368 551 1453 partem
569 1359 615 1431 de
631 1361 858 1454 proventibus
877 1362 1046 1434 bonorum
1067 1361 1220 1456 ipsorum
1240 1368 1355 1432 nostre
1372 1359 1464 1431 curie
1485 1359 1618 1429 solvere

203 1482 395 1554 annuatim.
430 1482 499 1554 Nos
527 1490 643 1554 eutem
670 1483 824 1576 ipsorum
853 1484 1165 1579 supplicationibus
1200 1481 1431 1555 favorabiliter
1463 1482 1617 1553 inclinati

205 1607 301 1700 ipsos
326 1603 571 1697 legitimaudos
591 1604 760 1678 duximus
783 1607 828 1680 de
847 1607 1065 1702 plenitudiue
1089 1609 1267 1702 potestatis
1291 1617 1324 1678 et
1351 1607 1460 1700 gratie
1483 1614 1615 1694 nostre,

204 1739 307 1824 prout
327 1730 363 1800 in
383 1729 582 1824 patentibus
600 1730 727 1806 licteris
754 1732 878 1804 nostris
901 1737 988 1826 quas
1011 1731 1079 1802 sibi
1102 1731 1147 1804 de
1174 1731 1419 1826 legitimatioue
1440 1730 1514 1824 ipsa
1544 1729 1618 1801 lieri

205 1852 349 1924 lecimus
371 1852 524 1946 apertius
549 1854 753 1926 continetur.
776 1856 889 1938 Quare
908 1853 1064 1929 fidelitati
1086 1863 1144 1926 tue
1168 1854 1389 1950 precipiendo
1414 1853 1619 1926 mandamus

206 1985 418 2070 quatenusa
443 1977 605 2071 predictis
625 1979 885 2069 Bartholomeo,
912 1980 1062 2072 bigorio,
1084 1981 1343 2064 Bouaventura,
1369 1980 1562 2073 Sycuusora
1587 1988 1621 2048 et

205 2100 371 2172 Guerrere
391 2101 592 2173 vicesimam
619 2111 750 2196 partem
777 2103 822 2175 de
846 2103 1071 2199 proventibus
1101 2101 1333 2199 predictorum
1358 2103 1527 2174 bonorum
1548 2110 1620 2171 stu-

205 2223 290 2296 deas
311 2223 355 2296 ad
383 2246 472 2320 opns
499 2226 593 2298 curie
620 2235 735 2298 nostre
761 2227 863 2298 aunis
890 2228 1038 2321 siugulis
1061 2229 1192 2321 integre
1219 2227 1395 2322 percipere
1417 2235 1451 2298 et
1472 2226 1618 2312 babere,

207 2347 336 2418 iaciens
360 2346 406 2420 ad
428 2350 597 2422 cautelam
622 2350 717 2420 curie
744 2359 859 2422 nostre
886 2350 932 2423 de
955 2352 1146 2446 quantitate
1171 2351 1341 2422 bonorum
1368 2350 1521 2443 ipsorum
1549 2347 1622 2420 lieri

207 2470 279 2542 duo
294 2471 434 2564 publice
448 2473 575 2566 scripta
594 2473 732 2565 similia,
752 2496 824 2567 que
845 2474 1006 2546 distincte
1018 2475 1216 2546 contineant
1228 2475 1361 2559 locum,
1378 2473 1620 2566 quantitatem,

206 2593 381 2666 redditum
401 2604 437 2667 et
454 2597 607 2668 valorem
626 2597 796 2669 bonorum
821 2597 974 2692 ipsorum
995 2625 1003 2667 :
1024 2621 1135 2668 uuum
1162 2596 1412 2671 dimictendum
1440 2595 1574 2668 eisdem
1591 2605 1625 2668 et

208 2719 304 2792 aliud
320 2719 366 2792 ad
392 2729 542 2793 nostram
562 2743 734 2794 cameram
758 2721 1079 2794 transmictendum.
1097 2723 1148 2793 Tu
1166 2744 1250 2795 vero
1267 2721 1525 2818 prenominatos
1541 2723 1625 2794 Bar-

207 2845 435 2939 tholomenm,
455 2848 646 2942 Ligerium,
666 2850 965 2942 Beneventuram,
985 2851 1217 2946 Sycuuscram
1233 2857 1268 2922 et
1282 2847 1488 2920 Guerreram
1506 2845 1626 2920 fideles

208 2979 341 3042 nostros
360 2991 464 3065 super
484 2969 629 3066 pacifica
653 2974 869 3068 possessione
891 2975 1063 3046 bonorum
1090 2974 1242 3069 ipsorum
1263 2982 1487 3045 manuteneas
1507 2980 1541 3044 et
1560 2972 1625 3046 de·

208 3093 347 3185 leudes,
367 3115 433 3166 uec
451 3096 635 3190 permistas
651 3117 711 3169 eos
731 3119 752 3169 a
774 3098 936 3194 predictis
953 3099 1118 3192 magistro
1134 3098 1233 3170 Petro
1252 3095 1298 3170 de
1312 3097 1438 3188 Ebulo,
1458 3097 1622 3189 Orlaudo,

208 3217 374 3312 Dyouisio
390 3228 425 3290 et
441 3219 562 3292 Carolc
576 3220 758 3294 occasione
774 3221 927 3317 predicta
946 3223 982 3293 iu
997 3222 1082 3317 ipsis
1097 3221 1253 3296 indebite
1265 3221 1451 3295 molestari.

258 3343 382 3414 Datum
400 3344 495 3438 apud
514 3343 687 3438 Laudam,
708 3345 783 3418 lllll
798 3346 1010 3436 novembris,
1030 3346 1108 3418 Xlll
1127 3345 1338 3419 indictionis.

264 3927 486 4010 Mandatum
505 3929 555 4012 ad
577 3929 824 4014 lbcmasinm
848 3933 896 4014 de
917 3931 1134 4017 Brundusio
1158 3961 1229 4043 pro
1256 3937 1480 4021 seminanda
1507 3966 1625 4024 avenn
1685 3963 1785 4058 ,3533
1793 4047 1800 4068 ‚

209 4057 250 4138 in
271 4058 506 4167 Capitanata.
1664 4069 1823 4113 novembr·-

292 4259 416 4342 (depost.
432 4263 536 4342 imper.
550 4261 670 4325 Freder.
689 4265 729 4341 11,
745 4263 797 4327 lol.
813 4275 849 4327 18
864 4282 965 4341 verso3
980 4269 1012 4328 ln
1026 4267 1097 4328 edit.
1114 4268 1252 4350 Carnem,
1266 4288 1296 4348 p.
1315 4273 1400 4352 26⁰.)

258 4429 313 4504 De
332 4435 496 4529 imperiali
517 4439 672 4511 mondcto
688 4442 776 4531 [octo
785 4463 850 4536 per
872 4443 1071 4534 mopistrnm
1093 4447 1135 4516 ll.
1155 4445 1195 4517 de
1214 4446 1358 4526 camna,
1372 4451 1506 4542 scripsit
1522 4455 1562 4524 ll.
1586 4453 1625 4523 de

209 4556 371 4628 Selorum
1670 4587 1674 4596 ’

258 4681 476 4776 Fredericus,
506 4695 589 4779 etc,
619 4688 802 4764 Thomasio
831 4691 877 4765 de
902 4692 1117 4786 Brundusio,
1149 4705 1215 4768 etc.
1247 4697 1504 4793 Intelleximus,
1531 4703 1626 4796 quod
