4278 5920
464 493 524 556 tta
965 501 1179 564 vutosstct
1206 503 1380 564 SECUNDI
1688 502 1768 587 [dau.
1787 505 1871 568 12:3⁷.

461 631 559 704 bulla
588 631 721 727 typario
751 641 866 706 nostre
896 635 1083 727 majestatis
1113 639 1280 732 impressa
1311 637 1527 710 universitati
1559 647 1673 711 vestre
1706 639 1874 716 duximus

463 755 707 850 indulgendas.

510 882 654 971 Datum,
674 889 742 952 etc.

707 1101 877 1110 —Q——n—
884 1101 1370 1112 -ι---ι--οα-σ--η-,ι-..ιη--ι--ηο-ι-ο
1377 1101 1625 1112 -1--0---0-1—⁴

386 1413 424 1480 p,
514 1370 747 1476 Fridericus,
771 1370 1032 1453 Romanorum
1054 1371 1273 1478 imperator,
1301 1373 1457 1455 domiuo
1478 1398 1600 1482 papae
1625 1382 1664 1454 et
1691 1371 1875 1454 cardina-

461 1501 563 1586 libus
588 1503 784 1586 victoriam
803 1528 825 1584 a
845 1528 886 1584 se
907 1504 955 1584 de
982 1503 1326 1586 Mediolanensibus
1355 1504 1525 1588 habitam
1553 1506 1705 1587 nuntiat
1730 1515 1770 1586 et
1793 1504 1876 1587 tuse

461 1637 651 1720 describit.

401 1917 408 1932 ·
543 1841 639 1921 (Edit.
653 1857 703 1917 ap.
719 1839 802 1899 Petri
815 1836 850 1898 dc
868 1839 935 1899 Vin.
950 1839 1060 1917 Epist,
1077 1839 1129 1898 lib.
1149 1840 1193 1913 11,
1208 1857 1274 1916 cap.
1290 1840 1413 1913 XXXV,
1430 1841 1498 1900 eolt.
1512 1857 1581 1902 cum
1593 1839 1715 1901 codicib.
1736 1839 1871 1900 Biblioth.

579 1949 687 2020 Paris„
693 1945 786 2025 sunda
799 1946 1004 2019 Nutu-Dama,
1021 1953 1091 2024 202,
1105 1962 1171 2004 oruc.
1178 1943 1270 2024 soadr
1284 1943 1371 2020 lrrtia,
1388 1945 1492 2026 aust.)

509 2121 732 2208 Fredericus‚
772 2119 834 2191 Dei
867 2119 996 2211 gratia,
1033 2127 1117 2210 etc,
1157 2119 1330 2192 universis
1366 2122 1623 2194 venerabilibus
1661 2131 1874 2194 sacrosancte

461 2248 612 2318 Romane
625 2243 777 2316 Ecclesia
791 2243 1025 2315 cardinalibus
1038 2242 1174 2329 dilectis
1184 2243 1306 2316 amicis
1325 2245 1399 2316 suis
1412 2245 1559 2317 salutem
1575 2255 1610 2316 et
1625 2245 1757 2318 sincere
1768 2244 1873 2318 dilec-

461 2371 566 2442 tionis
580 2368 753 2441 allectum.
771 2367 994 2440 Communem
1011 2367 1166 2438 omnium
1183 2367 1378 2463 principum
1394 2378 1484 2440 terre
1499 2368 1663 2459 leticiam,
1682 2368 1744 2441 sed
1759 2368 1873 2440 matris

460 2492 612 2564 Ecclesia
628 2490 831 2586 specialem,
847 2499 998 2562 vestram
1014 2489 1158 2562 ulterius
1176 2491 1283 2562 latere
1300 2491 1461 2564 noticiam
1479 2513 1549 2564 uou
1567 2494 1739 2580 volentes,
1759 2515 1871 2586 quau·

461 2639 566 2711 quam
595 2626 634 2686 ut
659 2614 800 2686 firmiter
825 2614 1009 2708 opinamur
1033 2614 1273 2688 insinuationis
1299 2625 1414 2688 nostre
1437 2637 1577 2688 cursum
1602 2617 1744 2690 celerior
1767 2615 1874 2689 litoris

461 2742 553 2813 lama
582 2739 767 2834 preripuit,
800 2736 1024 2809 nibilominus
1051 2737 1099 2810 ad
1128 2760 1192 2810 vos
1220 2739 1389 2832 imperiali
1418 2749 1669 2834 programmate
1699 2739 1873 2811 victoriosi

460 2885 642 2959 processus
667 2861 774 2934 uostri
795 2861 987 2956 tripudium
1012 2861 1102 2957 stylo
1126 2861 1332 2934 deducimus
1359 2863 1516 2934 certiore.
1547 2865 1636 2934 Saue
1662 2873 1790 2957 quauta
1815 2885 1875 2933 au·

461 2987 560 3060 dacie
591 2995 789 3081 quanteque
812 2985 1013 3057 temeritatis
1042 2984 1111 3056 siut
1138 2987 1303 3080 Ligurum
1331 2987 1534 3060 excellentie
1556 2996 1671 3059 nostre
1695 2987 1872 3058 rebellium

461 3111 642 3196 lectiones,
659 3108 706 3182 ad
727 3110 904 3205 proximos
922 3109 1135 3204 experientia
1153 3109 1277 3182 detulit
1298 3119 1332 3183 et
1348 3111 1412 3183 loci
1432 3112 1610 3199 vicinitas,
1629 3132 1670 3183 ac
1685 3111 1873 3183 inveterate

461 3236 552 3306 sama
570 3233 723 3328 nequitie
739 3234 878 3328 pertulit
894 3233 940 3305 ad
958 3241 1124 3325 remotos,
1145 3255 1209 3306 uec
1225 3233 1330 3306 latere
1345 3255 1409 3307 vos
1427 3234 1619 3326 credimus,
1640 3255 1705 3306 nec
1720 3234 1873 3307 muudus

460 3360 595 3454 ignorat
610 3369 681 3430 tam
699 3359 802 3450 louge
821 3357 1105 3430 dissimulationis
1121 3367 1235 3430 nostre
1253 3358 1480 3430 constantiam
1498 3359 1588 3430 circa
1601 3379 1679 3430 ¹eos.
1701 3359 1751 3430 Ne
1769 3357 1874 3451 igitur

460 3483 638 3556 tolerantia
658 3491 774 3555 nostra
794 3503 914 3554 verum
939 3481 1104 3578 patientie
1123 3503 1249 3555 nomeu
1274 3483 1461 3572 amitteret,
1490 3491 1524 3552 et
1546 3481 1676 3554 viciose
1696 3481 1873 3576 pusillani-

460 3607 588 3679 mitatis
600 3616 715 3680 notam
731 3608 917 3679 incurreret
938 3627 1000 3702 pro
1015 3605 1138 3680 decore
1150 3607 1305 3696 virtutis,
1322 3605 1638 3678 animadvertentes
1651 3604 1871 3700 postmodum

460 3731 554 3826 quod
572 3732 661 3804 ferro
680 3731 871 3804 scindenda
888 3739 969 3802 suut
986 3731 1147 3818 vulnera,
1170 3751 1239 3825 que
1260 3730 1490 3801 fomentorum
1508 3749 1579 3801 nou
1595 3728 1748 3801 sautiuut
1763 3727 1872 3800 medi·

460 3853 592 3944 cinam;
620 3875 685 3927 nco
716 3863 899 3950 expectare
927 3856 1085 3928 volentes
1113 3854 1208 3948 quod
1241 3854 1278 3924 iu
1305 3852 1456 3925 fistulam
1485 3853 1608 3925 totiens
1628 3853 1701 3945 jam
1730 3851 1872 3922 cicatrix

460 3978 609 4051 obducta
631 3978 806 4069 transiret,
828 3977 1020 4051 necessario
1041 3999 1107 4051 uos
1128 3977 1173 4050 ad
1197 3997 1292 4050 arma
1315 3977 1564 4066 convertimus,
1589 3996 1712 4048 manus
1734 3973 1780 4047 ad
1799 3975 1873 4046 tor-

459 4102 546 4174 tiora
561 4101 735 4188 misimuS,
756 4111 791 4173 et
811 4112 966 4174 nostrum
982 4101 1198 4175 vibravimus
1216 4100 1389 4195 gladium,
1410 4099 1612 4174 dormientis
1628 4097 1762 4192 imperii
1779 4117 1871 4170 som·

459 4247 544 4296 num
569 4201 772 4296 excitantes.
802 4225 950 4298 Etcum
976 4247 1068 4298 auno
1098 4225 1261 4321 preterito
1287 4224 1396 4296 veluti
1422 4221 1603 4316 cujusdam
1630 4220 1871 4317 profunditatis

459 4347 590 4420 vadum
609 4348 762 4442 ipsorum
779 4348 871 4421 vires
890 4358 926 4421 et
943 4350 1076 4422 animos
1097 4358 1347 4439 tentassemus,
1368 4346 1607 4441 experimento
1630 4343 1742 4418 securi
1758 4345 1870 4417 teuni-

458 4495 536 4544 mus
553 4471 781 4567 propositum,
804 4471 1016 4545 firmavimus
1032 4472 1201 4558 animum,
1225 4471 1309 4544 dum
1325 4470 1519 4545 desiderate
1536 4469 1636 4543 uobis
1652 4487 1871 4542 consumma·

459 4595 560 4668 tionis
579 4593 737 4666 ellectum
754 4594 921 4690 principia
935 4595 1026 4669 bona
1042 4595 1295 4690 promitterent,
1317 4602 1351 4668 et
1368 4593 1478 4666 leticie
1493 4590 1690 4688 vespertine
1707 4589 1870 4663 fiduciam
