4228 5892
505 611 565 672 358
1001 607 1214 668 Fnlbultlcl
1239 606 1413 668 SECUNDI
1728 607 1807 694 [Arva.
1828 609 1910 672 1239.

505 747 573 818 lem
586 755 621 817 et
634 743 749 817 Sicilie
766 763 843 832 rex,
856 734 1016 834 ilenrico,
1032 741 1148 814 Turris
1165 749 1200 814 et
1214 741 1362 822 Gallnria
1379 741 1504 814 illustri
1519 741 1612 837 regi,
1625 744 1713 816 sacri
1726 744 1913 840 imperiiin

506 869 602 942 ltalia
619 870 753 962 legato,
778 865 902 940 dilecto
924 862 994 937 lilio
1016 885 1080 938 sno
1101 865 1246 958 gratiam
1266 878 1418 940 suamet
1440 866 1705 942 omnebonum.
1730 866 1785 942 Ad
1804 870 1915 944 extol·

506 991 610 1065 lenda
626 993 798 1085 justornm
813 988 973 1084 preconia
993 995 1027 1060 et
1047 987 1284 1083 reprimendas
1308 989 1509 1068 insolentias
1524 997 1814 1084 transgressorum
1832 1015 1915 1089 pro-

507 1115 657 1210 spiciens
678 1137 699 1186 a
718 1113 792 1186 celo
807 1111 939 1205 justitia
955 1111 1072 1186 evexit
1094 1111 1130 1183 in
1146 1112 1283 1207 populis
1304 1112 1523 1206 regnantium
1543 1115 1628 1188 solia
1648 1124 1682 1188 et
1700 1115 1915 1192 diversorum

506 1239 702 1334 principum
727 1244 922 1332 potestates.
941 1235 1114 1319 caruisset
1139 1257 1290 1330 namque
1313 1236 1460 1310 libenter
1475 1236 1627 1314 bumana
1656 1239 1809 1314 conditio
1832 1241 1916 1334 jugo

507 1361 670 1453 dominii,
695 1381 810 1455 neque
829 1359 1018 1434 libertatem
1039 1381 1060 1432 a
1083 1381 1139 1450 se,
1161 1381 1267 1454 qnam
1287 1360 1337 1434 eis
1361 1369 1484 1434 natura
1505 1372 1736 1453 concesserat,
1760 1363 1916 1438 homiues

508 1487 744 1573 abdicassent,
760 1484 826 1556 nisi
842 1485 926 1578 quia
939 1482 1108 1579 impunita
1128 1483 1264 1558 licentia
1279 1485 1448 1560 scelernm
1467 1483 1502 1556 in
1519 1483 1714 1558 evidentem
1731 1485 1916 1580 perniciem

508 1609 651 1682 humani
668 1609 804 1703 generis
817 1607 1052 1695 redundabat,
1068 1615 1102 1683 et
1118 1627 1164 1681 cu
1182 1607 1384 1683 necessitate
1401 1606 1553 1702 quadam
1569 1609 1744 1702 opportuit
1760 1618 1917 1684 naturam

511 1735 654 1808 subesse
673 1733 821 1825 justitie,
847 1741 882 1804 et
899 1731 1029 1804 servire
1043 1729 1175 1822 judicic
1196 1731 1407 1822 libertatem
1430 1730 1493 1804 sed
1510 1753 1625 1825 neque
1636 1731 1773 1826 exquiri
1787 1734 1918 1806 extrin-

511 1880 610 1932 secus
632 1855 748 1930 decuit
769 1855 871 1928 aliam
891 1855 1039 1950 speciem
1066 1863 1238 1942 creature3
1266 1853 1327 1926 sed
1346 1855 1449 1926 bomo
1472 1855 1622 1949 prelatus
1639 1863 1693 1928 est
1710 1855 1856 1943 homiui,
1880 1869 1919 1928 ut

512 1982 695 2074 gratiorem
713 1981 919 2076 prelaturam
938 1978 1086 2052 alliceret
1104 1977 1266 2050 identitas
1281 1977 1420 2072 speciei.
1440 1979 1660 2051 Potissimum
1677 1987 1791 2051 tamen
1807 1979 1852 2052 ad
1866 2001 1918 2052 re-

511 2107 626 2200 gimen
647 2105 855 2200 populorum
874 2101 994 2174 divina
1015 2101 1182 2174 sententia
1206 2101 1346 2196 prefecit
1368 2103 1569 2197 imperium,
1592 2102 1678 2176 dnm
1696 2113 1835 2176 ostensa
1853 2103 1918 2176 sibi

512 2228 624 2322 ligura
643 2227 855 2300 numismatis
877 2225 912 2296 in
936 2223 1162 2298 redditionem
1183 2245 1325 2312 census,
1350 2246 1390 2298 ea
1410 2241 1470 2320 pre
1487 2226 1609 2298 ceteris
1625 2225 1766 2317 regibus
1784 2247 1920 2300 cesaree

511 2354 649 2426 fortuna
667 2349 841 2444 fastigium
866 2347 1087 2443 presignivit;
1114 2347 1170 2419 cui
1194 2346 1445 2424 diversimodas
1463 2346 1620 2424 subdidit
1649 2349 1825 2440 nationes,
1851 2370 1918 2422 non

511 2477 558 2550 ob
575 2477 641 2548 boc
658 2477 770 2548 solum
786 2479 826 2544 ut
841 2472 892 2545 ais
907 2470 1114 2565 imperando
1138 2481 1305 2565 preesset,
1323 2469 1386 2546 sed
1401 2480 1440 2542 ut
1455 2471 1540 2566 ipsis
1553 2471 1649 2565 pacis
1663 2480 1699 2544 et
1711 2473 1845 2564 justitie
1862 2494 1919 2546 co·

511 2600 604 2694 piam
618 2595 843 2700 ministrando
853 2593 1024 2690 preberet.
1040 2595 1130 2666 luter
1142 2593 1331 2688 illasigitur
1342 2595 1525 2669 multarum
1533 2596 1796 2690 occupationum
1805 2618 1918 2689 curas,

511 2723 640 2818 qulbus
653 2719 851 2794 fluctuantis
867 2717 980 2813 pelagi
998 2737 1093 2790 more
1107 2737 1170 2813 pro
1187 2719 1316 2792 salubri
1331 2719 1380 2792 rei
1393 2719 1534 2814 publice
1545 2729 1637 2792 statu
1654 2721 1795 2815 spiritus
1809 2731 1921 2806 noster

513 2847 675 2920 continue
700 2845 872 2934 fatigatur,
896 2841 1118 2914 meditatione
1143 2841 1286 2914 sollicita
1308 2843 1525 2916 revolventes
1551 2843 1647 2938 quod
1674 2845 1772 2937 regio
1797 2866 1922 2940 supra-

513 2971 602 3043 dicta
626 2979 727 3066 prout
748 2966 908 3062 superius
929 2974 981 3038 est
1004 2965 1184 3054 distincta,
1210 2965 1388 3061 provincia
1410 2967 1531 3061 utique
1554 2967 1680 3040 nobilis
1700 2977 1734 3040 et
1753 2991 1834 3064 pars
1857 2969 1922 3041 Ro·

490 3083 604 3167 'mani
626 3091 761 3186 imperii
780 3089 945 3184 pretiosa,
964 3087 1025 3161 diu
1038 3111 1101 3184 pro
1118 3087 1304 3164 hostilitate
1320 3111 1521 3182 guerrarum
1540 3099 1575 3163 et
1593 3091 1761 3164 seditione
1781 3113 1922 3164 snorum

512 3216 708 3312 provisione
732 3214 862 3308 justitie
890 3211 1074 3304 caruisset,
1097 3211 1351 3308 propterquod
1374 3221 1444 3285 tam
1467 3214 1561 3288 cives
1582 3235 1688 3308 quam
1715 3215 1923 3287 habitatores

511 3341 608 3414 ltalie
625 3341 660 3411 in
672 3338 826 3434 personis
842 3345 875 3409 et
892 3337 929 3407 in
943 3335 1047 3408 rebus
1060 3335 1186 3408 damna
1201 3359 1270 3410 non
1282 3337 1419 3410 modica
1433 3339 1592 3412 novimus
1609 3338 1716 3411 luisse
1727 3359 1919 3434 perpessos,

511 3475 546 3537 ct
560 3463 690 3536 ibidem
705 3465 784 3556 jura
796 3460 928 3554 imperii
949 3460 1136 3550 diminuta,
1155 3481 1200 3532 ne
1217 3461 1382 3533 talentum
1397 3463 1497 3535 nobis
1514 3462 1551 3533 in
1565 3463 1615 3534 eis
1627 3462 1796 3536 creditum
1811 3463 1923 3556 negli-

512 3597 632 3682 genter
663 3583 876 3660 abscondere
905 3581 1099 3672 videamur,
1127 3591 1245 3678 utpote
1274 3585 1336 3678 qni
1362 3587 1529 3659 rationem
1561 3587 1778 3660 villicationis
1809 3596 1923 3660 nostre

512 3734 633 3784 sumus
647 3711 682 3782 in
697 3709 859 3783 examine
877 3707 983 3782 stricti
998 3707 1121 3800 judicii
1139 3707 1327 3796 reddituri,
1343 3709 1389 3782 ad
1405 3709 1471 3783 boc
1489 3709 1682 3784 direximus
1700 3711 1809 3784 aciem
1825 3733 1922 3783 men·

511 3836 556 3906 tis
574 3843 707 3921 nostre,
729 3843 768 3906 ut
786 3831 833 3906 ad
852 3841 976 3905 statum
993 3831 1175 3927 pacificum
1196 3833 1301 3904 totius
1319 3834 1414 3907 ltalia
1436 3834 1622 3930 imperialis
1643 3833 1848 3928 provisionis
1863 3835 1923 3906 in-

512 3961 636 4032 stantia
660 3957 840 4030 salubriter
864 3957 1097 4030 intendamus.
1125 3957 1340 4052 Quapropter
1361 3959 1406 4032 de
1425 3968 1484 4032 tua
1509 3951 1679 4032 industria
1700 3969 1735 4031 et
1762 3958 1923 4032 fidelitate

513 4083 655 4172 conlisi,
679 4092 712 4154 te
732 4081 776 4154 de
794 4083 898 4154 latere
921 4091 1037 4154 nostro
1058 4083 1207 4173 legatum
1230 4083 1335 4154 totius
1360 4083 1456 4156 ltalia
1482 4083 1527 4156 nd
1559 4105 1634 4175 eos,
1656 4083 1754 4156 velut
1779 4091 1922 4178 persone

513 4217 627 4279 nostre
648 4205 827 4300 speculum
848 4227 912 4299 pro
932 4205 1191 4276 conservatione
1211 4205 1305 4300 pacis
1330 4215 1364 4276 et
1388 4207 1532 4296 justitie,
1554 4207 1749 4302 specialiter
1772 4206 1923 4277 destina·

512 4355 610 4422 mus,
627 4341 666 4402 nt
680 4329 774 4402 vices
790 4339 922 4401 nostras
942 4329 1184 4400 universaliter
1205 4351 1304 4422 geras
1327 4329 1362 4400 in
1380 4351 1433 4402 ea.
1456 4331 1687 4403 Concedentes
1711 4331 1771 4400 tibi
1791 4351 1921 4401 merum

513 4456 694 4550 imperium
713 4463 746 4528 et
763 4453 870 4548 gladii
890 4461 1091 4548 potestatem
1101 4491 1115 4542 ‚·
1130 4463 1165 4525 et
1185 4463 1223 4524 ut
1244 4453 1279 4523 iu
1298 4454 1502 4528 facinorosos
1518 4453 1790 4526 animadvertere
1808 4454 1923 4525 valeas

512 4580 591 4652 vice
607 4587 722 4668 nostra
735 4577 916 4673 purgando
929 4578 1076 4667 ltaliam,
1094 4577 1328 4649 malefactores
1342 4577 1513 4670 inquiras,
1534 4589 1568 4651 et
1586 4578 1710 4673 punias
1727 4575 1919 4670 inquisitos,

514 4713 548 4776 et
565 4703 758 4797 specialiter
775 4723 834 4775 ecs
853 4702 914 4795 qui
929 4710 1050 4774 stratas
1064 4711 1098 4774 et
1112 4701 1233 4774 itinera
1251 4701 1392 4796 publica
1402 4723 1490 4775 ausu
1508 4701 1690 4776 tememrio
1704 4701 1835 4775 violare
1847 4719 1923 4795 pre·
