4350 5922
510 625 552 687 ta
1012 630 1224 692 Fllllllllllcl
1245 628 1417 691 snottttnt
1735 628 1816 712 [ttrr.
1837 629 1927 694 1237,

510 770 724 848 sanctorum,
753 781 815 855 pro
837 761 1076 858 redemptione
1103 765 1297 838 animarum
1316 785 1459 836 suarum
1477 770 1670 835 statuerunt
1692 770 1727 835 et
1747 761 1838 836 datis
1858 763 1929 858 pri·

510 885 646 978 vilegiis
663 895 828 980 perpetuo
847 886 1109 977 confirmarunt,
1131 889 1311 961 annullare
1324 889 1382 960 vel
1397 885 1587 960 detractare
1600 905 1667 958 nec
1683 886 1845 960 volumus
1862 908 1927 960 nec

509 1028 711 1101 possumus3
729 1008 815 1101 quin
841 1009 944 1082 etiam
970 1023 1008 1082 ut
1026 1013 1284 1084 benefactorum
1306 1011 1463 1106 ipsorum
1488 1008 1765 1082 communionem
1784 1009 1820 1080 in
1845 1031 1924 1104 pre·

508 1131 596 1202 senti
615 1131 717 1202 simul
736 1141 771 1203 et
787 1133 901 1206 futuro
922 1133 1132 1223 habeamus,
1149 1155 1359 1229 quecunque
1378 1135 1427 1206 illi
1453 1134 1565 1206 secere
1589 1129 1735 1205 fideliter
1751 1139 1786 1205 et
1801 1131 1925 1206 devote

507 1257 581 1326 suis
604 1257 815 1349 temporibus
845 1257 910 1328 bec
930 1258 1053 1331 eadem
1079 1269 1115 1332 et
1141 1279 1204 1331 nos
1232 1257 1418 1330 donatione
1439 1255 1612 1352 privilegii
1637 1263 1672 1328 et
1699 1254 1925 1350 impressione

507 1378 610 1470 sigilli
632 1379 738 1450 nostri
760 1378 964 1453 confirmare
988 1381 1205 1470 curabimus,
1224 1379 1387 1452 videlicet
1403 1387 1442 1452 ut
1460 1379 1581 1452 iratres
1597 1377 1643 1450 de
1660 1376 1922 1450 Raitenhaslaob

508 1501 654 1573 liberum
673 1503 854 1573 transitum
876 1503 1028 1576 habeant
1042 1504 1220 1594 Chremsa,
1248 1503 1443 1596 Persnburg
1466 1517 1500 1574 et
1526 1500 1776 1590 Manthansen,
1794 1499 1851 1572 vel
1873 1500 1921 1573 ad

507 1646 764 1718 quemcumque
782 1627 894 1697 locum
913 1626 1034 1700 eadem
1052 1638 1147 1698 muta
1162 1627 1261 1718 jussu
1281 1625 1411 1698 ducum
1430 1625 1567 1697 Austris
1583 1624 1619 1695 in
1638 1625 1792 1694 loturum
1812 1633 1920 1694 trans·

505 1750 633 1821 feratur
650 1749 726 1821 sine
744 1749 972 1822 diminutione
985 1751 1074 1843 juris
1097 1752 1240 1822 fratrum
1260 1747 1495 1844 predictorum
1513 1746 1590 1836 liat;
1609 1757 1643 1820 et
1661 1747 1745 1841 quia
1761 1747 1921 1821 volumus

505 1881 545 1944 ut
562 1873 747 1945 elemosina
769 1883 884 1945 nostra
902 1874 1010 1946 libera
1028 1873 1073 1946 sit
1096 1882 1131 1944 et
1153 1874 1324 1968 plenaria,
1348 1873 1506 1944 mutariis
1526 1870 1764 1944 interdicimus
1781 1891 1919 1942 omnem

505 1996 550 2068 de
567 1995 696 2068 eisdem
714 1997 969 2068 venerabilibus
986 1997 1147 2069 iratribus
1162 1997 1379 2069 exactionem
1398 2005 1510 2091 preter
1520 1997 1580 2088 jus
1603 2016 1706 2066 sunm
1725 1993 1820 2087 quod
1837 2003 1919 2066 sunt

504 2121 567 2194 Xll
590 2119 723 2192 denarii
747 2122 801 2192 vel
825 2121 966 2216 aliquod
995 2122 1140 2194 xenium
1166 2121 1261 2216 quod
1287 2143 1351 2216 pro
1375 2119 1508 2193 eisdem
1532 2120 1648 2192 numia
1669 2127 1824 2192 constare
1850 2139 1918 2214 po-

503 2243 598 2332 terit,
627 2253 661 2316 et
686 2243 751 2315 hoc
776 2254 910 2316 tantum
940 2247 1046 2318 semel
1074 2246 1110 2316 in
1133 2265 1278 2318 ascensu
1306 2244 1447 2316 navium
1479 2243 1633 2338 ipsorum
1660 2241 1732 2316 fiat.
1756 2241 1857 2328 Quod
1885 2241 1916 2314 si

503 2367 687 2461 quisquam
712 2389 832 2440 eurum
854 2369 1027 2462 predictos
1053 2371 1172 2442 tratres
1198 2378 1315 2440 contra
1338 2367 1403 2440 hec
1424 2375 1540 2440 nostra
1564 2375 1691 2440 statuta
1718 2364 1915 2440 ullomodo

501 2493 735 2585 angariaverit
756 2495 812 2566 vel
829 2494 874 2566 ab
893 2497 1028 2589 incepto
1046 2495 1168 2568 itinere
1188 2513 1398 2588 quocunque
1418 2491 1522 2565 modo
1544 2491 1788 2578 retardaverit,
1804 2491 1916 2586 quin-

501 2615 667 2709 quaginta
682 2617 788 2688 libras
805 2591 938 2708 argenti
956 2619 992 2689 in
1011 2639 1180 2690 cameram
1195 2627 1346 2690 nostram
1361 2639 1425 2712 pro
1440 2617 1499 2690 tuli
1514 2616 1771 2712 presumptione
1783 2636 1913 2710 appen-

501 2738 581 2829 dat,
604 2739 699 2812 salvo
722 2741 801 2832 jure
828 2741 970 2812 fratrum
994 2751 1232 2836 permanente,
1258 2750 1445 2834 nostraque
1464 2739 1707 2812 inviolabiliter
1730 2737 1914 2812 donatione

501 2863 665 2958 deinceps
689 2874 942 2957 perseverante.
969 2866 1099 2936 Horum
1124 2874 1226 2937 testes
1254 2873 1335 2936 sunt
1359 2890 1367 2935 ε
1388 2863 1611 2936 Eberhardns
1637 2863 1914 2957 archiepiscopus

502 2982 788 3083 [salzburgensis]
807 2986 1001 3083 Apostolice
1020 2987 1120 3060 Sedis
1146 2989 1302 3080 legatus,
1323 2989 1485 3060 Albertns
1507 2985 1767 3081 Salzburgensis
1789 3007 1911 3081 prepo-

500 3112 606 3202 situs,
627 3111 857 3184 Hartmunnus
879 3113 924 3184 ds
941 3115 1096 3204 Sunger,
1116 3111 1326 3184 Wiobardus
1341 3112 1493 3208 dapifer,
1509 3111 1692 3184 Wicherus
1710 3110 1909 3202 Zellringer,

499 3233 728 3326 Marquardns
745 3235 790 3307 de
804 3236 999 3330 llinperch,
1021 3237 1204 3308 Hainricns
1219 3235 1263 3308 de
1280 3236 1434 3326 Pruneu,
1457 3235 1636 3308 Adelollus
1651 3244 1685 3308 et
1708 3235 1811 3308 frater
1826 3255 1911 3306 suus

499 3357 718 3452 Hartungen,
743 3361 849 3431 etalii
866 3362 1101 3454 quamplures.
1592 3373 1596 3380 '

546 3479 631 3554 Acta
655 3493 736 3554 sunt
762 3491 878 3555 autem
906 3483 970 3555 heu
995 3504 1087 3555 anno
1115 3483 1162 3556 ab
1186 3481 1420 3556 incarnatione
1447 3481 1583 3554 Domini
1605 3480 1770 3570 MCCllll,
1796 3479 1907 3554 indic·

498 3605 591 3678 tione
608 3607 659 3697 X,
677 3587 714 3676 iu
729 3605 953 3678 Neunburch.

544 3730 614 3803 Nos
633 3729 737 3821 igitur
756 3731 802 3804 ad
818 3751 923 3824 quem
942 3730 1174 3826 predictorum
1193 3730 1383 3803 ducatuum
1402 3737 1541 3824 optenta
1566 3749 1709 3800 munere
1731 3727 1908 3822 dispensa·

497 3852 601 3925 tionis
624 3853 744 3926 divine
764 3855 935 3948 possessio
956 3855 1029 3948 Jam
1051 3855 1227 3950 pervenit,
1247 3863 1342 3926 tanto
1363 3853 1410 3925 ad
1426 3851 1671 3946 exequendum
1692 3871 1809 3946 preces
1835 3871 1908 3922 ser·
1960 3931 1965 3941 ι

495 3997 618 4049 vorum
636 3973 683 4072 (a)
701 3977 763 4050 Dei
789 3979 975 4070 benignius
996 3979 1149 4051 inclinati
1168 3989 1297 4072 quanto
1316 3977 1480 4072 gratiores
1501 3977 1590 4049 ellici
1613 3976 1773 4070 cupimus
1791 3993 1906 4048 coram

494 4101 566 4172 Deo
586 4099 631 4173 de
649 4101 749 4192 cujus
766 4101 983 4196 plenitudine
1007 4103 1199 4198 recepimus
1217 4102 1392 4192 universa,
1413 4108 1643 4196 presentatum
1665 4097 1761 4170 curie
1791 4106 1907 4170 nostre

493 4222 658 4317 scriptum
689 4222 835 4319 predicti
862 4225 962 4298 ducis
986 4225 1033 4298 ad
1062 4225 1295 4299 amovendum
1322 4247 1459 4299 omnem
1486 4223 1717 4318 suspicionem
1745 4241 1814 4315 que
1842 4239 1905 4314 pru

493 4347 723 4422 contractione
742 4349 846 4442 sigilli
863 4359 996 4446 poterat
1011 4351 1176 4442 suboriri,
1197 4351 1301 4423 scribi
1316 4361 1350 4422 et
1364 4349 1522 4422 innovari
1539 4345 1799 4436 mandavimus,
1816 4342 1904 4415 illud

492 4481 528 4544 et
549 4472 665 4545 omnia
681 4494 751 4567 que
766 4474 982 4546 continentur
1000 4475 1036 4546 in
1059 4497 1101 4548 eo
1119 4475 1164 4548 de
1183 4473 1502 4570 superhabundanti
1520 4471 1629 4565 gratia
1646 4467 1900 4542 confirmantes.

531 4746 574 4828 (a)
598 4749 635 4810 ln
647 4751 789 4828 impresso
801 4751 934 4828 mmmm,
949 4754 1036 4814 male.
