4224 5898
209 592 306 653 lvnrcr.
325 587 385 672 12]
652 587 849 650 triscoulu
875 587 1169 654 clancularius.
1554 585 1614 648 315

211 747 281 821 quo
297 733 528 798 antecessores
545 743 664 796 eorum
682 732 862 798 tenuerant
878 725 913 796 in
928 725 1086 814 baronia,
1101 735 1255 798 tenerent
1270 725 1315 800 ds
1330 725 1440 819 gratia
1457 723 1611 819 speciali.

212 847 486 922 Confirmationis
501 847 604 921 etiam
621 845 704 920 dicti
720 848 850 944 pbendi
866 857 902 921 et
919 848 1100 922 divisionis
1118 848 1163 922 do
1179 849 1254 942 ipso
1269 847 1410 942 pheudo
1425 847 1513 919 lacte
1535 867 1615 918 cum

213 972 307 1046 dicto
340 970 482 1043 domino
511 970 559 1042 Μ.
588 971 696 1065 probe
727 993 791 1066 par
818 981 920 1044 testes
949 971 1151 1066 hujusmodi
1180 971 1360 1045 ostendere
1388 970 1615 1043 conabantur.

214 1095 338 1169 Contra
356 1093 552 1188 quaomnia
570 1116 632 1190 per
647 1103 901 1189 procuratorem
919 1097 1016 1168 curie
1032 1095 1205 1187 objectum
1221 1105 1274 1167 est
1294 1095 1424 1166 nullam
1445 1094 1517 1165 lora
1535 1113 1619 1188 pre-

216 1215 387 1290 dictorum
401 1215 660 1307 justitiariorum
679 1217 883 1290 sententiam
897 1239 962 1289 nec
983 1238 1178 1312 possessum
1193 1217 1350 1292 habitum
1366 1237 1482 1290 coram
1497 1215 1561 1306 eis,
1582 1215 1619 1286 in

216 1339 346 1434 quibus
361 1347 558 1436 procurator
575 1338 649 1412 lisci
667 1361 737 1414 non
756 1341 852 1412 allinit
869 1362 973 1434 quem
987 1363 1090 1413 causa
1106 1341 1180 1438 ipsa
1200 1339 1391 1414 necessario
1409 1339 1617 1433 requirebat.

216 1461 352 1534 Nullius
375 1463 478 1534 etiam
500 1464 665 1536 momenti
694 1464 765 1536 lore
788 1464 944 1558 probatio
972 1464 1109 1536 testium
1137 1463 1317 1538 dicebatur
1340 1461 1401 1558 qni
1426 1483 1464 1534 so
1492 1461 1623 1534 vidisse

217 1585 449 1659 consessionis
474 1586 616 1660 baronie
638 1585 929 1660 confirmmionem
959 1597 993 1660 et
1021 1587 1200 1662 divisionis
1224 1587 1379 1683 predicte
1402 1585 1622 1682 privilegium

219 1711 458 1807 deponebant,
477 1732 542 1783 noo
563 1710 693 1784 dictum
720 1713 941 1807 privilegium
960 1713 1011 1785 sic
1035 1712 1163 1786 istebat
1184 1712 1281 1808 quod
1306 1733 1371 1785 nec
1395 1720 1570 1784 ostensum
1587 1709 1623 1780 in

217 1836 295 1928 jure
319 1843 390 1927 est,
409 1853 474 1907 nec
495 1855 578 1906 casu
604 1836 825 1929 peremtiouis
850 1837 1030 1930 probatum
1055 1835 1151 1930 qnod
1182 1835 1270 1909 illud
1295 1835 1459 1909 exhibere
1485 1853 1626 1906 necesse

220 1979 289 2032 non
307 1958 421 2049 luerit,
437 1967 511 2030 uta
527 1958 722 2053 suspicions
733 1959 861 2052 judicis
873 1959 1027 2030 animum
1045 1969 1277 2034 removerent.
1287 1959 1332 2031 Et
1344 1981 1424 2030 eum
1437 1979 1543 2053 super
1560 1957 1626 2052 hys

222 2081 401 2154 hincinde
422 2081 530 2153 multa
547 2082 657 2154 forent
674 2081 710 2153 in
727 2080 861 2173 judicio
883 2083 1047 2172 allegata,
1067 2081 1207 2156 tandem
1224 2081 1410 2174 rejectione
1428 2092 1462 2154 et
1483 2082 1628 2154 conclu-

223 2204 319 2276 sione
334 2204 473 2291 mentis,
488 2223 554 2294 ego
569 2205 631 2298 qui
645 2226 748 2298 snpra
758 2204 870 2296 judex
887 2205 1043 2296 diligenti
1057 2205 1200 2278 oonsilio
1218 2205 1335 2277 habito
1349 2227 1428 2277 cum
1442 2204 1629 2276 baronibus

224 2335 259 2400 et
274 2327 350 2399 aliis
366 2327 484 2422 probis
499 2327 599 2415 viris,
618 2327 702 2420 quia
718 2327 889 2400 dictorum
903 2327 1166 2420 justitiariorum
1187 2329 1357 2400 sententia
1373 2337 1491 2400 contra
1507 2325 1629 2398 fiscum

224 2451 381 2546 obposita
397 2451 493 2524 nulla
508 2451 590 2541 luit,
611 2471 653 2524 eo
670 2449 766 2545 qnod
785 2451 822 2522 in
842 2452 938 2524 nulla
954 2461 1050 2546 partu
1072 2452 1182 2546 ipsius
1193 2450 1317 2544 judicii
1339 2449 1414 2522 lissi
1432 2457 1632 2546 procurator

227 2575 356 2663 iuerat,
387 2593 502 2667 neque
527 2572 572 2646 ds
589 2573 807 2647 concessione
836 2574 993 2661 baronie‚
1026 2573 1255 2647 concessionis
1278 2582 1339 2646 aut
1364 2571 1632 2646 confirmationis

228 2697 309 2772 dieti
325 2696 455 2792 phendi
471 2696 636 2769 lobannis
651 2696 829 2770 sarraceni
846 2719 909 2770 sen
933 2696 1115 2771 divisionis
1138 2697 1221 2770 inde
1241 2699 1331 2770 lacto
1353 2695 1486 2792 aliquid
1509 2697 1634 2768 effica-

229 2820 310 2892 citer
323 2829 375 2892 est
396 2819 591 2915 probatum,
609 2828 644 2891 ot
661 2841 723 2914 per
741 2829 844 2893 ustos
857 2818 1047 2915 productos
1060 2842 1082 2892 a
1095 2830 1191 2915 parte
1205 2821 1313 2914 curie,
1329 2819 1501 2915 predictos
1514 2839 1634 2892 omnes

229 2965 275 3016 ex
290 2943 475 3017 collaterali
493 2941 584 3014 linea
600 2951 696 3015 etex
713 2965 802 3015 sexu
818 2943 966 3016 femineo
987 2943 1068 3017 dicti
1085 2943 1250 3016 lobannis
1265 2943 1463 3036 sarraceni,
1479 2943 1541 3036 qui
1560 2942 1636 3016 sine

232 3065 525 3139 descendentibus
542 3065 646 3157 obiit,
671 3066 707 3136 in
728 3075 850 3160 quarto
873 3065 985 3160 gradu
1009 3067 1190 3140 attinuisse
1207 3065 1343 3158 inveni,
1357 3065 1529 3138 Andrean
1553 3087 1636 3162 pro·

233 3196 423 3260 curatorem
445 3187 674 3284 predictorum
693 3188 910 3260 dominorum
931 3189 988 3281 lt,
1007 3189 1047 3261 B.
1071 3191 1213 3261 fratrum
1227 3199 1261 3261 et
1278 3190 1326 3262 bl.
1346 3199 1381 3262 et
1401 3190 1493 3284 ipsos
1516 3209 1637 3261 omnes

235 3307 278 3382 ad
298 3309 554 3383 restitucionum
582 3309 666 3384 dicti
688 3311 819 3406 pheudi
844 3319 879 3383 et
901 3310 1044 3384 baronie
1067 3311 1241 3386 nominato
1263 3311 1422 3407 superins
1442 3310 1636 3406 condemp-

234 3431 327 3504 navi.
346 3429 404 3506 Ad
421 3433 521 3525 cujus
540 3431 589 3506 rei
606 3433 818 3524 memoriam,
839 3441 906 3506 etc.

466 3733 1402 3750 wan—mm*-

289 3995 360 4081 lvit
376 4005 468 4079 tuno
485 3993 663 4079 dominus
685 3994 891 4105 imperator
906 3995 1140 4102 vicentium,
1160 4005 1199 4078 et
1215 3994 1293 4080 illic
1310 3993 1545 4106 colloquium
1563 3993 1644 4076 ha·
1729 4071 1738 4120 Ι
1783 4077 1797 4108 ⁰

239 4127 322 4211 buit
341 4154 430 4212 cum
448 4127 692 4239 magnatibus
709 4125 889 4212 omnibus
907 4131 955 4212 de
972 4123 1138 4214 Marabia
1155 4129 1352 4211 Tarvisina
1380 4187 1569 4211 ......
1597 4126 1646 4209 Et
1729 4131 1773 4164 ‘⁸²¹
1813 4119 1822 4168 ²

240 4270 345 4342 stans
367 4259 510 4343 ibidem
532 4260 619 4343 lecit
640 4259 713 4344 sibi
735 4260 961 4346 Monteclum
980 4261 1160 4370 Majorem
1182 4261 1285 4369 dari,
1307 4269 1475 4342 castrum
1506 4259 1648 4342 scilicet

241 4391 442 4500 Ugucionis
471 4394 520 4476 de
540 4393 642 4504 Pileo
666 4393 853 4476 Vicentini
877 4394 1093 4500 districtus,
1119 4403 1157 4476 et
1185 4393 1316 4502 positis
1342 4393 1395 4475 ibi
1425 4391 1647 4475 custodibus
1674 4403 1676 4408 ’

243 4523 458 4634 Saracenis,
477 4525 566 4609 lecit
582 4526 708 4635 ipsum
726 4527 885 4610 ulterius
903 4553 970 4636 per
988 4525 1190 4636 imperium
1207 4526 1405 4610 custodiri.
1426 4525 1647 4632 Romnum,

243 4661 291 4738 lle
306 4655 399 4764 suot.
422 4656 462 4739 t'u
478 4661 621 4742 March.
643 4659 800 4768 Trebia,
817 4686 877 4769 ap.
894 4660 1100 4767 Musarum,
1115 4658 1322 4769 scriptor,
1337 4670 1365 4742 t.
1383 4657 1534 4767 v111,p.
1552 4658 1646 4738 228.
