4226 5900
213 581 315 641 lucror.
335 575 394 660 la]
667 575 865 637 HISTORIA
890 573 1183 636 DlPLOMA'l'lGA.
1572 579 1632 640 479

214 719 292 811 ipsa
308 714 470 803 fecimus,
484 712 629 806 recipias
643 709 689 784 ab
703 712 849 785 eisdem.
866 711 902 784 Si
915 731 1001 786 vero
1019 713 1230 785 frumentum
1248 711 1435 804 noluerint,
1451 721 1488 785 tu
1509 735 1571 787 ecs
1588 713 1634 789 de

217 835 375 935 prodicta
388 836 578 932 quantitate
594 835 743 932 pecunie
758 837 833 909 sine
852 836 1053 910 difficultate
1071 846 1106 910 et
1122 857 1217 910 mora
1230 836 1358 911 debeas
1377 839 1558 934 expedire.

263 963 391 1036 Datum
408 956 459 1057 (at
477 957 607 1055 supro).

436 1213 1412 1227 mmm—1·-

272 1451 340 1533 Die
369 1448 519 1532 sabbati
549 1447 583 1528 V
609 1447 752 1530 mensis
778 1446 994 1531 novembris
1020 1448 1207 1556 proximi,
1238 1449 1439 1557 Papienses
1464 1451 1635 1534 videntes
1686 1449 1817 1545 ..lille

219 1586 364 1668 flumen
391 1583 484 1668 Padi
515 1580 680 1663 nimium
715 1606 883 1663 crescere
922 1641 1003 1662 ...
1038 1607 1153 1664 naves
1184 1607 1281 1690 quas
1311 1592 1506 1664 traxerant
1533 1583 1635 1665 inira

219 1728 375 1828 pontem
397 1715 608 1802 Placentiae
629 1715 823 1796 destruere
845 1723 1026 1822 ceperunt
1042 1722 1079 1796 et
1097 1714 1281 1798 bricciam
1303 1777 1312 1796 .
1339 1777 1348 1796 .
1375 1774 1385 1795 .
1406 1715 1456 1798 Et
1472 1716 1534 1798 die
1555 1718 1634 1800 do-

221 1852 362 1933 minico
382 1848 558 1959 proximo
581 1872 734 1930 summo
751 1871 865 1928 mane
883 1844 1089 1953 imperator
1107 1846 1226 1930 movit
1244 1873 1314 1928 sua
1339 1857 1463 1928 castra
1486 1849 1637 1956 posuit-

222 2010 297 2094 que
324 2007 370 2065 ea
397 2006 512 2089 super
540 1989 685 2063 costam
719 1977 823 2083 Orii,
850 1978 1083 2061 remanendo
1110 1979 1159 2060 de
1186 1977 1351 2060 exercitu
1382 2004 1452 2062 suo
1484 1988 1637 2088 propter

222 2114 548 2224 importunitatem
574 2111 756 2219 temporis
779 2119 816 2192 et
833 2111 1035 2195 crescentis
1052 2110 1161 2218 Padi,
1179 2111 1271 2220 quia
1288 2137 1357 2220 per
1370 2111 1541 2221 quinque
1558 2111 1638 2195 dies

223 2274 301 2332 non
319 2246 479 2330 cessavb
495 2245 645 2354 pluere,
667 2243 789 2326 multa
808 2268 917 2326 carra
934 2252 973 2325 et
995 2249 1158 2353 vegetes.
1183 2305 1192 2323 .
1222 2303 1231 2323 .
1257 2304 1267 2324 .
1288 2241 1337 2325 Et
1353 2243 1415 2325 die
1432 2243 1547 2326 lunae
1570 2269 1638 2325 se-

223 2380 372 2491 quenti,
386 2381 593 2488 imperator
605 2403 695 2459 oum
713 2375 864 2457 miliciis
883 2375 962 2457 suis
981 2375 1165 2484 equitavit
1191 2374 1379 2482 Laudem,
1399 2376 1439 2454 in
1458 2401 1536 2484 qua
1553 2374 1641 2460 lecit

222 2513 505 2624 parlamentum
522 2536 613 2595 oum
624 2509 704 2592 suis
716 2507 951 2618 principibus
968 2518 1005 2591 et
1020 2509 1111 2592 viris
1129 2507 1380 2618 prudentibus
1399 2533 1491 2590 suae
1504 2508 1637 2617 partis.

226 2644 398 2725 Gbrocic.
419 2647 465 2724 de
484 2645 563 2724 reb.
584 2641 626 2721 ic
642 2641 732 2723 Ital.
753 2651 863 2748 qest,
883 2665 923 2748 p.
949 2642 1039 2722 181.

462 2891 665 2916 ..ιη’-...ιι-
675 2901 1426 2914 ——nn———ffl--un-

282 3151 459 3237 Mandata
477 3151 526 3233 ad
541 3149 764 3260 justitiarios
783 3149 932 3260 Aprutii
945 3159 983 3232 et
1000 3097 1137 3232 Terrae
1150 3147 1308 3232 Laboris
1325 3151 1375 3232 ad
1393 3150 1643 3236 inveniendos
1726 3178 1774 3232 nu

1774 3176 1790 3219 d

1702 3231 1721 3274 1.
1766 3239 1802 3274 um

228 3284 405 3367 homines
426 3284 494 3393 qui
512 3283 634 3365 sciant
650 3283 821 3366 occidere
845 3283 958 3391 lupos
976 3291 1013 3363 et
1034 3281 1168 3390 vulpes
1185 3305 1275 3364 cum
1292 3281 1460 3390 pulvere.
1682 3231 1837 3328 ..aba

313 3466 440 3548 (Repeti.
455 3467 558 3548 imper.
573 3463 693 3528 Freder.
708 3463 748 3542 11,
764 3465 816 3526 iol.
836 3474 870 3526 17
885 3481 988 3539 verso;
1002 3466 1036 3524 tn
1050 3463 1122 3525 edit.
1136 3464 1273 3540 Genuam,
1290 3481 1321 3544 p.
1337 3463 1422 3546 258.)

280 3619 332 3690 De
357 3615 522 3690 mandato
550 3616 718 3712 imperiali
747 3615 884 3711 scripsit
906 3614 1075 3708 Rogerius
1101 3612 1146 3687 de
1174 3615 1442 3704 Petrasturmina
1461 3615 1645 3707 justitiario

232 3739 382 3837 Amulii,
404 3751 443 3813 ut
462 3749 585 3836 querat
602 3750 639 3815 et
655 3739 810 3814 inveniat
823 3739 1029 3836 inpartibus
1042 3738 1292 3832 jurisdictionis
1308 3759 1371 3810 sue
1386 3737 1475 3812 duos
1489 3738 1646 3814 homiues

234 3864 296 3959 qui
313 3863 424 3938 sciant
439 3863 597 3938 occidere
612 3864 714 3960 lupus
733 3884 814 3934 cum
837 3863 982 3958 pulvere
999 3871 1034 3934 et
1050 3861 1167 3934 mictat
1189 3860 1236 3934 ad
1254 3859 1458 3934 Riocardum
1478 3861 1524 3935 de
1539 3863 1648 3937 blon-

236 3986 369 4081 tenigro
380 3985 605 4080 justitiarium
616 3987 720 4060 Teme
734 3985 889 4075 Laboris,
909 3995 948 4058 ut
962 3993 1089 4060 statuat
1105 4005 1165 4058 eos
1183 3983 1221 4056 in
1236 3982 1354 4058 waldo
1368 3983 1478 4078 patrie
1491 3983 1538 4057 ad
1554 3986 1648 4058 occi-

238 4109 392 4186 dendum
405 4111 455 4184 ibi
471 4111 573 4207 lupos
585 4117 621 4184 et
636 4110 773 4205 vulpes.
1458 4077 1466 4105 '

286 4235 414 4308 Datum
427 4241 513 4330 aput
526 4233 682 4312 Laudem
694 4243 772 4330 post
786 4231 936 4306 reditum
952 4253 974 4304 a
992 4238 1095 4326 ponte
1108 4229 1292 4322 Placentia,
1307 4229 1352 4302 Vl
1366 4229 1564 4304 novembris
1581 4229 1595 4326 (
1618 4229 1646 4326 ),

237 4359 315 4432 Xlll
330 4356 540 4430 indictionis.

279 4571 316 4646 (t)
334 4571 363 4630 si
373 4570 453 4629 fidem
461 4571 594 4646 integram
603 4573 706 4630 auctori
716 4587 849 4648 anonymo
857 4585 939 4645 quem
947 4585 1030 4644 supra
1039 4567 1181 4627 citavimus
1189 4567 1372 4640 adhibeamus,
1383 4569 1483 4626 rectius
1495 4568 1533 4626 ibi
1545 4571 1653 4628 711ηο-

243 4668 361 4726 uercbrr's
374 4669 517 4743 legendum
528 4685 590 4728 csse
602 4671 744 4729 credimus.
