4242 5904
476 563 536 628 rer
972 565 1188 629 rrrrnrrrrrcr
1215 545 1389 629 srrcurvnr'
1695 561 1776 646 [rvr.
1793 563 1877 626 rese

473 697 740 795 presumptionis
771 699 1023 792 attemptaverit
1052 699 1253 794 infringere,
1282 709 1397 774 nostre
1428 698 1615 791 majestatis
1637 697 1800 771 offensam
1823 698 1881 769 in·

474 831 589 897 curret
603 831 638 895 et
651 821 688 894 C.
709 822 816 896 libras
834 823 909 895 auri
931 824 1009 918 puri
1025 834 1223 920 componet,
1244 823 1425 896 dimidiam
1443 833 1575 918 partem
1596 820 1680 894 fisco
1698 820 1877 918 imperiali,

475 943 656 1019 dimidiam
676 945 836 1039 injuriam
861 948 1042 1020 sustinenti
1061 957 1096 1021 et
1111 948 1272 1038 ecelesie;
1293 955 1328 1019 et
1346 945 1487 1040 nequis
1511 967 1617 1041 super
1639 944 1744 1038 bujrrs
1768 953 1881 1018 nostre

474 1069 708 1144 concessionis
732 1069 901 1144 beneficio
926 1071 1084 1144 dubitare
1109 1071 1254 1162 debeat,
1281 1079 1476 1166 presentem
1502 1069 1584 1142 inde
1608 1069 1772 1164 paginam
1801 1069 1879 1160 jus-

473 1193 583 1265 simus
598 1191 671 1266 lieri
687 1204 721 1266 et
736 1193 961 1289 impressione
974 1196 1069 1268 bulle
1085 1205 1200 1268 nostre
1217 1217 1293 1266 earn
1308 1193 1477 1286 jussimus
1494 1193 1660 1266 roborari.

523 1317 634 1409 liujus
651 1326 767 1390 autem
783 1317 833 1392 rei
850 1328 955 1390 testes
972 1318 1134 1390 luerunt:
1153 1318 1330 1391 Comedus
1345 1317 1570 1408 ltlagnntinus
1587 1316 1879 1414 archiepiscopus,

472 1440 643 1514 liebertus
653 1441 857 1516 Viennensis
871 1441 1161 1538 archiepiscopus,
1177 1441 1366 1516 llbirardns
1378 1441 1669 1534 Wurcburgensis
1685 1441 1878 1536 episcopus,

473 1565 633 1638 Nicolarrs
657 1565 870 1638 Vivariensis
891 1567 1093 1662 episcopus,
1118 1567 1328 1638 lanfrancus
1350 1565 1527 1660 Pupiensis
1548 1564 1751 1661 episcopus,
1771 1563 1882 1636 llore-

473 1688 615 1761 clconns
639 1687 848 1762 Veronensis
878 1689 1082 1784 episcopus,
1114 1689 1318 1762 Gonrandns
1344 1689 1544 1762 Lubicensis
1570 1689 1718 1780 electos,
1737 1685 1882 1759 Sitridns

474 1809 703 1885 Gesnedensis
727 1813 854 1902 abbas,
879 1811 1081 1907 liudulphus
1105 1813 1292 1908 imperialis
1309 1815 1387 1886 aule
1404 1812 1671 1907 protonotarius,
1699 1811 1881 1906 Gregorius

473 1934 659 2008 Provienn.
684 1934 811 2026 abbas,
834 1934 1033 2008 Ludovicns
1056 1937 1256 2031 langravius
1278 1937 1462 2030 Duringie‚
1484 1934 1677 2008 Bertaudus
1700 1933 1746 2008 de
1765 1932 1882 2007 Ande·

474 2056 578 2130 borso
600 2054 668 2154 (l),
690 2056 858 2130 Geraldus
878 2079 993 2132 comes
1013 2057 1058 2131 de
1079 2059 1248 2150 Lovania,
1274 2057 1450 2132 Sinitadus
1473 2059 1664 2153 Bertaynrrs
1679 2053 1734 2154 (l)
1752 2055 1797 2130 de
1814 2057 1882 2128 Lo·

474 2179 654 2275 cemhurg,
671 2180 878 2254 castellanus
892 2181 1168 2277 Ratisponensis,
1186 2183 1354 2256 Henricue
1376 2203 1491 2256 comes
1509 2181 1555 2254 de
1580 2235 1589 2252 .
1607 2235 1617 2253 .
1635 2235 1665 2272 .,
1688 2180 1882 2254 Gariandns

474 2303 520 2378 de
538 2355 549 2376 .
566 2357 575 2375 .
593 2356 624 2393 .‚
645 2303 840 2377 Cinitardus
859 2304 904 2377 de
925 2304 1123 2398 Cinzibnrc‚
1145 2307 1313 2380 Radnllus
1335 2305 1560 2396 camerarius,
1585 2303 1752 2376 Henricus
1771 2325 1883 2376 mars·

473 2425 590 2498 calcus
605 2426 651 2500 de
666 2429 779 2500 Lucca
801 2427 855 2524 (l)
875 2425 938 2522 (a),
963 2429 1131 2502 Henricos
1153 2430 1289 2527 dapifer
1306 2430 1352 2503 de
1377 2431 1587 2520 Vourvvnrs,
1616 2437 1651 2502 et
1674 2427 1733 2500 alii
1757 2447 1883 2522 qnam·

473 2552 602 2648 plures.

522 2675 667 2770 Signum
684 2675 819 2750 domini
837 2674 1008 2749 Frederici
1026 2677 1241 2773 imperatoris
1258 2677 1488 2751 invictissimi.

520 2799 595 2894 Ego
610 2799 807 2873 Gotolridns
823 2799 1011 2896 imperialis
1026 2801 1105 2874 aule
1122 2801 1358 2894 cancellarius,
1371 2802 1449 2874 vioe
1467 2799 1599 2874 domini
1616 2798 1765 2896 Philippi
1779 2797 1883 2871 Colo-

473 2922 604 2998 niensis
620 2922 873 3020 archiepiscopi
892 2933 927 2997 et
944 2924 1040 2998 ltalie
1055 2924 1368 3014 archicancellarii,
1384 2923 1584 3018 recognovi.

522 3045 609 3122 Acta
636 3057 718 3120 sunt
739 3048 805 3121 hec
827 3069 919 3121 anno
943 3047 1117 3122 dominice
1141 3048 1386 3123 incarnationis
1410 3048 1591 3122 millesimo
1618 3045 1806 3120 centesimo
1826 3064 1883 3117 oc·

474 3171 664 3265 tuagesimo
693 3181 837 3266 quarto,
855 3181 1022 3266 regnante
1045 3171 1186 3246 domino
1203 3171 1402 3264 Frederieo‚
1425 3172 1657 3245 Romanorum
1682 3171 1884 3264 imperatore

473 3294 740 3390 gloriosissimo,
760 3316 852 3369 anno
876 3296 975 3392 regni
996 3297 1072 3390 ejus
1096 3297 1267 3370 tricesimo
1288 3296 1412 3388 tercio,
1442 3295 1575 3392 imperii
1601 3315 1686 3368 vero
1711 3290 1883 3365 tricesimo

473 3440 598 3514 prrmo.

522 3543 646 3615 Datum
660 3540 778 3638 Papie,
791 3542 897 3617 tercio
908 3543 1075 3618 lralendas
1087 3544 1250 3635 octobris,
1263 3543 1450 3618 indictione
1462 3543 1579 3635 tercia,
1594 3541 1749 3614 feliciter.
1759 3536 1881 3610 Arnen.

522 3665 592 3738 Nos
611 3663 717 3758 igitur
731 3667 792 3760 qni
809 3668 919 3740 Deum
940 3667 1110 3742 habemns
1128 3691 1190 3766 pre
1208 3669 1320 3743 oculis
1340 3680 1376 3742 et
1391 3687 1560 3764 personas
1578 3661 1826 3740 ecclesiasticas
1845 3681 1885 3732 ac

475 3789 704 3863 ecclesiastica
731 3791 806 3864 loca
837 3792 948 3889 ipsius
982 3793 1108 3866 intuitu
1142 3815 1184 3866 ac
1211 3794 1425 3867 humanitate
1461 3793 1562 3866 nobis
1593 3795 1800 3884 suggerente
1830 3786 1885 3858 lo-

475 3932 619 4004 vemue,
649 3913 864 3988 attendentes
896 3915 1001 3989 tidem
1031 3916 1234 3991 catholicam
1271 3925 1306 3992 et
1335 3917 1555 3992 devotionem
1585 3915 1753 3988 sinceram
1779 3930 1885 4006 quarn

476 4033 592 4110 dictus
604 4035 787 4131 episcopus
803 4037 1030 4132 vapincensis
1046 4040 1092 4113 ad
1106 4041 1318 4132 majestatem
1335 4047 1535 4114 nostramet
1551 4059 1687 4112 sacrum
1703 4033 1886 4132 imperium

477 4156 595 4246 babet,
614 4157 724 4252 ipsios
738 4180 879 4253 quoqne
896 4161 1206 4256 supplicationibus
1227 4163 1401 4256 inclinati,
1425 4165 1557 4258 prelato
1575 4161 1740 4257 episcopo
1761 4177 1887 4252 snpra-

476 4279 642 4374 scriptum
660 4281 878 4376 privilegium
895 4283 970 4356 divi
995 4287 1134 4380 angusti
1153 4287 1368 4382 imperatoris
1392 4286 1563 4360 Frederici
1579 4285 1638 4359 avi
1656 4281 1763 4358 nostri
1781 4279 1888 4354 lelicis

478 4406 644 4480 memorie
667 4405 839 4480 indultum
870 4409 929 4481 W.
959 4413 1164 4485 antecessori
1197 4433 1261 4487 suo
1288 4411 1334 4486 de
1363 4413 1471 4486 verbo
1499 4411 1546 4485 ad
1573 4411 1719 4486 verbum
1746 4405 1886 4481 inscribi

522 4657 564 4739 (a)
585 4660 788 4724 Verlslmlllter
803 4658 838 4721 de
855 4661 958 4723 Lutra.
