4350 5922
493 601 532 662 lt
991 607 1209 672 FlllDElllGl
1234 613 1407 674 sectant
1718 612 1799 692 [Asu.
1818 612 1905 676 1237.

491 735 618 810 ficienti
638 737 831 811 testimonio
856 739 1091 835 probaverunt
1107 747 1204 840 quod
1225 770 1246 820 a
1267 747 1476 820 victualibus
1493 745 1669 842 sepedicta
1683 749 1827 820 ecclesie
1844 771 1907 844 pro

490 871 586 932 muta
601 859 740 934 mutarii
764 863 833 934 mei
858 885 922 958 pro
933 865 1013 957 jure
1035 889 1099 940 suo
1123 870 1202 964 plus
1226 891 1295 943 non
1316 869 1446 943 debent
1470 869 1645 965 percipere
1666 892 1772 964 qnam
1790 871 1907 944 Lxllll

490 981 650 1056 denarios
665 993 700 1056 et
717 985 937 1080 insuperiori
956 999 1051 1062 muta
1064 992 1113 1062 nil
1126 995 1277 1088 amplius
1291 994 1418 1067 debent
1434 993 1588 1088 recipere
1604 1003 1778 1066 mumrum
1799 1019 1905 1089 quam

490 1107 656 1179 talentum
675 1108 804 1204 piperis
821 1120 855 1182 et
868 1111 956 1182 duas
973 1112 1093 1207 pelves
1109 1113 1157 1211 (o)
1176 1124 1212 1188 et
1234 1116 1323 1188 duas
1343 1115 1543 1189 cirothecas.
1561 1117 1605 1189 Ut
1620 1126 1735 1189 antem
1751 1118 1817 1190 beo
1828 1139 1906 1191 mea

490 1231 600 1324 gratia
623 1241 658 1304 et
685 1233 859 1305 concessio
886 1243 961 1306 rata
983 1235 1018 1306 in
1043 1258 1149 1308 evum
1174 1247 1209 1310 et
1234 1239 1439 1311 inconvulsa
1466 1248 1683 1334 perseveret,
1712 1249 1904 1332 presentem

493 1356 657 1451 paginam
682 1356 784 1450 sigilli
807 1357 876 1429 mei
902 1357 1123 1432 firmitudine
1141 1361 1206 1434 leci
1234 1362 1453 1434 communiri.
1483 1363 1601 1434 vaes
1624 1363 1685 1456 qui
1716 1362 1905 1436 intererant

490 1480 739 1552 subscribendo
760 1482 953 1554 :chricus
970 1485 1123 1557 marchio
1133 1486 1289 1582 Hystrie,
1310 1487 1389 1559 Otto
1406 1486 1599 1560 advocatus
1616 1486 1662 1561 de
1679 1488 1901 1580 lengebach,

490 1603 671 1676 Cunradus
699 1613 733 1674 et
750 1604 953 1677 luitboldus
977 1607 1120 1679 comites
1148 1611 1192 1682 do
1210 1610 1344 1700 Pleion,
1361 1609 1496 1700 Ulricus
1517 1610 1562 1684 de
1577 1610 1770 1700 Perneclre,
1789 1611 1903 1684 flade-

489 1748 607 1798 marus
632 1727 676 1798 de
702 1726 895 1817 Chunricb‚
923 1729 1113 1802 Wikardus
1141 1732 1187 1805 de
1212 1735 1347 1819 Sevelt,
1369 1732 1596 1826 blarquardus
1626 1734 1671 1807 de
1695 1734 1901 1829 Hintperch,

489 1849 694 1945 Rudolphus
714 1849 759 1922 de
776 1851 987 1943 Potcudorff,
1005 1853 1204 1928 Horrendus
1223 1854 1269 1928 de
1285 1856 1464 1948 Wildcrn,
1483 1857 1656 1928 Ditmarus
1680 1856 1726 1930 dc
1745 1857 1904 1930 lichten·

490 1974 592 2062 stain,
606 1967 823 2046 Hermannns
836 1974 882 2046 de
898 1975 1006 2047 Putea
1020 1985 1054 2048 et
1068 1977 1126 2048 alii
1137 1980 1372 2073 quamplures.
1389 1979 1476 2052 lou
1489 1989 1572 2052 sunt
1586 1979 1651 2052 bec
1664 2001 1755 2052 anno
1770 1979 1900 2068 Mccx,

490 2097 527 2168 in
558 2106 674 2169 nostro
698 2098 771 2170 loro
799 2099 963 2191 Wienne,
992 2101 1205 2195 temporibus
1229 2102 1391 2175 Friderici
1417 2102 1510 2196 regis
1534 2103 1784 2195 Romanorum,
1810 2105 1904 2199 regis

489 2220 604 2294 Sicilie
620 2220 685 2316 (t).

539 2346 666 2416 Verum
684 2346 764 2438 quia
780 2355 895 2418 nostro
911 2347 1053 2418 culmini
1072 2348 1308 2444 supplicarunt
1329 2359 1369 2420 ut
1384 2349 1466 2443 quia
1483 2347 1589 2423 iidem
1605 2348 1752 2422 ducatus
1767 2348 1903 2423 Austris

458 2485 459 2488 ’
490 2477 523 2537 et
540 2467 653 2562 Styrie
674 2467 720 2538 ad
738 2477 893 2539 nostrum
913 2479 947 2540 ct
971 2469 1105 2564 imperii
1129 2469 1322 2543 dominium
1338 2471 1485 2544 Domino
1510 2473 1647 2544 favente
1672 2470 1899 2560 devenerant,

489 2587 681 2684 predictum
695 2591 859 2684 scriptum
876 2592 1025 2664 nominis
1043 2592 1150 2664 nostri
1164 2593 1263 2666 titulo
1285 2593 1452 2667 innovare
1473 2601 1508 2666 et
1529 2593 1688 2666 eamdem
1705 2615 1902 2666 concessam

488 2712 539 2784 eis
554 2712 782 2808 pereundam
806 2711 931 2784 ducem
948 2715 1092 2806 gratiam
1109 2715 1299 2788 concedere
1316 2724 1351 2788 et
1372 2737 1575 2789 conservare
1599 2716 1644 2789 de
1659 2725 1777 2790 nostra
1793 2718 1902 2812 gratia

488 2836 728 2928 dignaremur3
750 2858 813 2908 nos
832 2845 1007 2930 tamquam
1023 2840 1084 2932 qui
1108 2840 1386 2912 excellentiorem
1413 2840 1527 2912 locum
1549 2861 1611 2936 pre
1626 2841 1749 2913 ceteris
1776 2841 1902 2936 princi·

488 2960 591 3054 pibus
607 2961 802 3054 optinemus
820 2960 866 3033 ad
880 2961 1060 3033 tuitionem
1075 2963 1305 3035 ecclesiastice
1323 2963 1490 3036 libertatis
1508 2973 1542 3036 et
1558 2985 1621 3060 pro
1634 2962 1804 3057 religiosis
1819 2964 1902 3037 locis

488 3084 523 3154 in
543 3093 634 3155 statu
647 3083 764 3156 debito
776 3084 1034 3174 conservandis,
1051 3085 1319 3182 idemscriptum
1334 3086 1380 3158 de
1395 3087 1503 3160 verbo
1517 3087 1723 3159 adverbum
1736 3087 1902 3161 innovare

483 3208 670 3301 jussimus,
699 3229 740 3279 ca
765 3229 834 3301 que
852 3208 1070 3280 continentur
1088 3211 1124 3281 in
1142 3231 1183 3282 eo
1208 3220 1244 3283 et
1259 3211 1451 3284 secundum
1472 3209 1569 3305 quod
1594 3219 1802 3283 memoratus
1825 3209 1901 3283 dux

487 3329 688 3423 recognovit
699 3351 816 3403 eorum
829 3331 998 3423 justitiam
1012 3341 1046 3403 et
1057 3332 1201 3425 gratiam
1217 3333 1447 3422 conservavit,
1458 3334 1661 3417 clementius
1674 3333 1901 3406 concedentes

487 3463 523 3526 et
536 3453 702 3550 presentis
717 3454 835 3548 scripti
851 3455 1054 3527 auctoritate
1072 3457 1202 3528 servari
1217 3457 1434 3533 mandantes.
1450 3456 1505 3530 Ad
1519 3458 1619 3550 cujus
1633 3457 1682 3529 rei
1701 3457 1899 3528 memoriam

486 3587 522 3650 et
534 3578 640 3650 robur
658 3587 826 3672 perpetuo
847 3579 1045 3666 valiturum,
1066 3587 1259 3673 presentem
1279 3581 1442 3675 paginam
1460 3579 1534 3652 lieri
1548 3579 1716 3673 jussimus
1731 3589 1766 3652 et
1777 3581 1901 3673 majes-

487 3701 565 3773 tatis
585 3711 700 3773 nostre
715 3700 829 3794 sigillo
850 3701 1067 3774 communiri.

525 3825 636 3917 Hujus
646 3825 820 3898 antemrci
833 3834 936 3898 testes
948 3833 1029 3897 sunt
1057 3825 1743 3922 rexBoemie,patriarchabquilegensis
1757 3826 1899 3920 Magon·

485 3947 595 4036 tinus,
613 3947 873 4042 Salzburgensis
886 3955 920 4020 et
933 3949 1152 4020 Treverensis
1169 3949 1435 4045 archiepiscopi,
1454 3949 1718 4044 bambergensis
1733 3959 1768 4021 et
1782 3949 1897 4042 impe-

484 4068 578 4142 rialis
595 4071 673 4142 aule
693 4070 1183 4168 cancellariusllatisponensis
1200 4073 1371 4168 episcopi,
1391 4072 1468 4146 dux
1481 4073 1660 4166 Baivaric,
1682 4071 1758 4146 dux
1775 4071 1897 4144 Karin-

522 4267 562 4344 (a)
583 4265 689 4342 Peleia,
701 4284 840 4330 mensura
853 4269 1014 4332 arldorum.
1027 4270 1098 4332 Tres
1105 4269 1202 4352 pelosa
1214 4289 1331 4350 eoem,
1346 4269 1419 4334 duas
1427 4270 1524 4354 pelves
1532 4253 1638 4354 pande
1648 4269 1728 4350 calb,
1742 4272 1897 4350 elcutlegl·

482 4391 549 4435 mus
561 4377 593 4434 in
604 4391 683 4435 nova
696 4375 799 4454 Gnugll
812 4375 950 4438 edltlonc.

1567 4535 1829 4545 -nnnn-——n-n
1834 4535 1866 4543 ...-
1872 4535 1888 4541 --·

517 4619 553 4693 tt)
573 4619 643 4676 Anni
656 4619 757 4678 notatio
770 4633 882 4677 erronea
895 4619 1010 4691 videtur,
1023 4619 1087 4677 dum
1102 4620 1254 4680 Fridcricus
1267 4621 1401 4680 secundus
1412 4637 1465 4680 non
1479 4626 1543 4681 autc
1554 4637 1653 4679 annum
1668 4623 1738 4681 rata
1751 4627 1895 4680 exeuntem

480 4711 509 4768 in
522 4714 709 4774 alemanniam
721 4716 827 4776 venerit
838 4731 926 4791 neque
940 4717 1014 4792 prius
1026 4731 1074 4776 rex
1087 4719 1267 4778 Romanorum
1282 4719 1400 4794 legitime
1412 4721 1530 4794 potuerit
1540 4719 1678 4776 intitulari,
