4242 5904
505 593 567 654 210
1010 594 1221 658 seruentur
1246 597 1421 658 sucttllttt
1728 599 1809 684 [Aur.
1827 599 1911 662 less.

505 749 604 800 sacra
620 727 756 800 Domini
772 728 972 822 Evangelia.
995 729 1050 802 lld
1065 729 1169 824 hujus
1185 733 1304 828 itaque
1319 733 1369 807 rei
1382 733 1581 806 memoriam
1598 743 1635 806 et
1650 733 1758 808 robur
1775 735 1811 806 in
1829 755 1916 831 pos-

505 860 616 924 terum
636 852 823 924 valiturum
846 873 987 946 presens
1007 855 1172 948 scriptum
1196 879 1259 952 per
1277 879 1401 930 manns
1424 856 1513 930 Petri
1533 857 1697 930 lobannis
1700 909 1911 932 ......

506 1029 516 1068 ·.
547 1025 558 1044 .
590 1029 598 1048 .
628 1028 638 1046 .
664 975 791 1067 judicis
807 985 841 1047 ct
845 1028 1055 1048 ......
1085 977 1268 1071 dedisci,
1296 981 1548 1076 subscriptione
1575 981 1730 1075 ejusdem
1755 983 1854 1056 solita
1882 993 1915 1056 et

504 1098 578 1190 ejus
600 1097 714 1191 sigillo
732 1099 920 1183 munitum,
940 1120 1050 1190 anno,
1071 1123 1204 1192 mense,
1226 1102 1284 1177 die
1301 1113 1335 1176 et
1352 1103 1541 1178 indictione
1558 1105 1767 1200 prescriptis.

552 1222 718 1292 Dominus
734 1222 853 1294 Petrus
877 1223 1093 1316 Fraiapanis‚
1115 1225 1287 1299 lohannes
1312 1228 1403 1301 Petri
1427 1227 1602 1316 lienandi,
1623 1228 1785 1302 dominus
1813 1231 1913 1304 Gnal·

502 1345 609 1416 terius
625 1344 670 1418 de
688 1345 817 1435 Cicsla,
832 1345 1000 1418 Martinus
1014 1348 1188 1422 Ferrarius
1205 1349 1250 1422 de
1265 1351 1389 1424 Sancto
1408 1351 1591 1424 Germano.

550 1473 625 1564 Ego
642 1471 761 1544 Petrus
786 1471 873 1544 sacri
895 1473 1039 1546 Romani
1067 1474 1202 1568 imperii
1208 1527 1582 1548 ..........
1609 1483 1643 1548 et
1662 1475 1796 1548 babens
1815 1476 1911 1569 judi·

501 1595 622 1666 cialem
636 1604 837 1690 potestatem
854 1594 955 1667 dictis
967 1617 1109 1690 presens
1127 1598 1294 1690 existens,
1311 1605 1350 1670 nt
1365 1619 1469 1692 supra
1483 1599 1621 1692 legitur,
1640 1609 1780 1692 rogatus
1791 1599 1910 1695 scripsi

707 1913 1705 1929 ”cmm-nm·n—m—-—uauaum-—mo-u-m-nn-q

338 2202 358 2243 'e
384 2214 438 2260 uc.
550 2179 778 2289 Fridericus,
799 2180 1057 2263 Romanorum
1077 2180 1296 2290 imperator,
1314 2180 1595 2266 universitatem
1613 2179 1774 2263 civitatis
1790 2177 1908 2262 Ebre-

387 2286 415 2299 Η
497 2312 591 2394 duni
615 2311 688 2396 sub
709 2312 940 2421 pmtectione
969 2339 1038 2395 sua
1067 2313 1219 2423 speciali
1249 2314 1382 2422 recipit
1408 2325 1445 2397 et
1471 2339 1604 2396 omnes
1622 2339 1767 2420 mores,
1787 2336 1908 2394 usan-

496 2445 573 2526 cias
591 2455 628 2529 et
650 2445 877 2554 approbatas
900 2446 1193 2530 consuetudines
1210 2447 1244 2530 ei
1265 2446 1479 2530 confirmat.

576 2660 703 2738 (lncdlt.
718 2661 750 2719 ln
763 2657 871 2721 collect.
880 2659 1054 2734 Fonteclos,
1070 2660 1147 2723 Btbt.
1163 2661 1261 2723 Cesar.
1278 2663 1386 2736 Parta,
1401 2661 1526 2722 Prema
1538 2657 1572 2720 ds
1584 2655 1674 2722 rtet.
1689 2655 1731 2719 du
1742 2653 1904 2738 Druplicl,

615 2773 637 2826 t.
654 2767 695 2838 lt,
709 2783 777 2842 pars
790 2783 862 2839 see,
878 2766 930 2826 lol.
948 2776 1100 2842 est-5³5,
1117 2767 1214 2828 Caieta
1229 2765 1420 2846 ct’smtrnn.)

543 2951 758 3036 Fredericus,
777 2953 838 3025 Dei
865 2953 975 3047 gratia
994 2954 1225 3027 Romanorum
1246 2954 1431 3050 imperator
1448 2975 1584 3048 semper
1604 2957 1784 3045 angustus,
1807 2949 1906 3022 lern-

493 3078 600 3149 salem
616 3087 651 3150 et
668 3077 782 3150 Sicilie
795 3099 871 3150 rex.
890 3077 997 3150 Justis
1010 3076 1165 3151 fidelium
1179 3087 1375 3152 nostrorum
1393 3077 1616 3174 petitionibus
1629 3073 1906 3148 condescendere

493 3201 666 3296 cogimur,
684 3223 772 3294 quas
793 3201 859 3273 nisi
881 3201 1114 3274 favorabiliter
1136 3201 1338 3276 audiremus
1360 3200 1528 3275 obaudire
1549 3197 1643 3294 quod
1664 3200 1758 3290 juste
1781 3198 1906 3290 petitur

491 3325 727 3420 periniurium
744 3324 955 3398 videremur.
974 3326 1038 3398 Per
1050 3347 1192 3421 presens
1213 3327 1318 3420 igitur
1334 3327 1497 3421 scripturn
1517 3335 1638 3398 notum
1655 3321 1728 3394 lieri
1743 3322 1905 3394 volumus

492 3449 662 3521 universis
685 3449 822 3542 imperii
846 3446 1008 3522 fidelibus
1034 3458 1103 3522 tam
1129 3450 1346 3545 presentibus
1371 3471 1475 3544 qnam
1495 3448 1620 3520 suturis
1644 3444 1740 3540 quod
1763 3465 1826 3516 nos
1853 3453 1905 3516 at·

491 3573 669 3646 tendentes
699 3571 800 3646 fidem
824 3595 946 3668 puram
971 3583 1005 3644 et
1027 3573 1246 3648 devotionem
1272 3574 1441 3646 sinceram
1464 3594 1569 3666 qnam
1585 3569 1793 3642 universitas
1816 3568 1903 3639 civi·

490 3697 568 3769 tatis
590 3695 767 3769 libreduni
791 3695 910 3770 lideles
939 3697 1046 3768 nostri
1070 3697 1116 3770 ad
1144 3697 1333 3790 majestatis
1360 3707 1475 3769 nostre
1499 3715 1680 3790 personam
1708 3702 1744 3764 et
1766 3711 1902 3763 sacrum

490 3819 672 3914 imperium
688 3819 828 3912 babent,
847 3821 940 3915 ipsos
957 3820 1003 3894 ad
1019 3841 1138 3892 eorum
1155 3819 1441 3916 supplicationem
1459 3818 1526 3890 snb
1544 3815 1755 3912 protectione
1771 3835 1813 3886 ac
1826 3813 1902 3886 del-

489 3943 641 4016 tensione
651 3944 809 4016 culminis
827 3945 935 4016 nostri
949 3943 1135 4038 recipimus
1150 3945 1304 4038 speciali,
1322 3941 1561 4016 confirmantes
1574 3941 1626 4012 eis
1640 3960 1760 4011 omnes
1774 3957 1900 4024 mores,

488 4067 647 4139 usancias
670 4077 704 4138 ct
719 4067 965 4162 approbatasa
986 4065 1100 4158 longis
1128 4077 1218 4140 retro
1243 4065 1455 4162 temporibus
1481 4063 1749 4136 consuetudines
1765 4081 1902 4134 eornm-

487 4190 567 4269 dem
580 4189 710 4285 quibus
727 4191 895 4263 hactenus
906 4189 962 4264 nsi
983 4200 1076 4284 sunt,
1091 4190 1138 4263 ita
1153 4200 1193 4262 ut
1211 4191 1261 4264 eis
1275 4199 1416 4264 utantur
1430 4187 1556 4260 amodo
1572 4181 1738 4282 unquam
1752 4193 1902 4259 anostra

485 4311 691 4386 celsitudine
713 4313 956 4409 comprobatis.
981 4313 1186 4389 Mandemus
1210 4315 1315 4409 igitur
1340 4323 1376 4387 et
1396 4313 1549 4387 districtc
1574 4311 1785 4408 precipimus
1811 4329 1900 4403 qua·

485 4446 585 4510 tenus
602 4436 720 4510 nullus
740 4438 785 4510 sit
804 4459 911 4511 ansus
930 4439 990 4533 qui
1012 4441 1179 4535 prolatam
1198 4440 1458 4512 universitatem
1478 4435 1658 4509 Ebreduni
1675 4433 1796 4508 lideles
1818 4451 1899 4504 nos·

485 4572 554 4634 tros
578 4571 696 4636 contra
721 4563 888 4657 presentis
911 4563 1030 4658 scripti
1054 4571 1205 4636 tenorem
1225 4586 1313 4635 ausu
1332 4562 1512 4636 temerario
1538 4559 1747 4655 inquietare,
1772 4557 1898 4628 moles-

483 4697 556 4759 tare
585 4707 647 4759 seu
680 4687 882 4782 perturbare
912 4697 1098 4782 presumat.
1130 4687 1234 4773 Quod
1262 4689 1323 4782 qui
1353 4685 1602 4782 presumpserit
1628 4679 1897 4778 indignationem
