4242 5904
183 620 278 682 lmrtr.
297 620 359 698 lt]
630 617 826 680 HISTORIA
849 615 1145 679 oratottartca

396 889 1381 908 ———--—·———-—-———-—a-t—--·—-—

237 1163 470 1271 briderium,
490 1163 751 1246 Romanorum
777 1159 998 1272 imperator,
1022 1160 1184 1246 Paulum
1208 1158 1520 1243 Tranrersarium
1547 1161 1596 1244 de

184 1295 364 1378 Ravenna
385 1295 664 1378 inobedientem
687 1294 854 1377 declarat
879 1321 949 1404 pro
971 1321 1017 1376 eo
1044 1293 1148 1404 quod
1175 1291 1347 1400 prisones
1371 1291 1596 1376 Faventinus

185 1429 225 1509 iu
243 1429 423 1511 manibus
440 1427 642 1538 cujusdam
659 1424 830 1510 officialis
845 1428 955 1538 juxta
973 1427 1155 1508 mandata
1173 1423 1383 1533 imperialia
1401 1423 1596 1534 assignare

186 1561 371 1666 noluerit,
391 1560 578 1671 illumque
600 1561 780 1644 omnibus
807 1559 1000 1671 regalibus
1018 1557 1247 1668 privilegiis,
1267 1557 1593 1666 concessionibm,

188 1693 310 1778 leudis
327 1692 518 1802 privatum
535 1693 736 1776 denuntiat
753 1703 790 1776 et
807 1692 1023 1776 bannitum.

270 1907 393 1989 (luedlt.
408 1925 447 1969 ex
459 1907 525 1969 uod.
540 1907 615 1970 Btbl.
635 1907 734 1969 Gerar.
747 1907 854 1980 run,
867 1922 934 1966 unc.
941 1902 1033 1986 soudr
1045 1901 1133 1982 latin,
1148 1914 1180 1966 u·
1193 1913 1283 1978 29⁵4,
1297 1903 1351 1965 ror.
1367 1911 1385 1964 t
1402 1902 1512 1983 remo.)

233 2093 447 2182 Frcderiuus,
466 2095 529 2168 liei
547 2095 655 2189 gratia
673 2095 904 2168 Romanorum
928 2093 1131 2189 imperator,
1152 2101 1217 2166 etc.
1237 2091 1359 2165 Gravis
1382 2100 1417 2164 et
1435 2091 1599 2166 intolera-

187 2217 268 2290 bilis
289 2225 405 2292 nostro
426 2219 569 2291 culmini
592 2217 800 2314 presumitur
822 2225 857 2290 et
879 2217 1023 2289 infertur
1040 2217 1166 2309 injuria
1190 2215 1297 2289 nichil
1315 2214 1366 2311 (o)
1388 2237 1451 2312 per
1470 2237 1530 2290 eos
1553 2215 1599 2290 de

187 2361 334 2434 quorum
351 2341 421 2416 tide
440 2342 669 2416 indubitatam
689 2339 931 2414 confidentiam
950 2342 1175 2434 gerebamus,
1196 2342 1232 2413 in
1247 2349 1482 2435 contemptum
1501 2363 1599 2412 man·

188 2463 346 2537 datorum
370 2475 563 2540 nostrorum
587 2464 823 2540 inobedientia
845 2465 974 2560 geritur
997 2465 1189 2538 manifesta.
1210 2465 1307 2537 Patet
1323 2463 1430 2560 igitur
1451 2464 1600 2558 qualiter

187 2587 314 2660 Paulus
330 2590 611 2662 Transversarius
635 2589 680 2662 de
701 2591 841 2663 Ravana
861 2587 1048 2662 indevotus
1068 2599 1103 2662 et
1128 2588 1332 2662 inobediens
1356 2589 1525 2678 extiterit,
1552 2589 1598 2663 ad

187 2733 291 2805 quem
316 2714 417 2807 plura
442 2713 605 2786 mandata
632 2721 748 2786 nostra
771 2713 937 2808 premissa
961 2708 1067 2810 [suut]
1093 2721 1131 2783 nt
1156 2713 1312 2808 prisoner
1338 2735 1429 2808 quos
1453 2713 1554 2786 duxit
1578 2735 1600 2786 a

190 2835 353 2908 Faventia
368 2835 404 2908 iu
418 2836 487 2908 tuis
501 2834 737 2932 manibus(t),
752 2846 787 2910 te
801 2858 864 2932 pro
881 2847 978 2932 parte
993 2845 1107 2908 nostru
1121 2847 1155 2908 et
1166 2836 1301 2930 imperii
1312 2835 1498 2932 recipiente
1510 2836 1600 2910 sicut

189 2959 294 3030 moris
313 2967 384 3050 est,
407 2959 454 3033 ad
474 2960 731 3054 requisitionem
750 2957 928 3059 [nostram]
946 2969 981 3033 et
1000 2959 1133 3055 imperii
1150 2960 1341 3052 assignaret
1352 2958 1416 3056 (2).
1433 2959 1502 3046 Qui
1519 2981 1601 3032 cum

189 3083 433 3158 contumaciter
456 3085 585 3180 exequi
609 3086 850 3180 contempserit
871 3095 906 3157 et
929 3093 1163 3180 contempnat,
1190 3092 1303 3180 spreto
1323 3085 1464 3178 iusuper
1483 3083 1601 3157 banno

189 3207 283 3300 quod
301 3229 406 3304 super
423 3205 542 3308 [bo]na
555 3210 723 3304 regalium
739 3209 1012 3304 privilegiorum,
1030 3209 1288 3284 concessionum
1307 3217 1340 3282 et
1360 3208 1602 3303 omniumque

190 3330 294 3404 habet
311 3341 347 3404 et
366 3341 460 3406 tenet
482 3333 528 3404 ab
551 3333 694 3428 imperio
714 3332 881 3405 duximus
900 3333 1169 3429 imponendum,
1188 3354 1253 3406 uos
1273 3333 1442 3427 justitiam
1467 3333 1601 3428 imperii

231 3497 273 3577 (u)
294 3497 355 3560 Sic.
371 3499 482 3562 Sensus
494 3517 566 3562 reru
578 3503 702 3578 requlrlt
714 3518 780 3560 carm
792 3501 840 3561 vel
854 3499 982 3580 mundo.

227 3768 262 3839 (t)
280 3767 464 3826 verisimiliter
486 3769 574 3841 agitur
590 3767 625 3826 de
646 3767 755 3826 Simone
767 3767 897 3826 murino
912 3770 1019 3840 comita,
1042 3770 1088 3843 qui
1107 3777 1170 3827 tuuc
1184 3771 1278 3828 ricerii
1301 3771 1445 3848 imperialis
1457 3774 1491 3847 ¹in
1507 3777 1603 3834 Roma·

191 3865 261 3922 uiola
275 3879 418 3937 personam
431 3867 536 3938 agebat.
550 3865 591 3925 Ci.
603 3867 752 3936 Ftnruzzr,
766 3868 888 3925 Menum.
903 3867 967 3924 bist.
980 3868 1112 3940 drumm,
1127 3875 1147 3925 t.
1162 3870 1196 3941 ll,
1209 3887 1238 3942 p.
1248 3872 1312 3928 art.

225 3961 260 4036 (ι)
277 3963 367 4020 Tertio
379 3961 423 4020 die
437 3963 496 4036 julii
513 3967 583 4022 ttae
602 3979 666 4037 pars
683 3963 811 4020 bobarisii
822 3964 958 4021 civitatem
971 3965 1126 4022 Ferentium
1140 3966 1282 4040 occuparit
1294 3984 1376 4040 quam
1390 3985 1535 4043 perunum
1548 3971 1603 4030 sera

192 4073 313 4116 mansam
324 4059 418 4116 teunit.
432 4059 529 4118 Paulus
540 4065 630 4118 autam
647 4061 838 4119 'l'rararsarius
851 4062 893 4118 rir
905 4062 939 4119 de
951 4063 1078 4120 Rarauua
1092 4063 1188 4120 nobilis
1205 4065 1360 4122 Faventiam
1372 4067 1508 4140 ingressus
1520 4071 1605 4127 Acba-

191 4156 284 4216 riaium
304 4157 479 4232 fautoresque
496 4173 559 4215 nos
576 4159 715 4232 superavit
728 4164 757 4216 et
771 4160 853 4234 capit.
869 4159 974 4218 «stetit
984 4160 1011 4215 iu
1026 4161 1179 4234 captivitate
1193 4160 1376 4238 [betausius]
1391 4180 1452 4222 cum
1464 4167 1606 4240 praedictis

192 4253 264 4324 apud
276 4253 444 4312 Cavalliuum
457 4255 492 4312 de
504 4254 642 4312 roluuute
653 4253 782 4330 [illorum]
794 4256 839 4329 qui
853 4272 901 4314 eos
914 4263 1044 4330 ceperant
1054 4257 1146 4315 multis
1156 4257 1266 4330 diebus,
1282 4265 1309 4316 et
1322 4267 1414 4334 postea
1426 4261 1536 4319 luerunt
1548 4264 1605 4321 dati

193 4349 292 4408 anubis
305 4351 475 4424 imperatorie
487 4358 516 4410 at
528 4358 660 4410 steterunt
674 4352 703 4409 iu
716 4353 871 4427 captivitate
887 4353 960 4427 apud
977 4353 1138 4426 Ariminum,
1153 4361 1207 4414 eto.
1222 4375 1236 4409 a
1250 4356 1377 4416 curante.
1391 4365 1456 4432 oet,
1471 4377 1516 4434 ap.
1529 4361 1604 4419 sni.

194 4443 382 4519 Cunnum,
406 4449 481 4508 llict.
498 4449 603 4520 Cam„
627 4449 674 4506 lib.
691 4451 746 4520 lx,
761 4450 789 4506 iu
815 4450 1084 4524 lbas.ontiq.1tcl.,
1103 4452 1168 4510 edit.
1189 4451 1342 4526 burmann,
1362 4461 1383 4513 t.
1402 4457 1466 4528 llll,
1482 4473 1547 4530 pars
1569 4459 1605 4528 ll,

194 4557 222 4614 p.
240 4545 303 4601 479.
322 4545 399 4602 Datis
417 4545 514 4604 deiude
533 4545 672 4604 obsidibus
695 4552 865 4604 murameuto
884 4547 1000 4604 absoluti
1023 4555 1101 4616 suut,
1120 4554 1148 4606 et
1167 4550 1375 4610 bononiensium
1392 4553 1491 4612 auxilio
1508 4553 1606 4612 Paulus

193 4639 380 4700 traversarius
391 4641 519 4702 Fauentia
533 4643 627 4718 pulsus
642 4649 685 4702 est
705 4659 804 4716 magua
823 4645 895 4702 edita
909 4651 1009 4717 strage.
1029 4646 1077 4704 His
1097 4646 1178 4706 rebus
1198 4649 1337 4723 epistolam
1359 4651 1524 4726 imperialem
1541 4652 1608 4710 satis

195 4735 263 4796 bene
276 4739 431 4813 convenire,
444 4739 504 4800 aliis
517 4739 702 4800 deicientibus
714 4743 889 4814 documentis,
905 4743 1079 4803 arbitramur.

1658 1177 1768 1228 [monte

1657 1233 1768 1296 ungusta]
