4278 5920
239 530 339 590 lunser.
357 523 419 607 ll.]
700 517 901 580 HISTORIA
927 514 1228 616 tttt‘nottttt'tCA.
1605 523 1657 584 ldl

241 666 325 760 quio
337 658 751 756 triumphare.Generalis
764 667 855 728 terre
867 663 985 726 sancte
996 649 1222 725 commoditas
1232 655 1660 750 queacrucesignatornm

242 789 443 864 executione
467 783 657 878 dependet,
686 802 749 853 nos
776 783 975 873 frequenter
999 775 1141 849 induxit
1159 785 1199 846 nt
1223 775 1269 848 de
1295 777 1401 848 vestri
1422 783 1662 874 prorogatione

242 909 395 1008 passagii
412 907 585 1002 usquead
604 903 804 1000 prefinitum
825 911 965 996 tempus
983 908 1183 992 treugarum
1197 897 1263 995 (l),
1282 899 1446 974 videlicet
1462 923 1483 973 a
1501 903 1661 998 proximo

241 1044 390 1107 venturo
414 1051 534 1104 mense
554 1027 692 1123 augusti
721 1047 834 1120 usque
862 1023 908 1096 ad
931 1032 1130 1116 sequentem
1155 1044 1286 1093 annum
1310 1025 1535 1118 completum,
1564 1029 1660 1122 apud

243 1155 499 1228 universitatem
517 1162 667 1224 vestram
685 1149 824 1222 monitis
841 1157 876 1220 et
893 1147 1054 1241 precibus
1071 1145 1296 1232 instaremus;
1317 1146 1483 1240 expedire
1499 1149 1660 1224 videntes

242 1281 334 1352 illius
349 1289 438 1352 terre
451 1275 609 1350 subsidio
622 1295 756 1347 necnon
771 1271 939 1367 profectui
953 1269 1204 1342 transeuntium
1227 1280 1263 1340 et
1281 1268 1401 1340 honori
1418 1271 1446 1341 si
1462 1294 1482 1342 a
1497 1273 1657 1366 proximo

243 1405 328 1476 festo
360 1402 468 1474 sancti
498 1399 666 1472 Iohannis
695 1397 846 1490 Baptista
879 1415 990 1487 usque
1019 1393 1066 1465 ad
1095 1391 1186 1464 idem
1217 1394 1394 1486 sequentis
1422 1397 1504 1466 anni
1533 1397 1655 1470 festum

242 1525 403 1597 transitus
421 1535 490 1596 tam
511 1531 651 1594 strenue
671 1518 903 1592 multitudinis
922 1518 1080 1606 ordinate
1103 1515 1162 1588 liat
1182 1527 1337 1610 tempore
1356 1529 1567 1612 opportuno,
1593 1545 1657 1596 nec

242 1647 429 1720 debuimus
452 1647 589 1718 silentio
614 1644 777 1740 preterire
802 1641 986 1736 negocium
1011 1653 1045 1712 et
1071 1662 1162 1713 onus
1187 1639 1283 1732 quud
1306 1664 1367 1735 pre
1391 1645 1513 1716 ceteris
1533 1647 1656 1720 mundi

240 1771 456 1866 principibus
483 1772 528 1845 ad
557 1769 716 1863 ejusdem
748 1777 836 1839 terre
866 1765 1101 1838 liberationem
1132 1763 1286 1835 humeris
1312 1767 1436 1838 nostris
1467 1768 1653 1862 incumbit,

242 1917 303 1992 pro
327 1918 397 1992 qua
421 1905 578 1966 tenemur
598 1915 703 1988 opera
728 1901 763 1964 et
787 1913 870 1986 opes
894 1887 1089 1979 effundere,
1113 1889 1196 1980 quin
1225 1889 1391 1982 premissa
1412 1890 1657 1968 deliberatione

241 2019 374 2092 consilii
398 2019 500 2090 vobis
516 2017 563 2091 ad
580 2017 702 2089 Christi
721 2014 905 2088 servicium
925 2021 1082 2108 potenter
1106 2011 1269 2083 accinctis
1286 2034 1327 2083 ac
1344 2015 1448 2086 totius
1464 2037 1568 2090 cause
1586 2020 1657 2091 cir-

241 2141 454 2214 constanelas
472 2140 625 2235 plenarie
641 2137 877 2234 ponderemus
903 2135 1180 2228 contingentibus
1199 2157 1268 2207 non
1286 2136 1435 2209 omissis.
1456 2141 1523 2212 Vos
1541 2151 1656 2214 autem

241 2265 300 2358 qui
323 2264 430 2336 corda
454 2271 489 2334 et
509 2283 652 2356 uurpura
675 2271 790 2335 vestra
813 2260 927 2332 crucis
953 2259 1129 2354 pbsequiis
1154 2257 1344 2353 deputastis
1366 2271 1401 2332 et
1425 2263 1508 2335 utile
1532 2267 1658 2360 cupitis

241 2388 407 2460 exhibere
430 2387 615 2459 servicium
641 2383 833 2476 Crucifixo,
863 2404 926 2480 per
951 2382 1141 2455 Gerardum
1165 2381 1210 2454 de
1232 2382 1342 2476 Aquis
1369 2385 1655 2462 triscamerarium

241 2511 407 2582 nuncium
432 2520 467 2582 et
493 2509 631 2582 fidelem
660 2519 814 2582 nostrum
844 2506 1085 2580 consultationi
1116 2515 1231 2578 nostra
1257 2509 1412 2580 consulte
1441 2532 1483 2582 ac
1511 2513 1657 2606 provide

241 2629 463 2724 respondistis
488 2651 551 2702 vus
575 2651 688 2722 usque
713 2628 761 2700 ad
788 2626 983 2722 predictum
1009 2611 1217 2719 completum
1245 2635 1441 2720 treugarum
1471 2632 1656 2706 terminum

240 2763 446 2826 executuros
467 2753 650 2826 efficaciter
672 2773 793 2848 preces
814 2761 970 2839 nostras,
996 2751 1025 2821 si
1047 2759 1204 2845 patentes
1227 2751 1327 2822 vobis
1347 2752 1460 2824 literas
1484 2753 1656 2830 indulxe-

240 2879 348 2948 rimus
371 2899 475 2950 aurea
493 2877 589 2949 bulla
608 2877 779 2964 munitas,
797 2897 861 2971 per
882 2897 970 2969 quas
996 2876 1078 2946 certi
1098 2873 1172 2946 fieri
1196 2875 1311 2968 petitis
1330 2875 1425 2970 quod
1447 2899 1510 2971 per
1529 2902 1591 2953 nus
1608 2882 1655 2954 ad

241 3000 435 3072 ulteriorem
452 3001 637 3072 terminum
651 3022 720 3072 uun
739 2999 894 3072 debeatis
912 2999 1058 3070 ulterius
1075 2997 1247 3070 sollicitari
1263 2999 1424 3093 precibus
1437 3003 1493 3073 vel
1508 3005 1650 3078 moveri.

240 3125 350 3218 Super
380 3146 451 3217 quo
482 3125 598 3218 dignis
628 3125 817 3218 gratiarum
849 3122 1045 3196 actionibus
1075 3122 1306 3216 approbamus
1335 3125 1512 3218 provisum
1541 3137 1655 3203 vestre

239 3246 496 3320 deliberationis
522 3248 703 3321 consilium
726 3257 761 3320 et
783 3267 1004 3342 responsum,
1025 3245 1163 3317 affectui
1185 3255 1299 3318 vestro
1323 3268 1394 3318 non
1417 3247 1540 3344 impari
1563 3272 1653 3323 con-

239 3381 413 3444 currentes
447 3371 571 3443 affectu
601 3371 697 3467 quod
726 3371 814 3444 ultra
851 3370 1044 3465 predictum
1074 3369 1259 3441 terminum
1290 3380 1325 3441 et
1353 3370 1542 3464 indictum,
1575 3385 1655 3470 post

238 3516 342 3588 quem
361 3495 543 3568 universos
559 3505 593 3567 et
610 3496 766 3586 singulos
782 3493 905 3566 Christi
923 3491 1043 3564 fideles
1058 3493 1188 3564 hortari
1206 3491 1374 3566 debemus
1390 3494 1437 3566 ad
1451 3498 1649 3590 transitum,

191 3617 193 3622 ’
238 3639 303 3690 vos
316 3639 387 3690 non
406 3619 603 3712 mgabimns
623 3641 688 3702 nec
706 3619 751 3692 de
767 3618 875 3690 vestri
890 3617 1130 3712 prorogatione
1144 3617 1294 3712 passagii
1310 3619 1422 3711 rogari
1435 3621 1653 3714 aliquatenus

237 3741 435 3835 paciemur,
465 3742 551 3835 quin
583 3743 699 3836 potius
728 3741 764 3812 in
793 3741 957 3814 omnibus
986 3740 1130 3812 uunsilio
1160 3749 1195 3811 et
1222 3740 1354 3812 auxilio
1384 3742 1530 3834 efficaci,
1564 3746 1653 3818 sicut

237 3865 430 3958 specialiter
447 3866 583 3959 negocii
602 3867 763 3938 meritum
783 3886 846 3938 nos
864 3865 1042 3959 astringit,
1069 3864 1192 3937 adesse
1209 3864 1420 3936 intendimus
1437 3868 1648 3959 transituris;

237 3987 284 4059 ita
310 3987 408 4082 quod
434 3989 464 4059 si
488 3989 550 4082 qui
574 3999 727 4060 vestrum
754 4009 816 4083 per
841 4009 989 4082 regnum
1015 3996 1171 4059 nostrum
1199 3987 1342 4059 transire
1367 3965 1560 4082 voluerint,
1589 4013 1652 4065 nos

237 4112 421 4206 specialem
440 4112 476 4183 in
495 4111 692 4184 subsidium
713 4112 876 4184 transitus
897 4111 1099 4184 eorumdem
1116 4111 1299 4184 liberaliter
1319 4112 1651 4207 invenientadjuto·

238 4255 323 4306 rem.
343 4235 388 4306 Et
404 4245 443 4305 ut
460 4235 561 4307 vobis
579 4245 719 4308 cantum
738 4256 814 4308 esse
829 4236 956 4309 debeat
969 4236 1015 4309 de
1029 4233 1211 4330 predictis,
1230 4247 1403 4330 presentes
1415 4238 1529 4310 literas
1545 4260 1650 4313 aurea

274 4537 310 4611 (t)
328 4539 450 4610 Treugaa
465 4554 527 4595 cum
541 4539 651 4598 soldano
670 4539 832 4614 Babyloniae
849 4538 931 4597 initae
949 4546 1012 4614 post
1027 4540 1121 4598 decern
1142 4556 1273 4598 annorum
1289 4541 1476 4614 intervallum,
1496 4543 1598 4601 seilicet
1615 4545 1650 4601 ad

238 4642 382 4708 angustum
396 4652 518 4694 mensem
532 4639 617 4708 t239,
632 4638 788 4713 praefinitus
800 4643 859 4696 erat
871 4638 1012 4696 terminus.
