4228 5892
499 525 561 590 8⁸8
1002 529 1216 594 intonatct
1243 527 1418 590 secedet
1725 524 1805 608 [An.
1822 523 1901 588 129.

581 683 758 763 (mediter
776 690 842 751 cod.
864 689 1004 753 ltlbllotb.
1024 692 1121 754 cesar.
1143 685 1353 768 Parts.,soodr
1369 686 1405 748 S.
1430 684 1672 765 (tm-sartae,
1687 696 1760 761 ⁴55,
1777 705 1845 765 pars
1861 687 1902 759 Π,

620 802 653 852 n⁰
666 793 791 872 LXVII,
807 796 872 856 elue
887 798 985 858 titulo.
1001 799 1225 875 [ascriptionem
1237 793 1404 856 mammo
1421 792 1488 854 cod.
1504 791 1656 856 Guelferb.
1677 789 1831 869 amnon,
1844 790 1900 852 eod.

617 897 1121 982 anauanxmapmmo.)

546 1051 672 1145 Felices
689 1095 869 1146 successus
886 1085 1019 1148 nostroe
1034 1095 1215 1170 pmoeesus
1228 1073 1264 1144 in
1283 1073 1379 1145 ltalia
1397 1073 1633 1166 contingentes
1647 1075 1753 1146 latere
1763 1095 1832 1146 non
1846 1095 1902 1168 pa-

495 1194 600 1266 timur
622 1205 702 1269 vota
728 1208 863 1285 vestra,
886 1196 1085 1272 fidelitatem
1106 1207 1256 1270 vestram
1282 1195 1470 1270 clarificare
1490 1197 1645 1272 volentes
1665 1197 1712 1271 ad
1738 1196 1902 1291 gaudium

494 1316 589 1410 quod
603 1319 638 1388 in
654 1319 823 1415 principio
839 1322 1008 1416 presentis
1025 1323 1143 1396 estatis
1161 1321 1370 1394 Bononiensi
1384 1319 1648 1416 depopulatione
1659 1331 1807 1413 peracta,
1823 1321 1902 1413 quia

493 1449 597 1533 caput
615 1437 759 1534 perfidie
772 1442 1003 1516 Mediolanum
1018 1444 1184 1517 intactum
1202 1443 1348 1516 transire
1365 1443 1526 1516 nolumus
1542 1443 1744 1537 priusquam
1756 1442 1901 1515 estivum

492 1571 630 1658 tempus
646 1571 768 1658 aptum
782 1562 1108 1661 depopulationibus
1126 1567 1278 1640 bostium
1296 1565 1535 1661 pertransiret,
1556 1565 1782 1658 congregatis.
1813 1617 1822 1634 .
1851 1619 1860 1635 .
1888 1617 1897 1634 .

495 1737 868 1759 ..........
888 1689 967 1760 XX⁰
981 1689 1186 1784 septembris
1202 1699 1327 1761 terram
1341 1697 1376 1762 et
1388 1689 1580 1761 districtum
1596 1685 1899 1760 Mediolanensium

491 1817 647 1901 potenter
664 1810 887 1898 intravimus3
904 1819 938 1882 et
950 1812 1029 1884 lioet
1042 1820 1182 1908 propter
1198 1809 1423 1884 diffidentiam
1435 1811 1709 1884 Mediolanenses
1721 1810 1899 1883 audaciam

489 1941 703 2004 assumentes
720 1953 782 2026 pro
806 1932 1017 2026 quibusdam
1036 1934 1136 2005 vallis
1152 1933 1312 2007 sedendis
1329 1933 1432 2006 altius
1451 1955 1497 2006 ex
1517 1933 1656 2006 civitate
1678 1931 1899 2004 communiter

488 2053 698 2141 exivissent,
720 2054 756 2126 in
774 2055 874 2148 aquis
888 2077 977 2150 quas
991 2055 1037 2128 ad
1057 2055 1179 2129 eadem
1198 2057 1291 2128 valla
1307 2055 1474 2151 replenda
1496 2056 1669 2129 deducam
1682 2055 1898 2128 intendebant

488 2177 602 2271 potius
620 2199 725 2271 quam
739 2179 774 2248 in
793 2179 927 2252 viribus
947 2177 1174 2270 confidentes,
1197 2179 1257 2250 ubi
1271 2188 1386 2251 tamen
1405 2179 1539 2252 felicem
1553 2187 1709 2253 nostrum
1722 2180 1897 2250 transitum

487 2300 533 2373 ad
548 2299 635 2373 lines
651 2321 770 2373 eorum
788 2325 850 2396 per
866 2311 988 2397 pontes
998 2322 1086 2395 quoe
1105 2301 1141 2373 io
1153 2302 1296 2375 flumine
1308 2302 1447 2375 Lambri
1460 2301 1536 2375 fieri
1547 2303 1716 2394 jussimus
1728 2321 1897 2395 presense

487 2436 586 2514 runt,
606 2424 757 2498 reductis
774 2445 896 2498 eorum
922 2427 1041 2497 castris
1064 2427 1153 2498 circa
1176 2425 1292 2498 menia
1317 2425 1485 2518 civitatis,
1507 2448 1616 2519 quum
1637 2423 1896 2496 intendebamus

486 2548 516 2619 ei
535 2568 666 2620 moram
685 2550 869 2620 traxissent
891 2547 1045 2641 aliquam
1064 2548 1267 2644 prevenire,
1287 2571 1366 2621 oum
1385 2548 1518 2641 ingenti
1540 2559 1634 2621 metu
1655 2557 1691 2620 ot
1707 2549 1897 2620 festinantia

485 2679 567 2742 sunt
583 2670 725 2765 egressi.
742 2671 810 2744 Noe
826 2681 941 2744 autem
963 2681 1074 2744 castra
1097 2681 1210 2744 nostra
1229 2670 1279 2768 (o)
1296 2673 1553 2762 bleloguianum
1570 2669 1622 2766 (l)
1634 2681 1669 2744 et
1687 2671 1753 2743 alia
1776 2672 1896 2744 convi-

486 2795 564 2867 cina
575 2817 645 2889 que
663 2804 777 2868 nostro
788 2795 956 2868 exercitui
974 2805 1201 2869 occurrerunt
1212 2796 1337 2869 dantes
1354 2796 1391 2867 in
1405 2795 1675 2870 combustionem
1694 2804 1729 2868 et
1739 2795 1891 2891 predam,

485 2927 580 2991 recto
600 2919 736 2991 tramite
753 2917 800 2992 ad
820 2919 1122 3014 depopulationem
1141 2919 1291 2993 civitatis
1316 2918 1473 3012 ejusdem
1499 2929 1609 2992 castra
1632 2928 1748 2990 noema
1763 2919 1894 2990 eminus
1931 2981 1933 2984 .

485 3043 697 3134 viduamne,
715 3044 898 3138 campestri
912 3044 1070 3116 libertate
1084 3045 1239 3116 fruentes
1253 3043 1418 3139 nulloque
1435 3043 1591 3116 obstante
1603 3042 1769 3137 repagulo
1781 3041 1894 3114 bomi-

484 3187 569 3236 num
594 3167 651 3239 vel
678 3187 867 3259 aquarum,
899 3175 939 3237 ut
960 3175 1040 3240 ante
1062 3168 1189 3260 ianuas
1217 3167 1364 3240 civitatis
1393 3177 1503 3239 caetra
1528 3175 1644 3239 nostra
1669 3163 1825 3258 videntes
1848 3161 1891 3234 ad

484 3291 624 3362 oculum
655 3289 748 3360 intus
775 3309 903 3383 pavore
927 3298 1067 3384 pereant
1093 3311 1183 3384 quos
1206 3291 1288 3363 ioris
1310 3289 1448 3384 gladius
1471 3298 1507 3362 et
1529 3289 1667 3361 flamma
1690 3287 1889 3376 vastabunt3

461 3466 462 3470 ,
485 3411 606 3484 fideles
619 3412 760 3506 insuper
779 3421 912 3486 nostros
924 3413 1150 3484 comitatuum
1166 3414 1228 3508 qui
1246 3412 1382 3487 dudum
1401 3411 1446 3486 ad
1461 3433 1523 3485 uos
1535 3410 1734 3506 lacrymosis
1751 3409 1892 3483 vocibus

483 3546 518 3609 et
528 3536 595 3632 piis
614 3534 921 3630 supplicationibus
934 3535 1172 3608 clamaverunt
1185 3548 1220 3610 et
1234 3557 1304 3609 non
1321 3535 1388 3607 nisi
1400 3535 1446 3608 ad
1460 3536 1609 3631 potentie
1624 3541 1740 3605 nostre
1753 3553 1890 3628 presen-

485 3661 565 3732 tiam
584 3657 820 3752 suspirabant,
838 3679 988 3750 quorum
1005 3669 1040 3732 et
1053 3659 1160 3732 corda
1183 3659 1365 3732 nobiscum
1382 3668 1499 3747 erant,
1517 3658 1596 3730 licet
1611 3656 1805 3752 provincias
1818 3656 1891 3728 ble-

484 3779 701 3854 diolaneneee
715 3778 946 3872 opprimerent
959 3789 994 3852 et
1006 3787 1162 3852 tenerent
1177 3779 1343 3854 hactenns
1355 3789 1552 3875 occupatae,
1566 3800 1645 3852 cum
1657 3799 1776 3852 eorum
1790 3797 1890 3850 eona·

483 3903 576 3974 tibus
599 3903 636 3974 in
657 3901 815 3996 personis
835 3911 870 3973 et
886 3901 991 3974 rebus
1010 3901 1215 3975 babebimus
1235 3912 1353 3976 contra
1374 3903 1464 3974 illos.
1485 3902 1629 3975 Cumani
1650 3902 1753 3974 etiam
1771 3897 1888 3973 fideles

483 4025 590 4098 nostri
612 4024 674 4118 qui
693 4023 1002 4096 Mediolaneueium
1025 4025 1188 4099 societate
1202 4027 1329 4120 rejecta
1347 4025 1540 4100 dominium
1559 4035 1713 4099 noemam
1731 4021 1888 4096 devotie-

482 4149 571 4221 sime
585 4155 834 4240 cognoverunt,
853 4159 1006 4221 nostrum
1023 4149 1070 4222 ad
1085 4149 1224 4224 eaedem
1241 4160 1355 4246 partes
1371 4151 1594 4247 prestolantes
1609 4147 1798 4222 adrentum
1814 4145 1887 4219 exi·

525 4343 567 4423 (o)
589 4343 636 4405 lbi
650 4343 795 4422 quaedam
806 4343 919 4407 desunt

519 4633 555 4708 (t)
573 4633 724 4708 tegendum
736 4633 940 4708 Melepuooom,
951 4635 1038 4710 media
1051 4637 1093 4694 ria
1103 4636 1223 4695 nudam
1234 4637 1302 4695 iuter
1313 4643 1342 4695 et
1353 4637 1539 4698 llediolanum.
