4350 5922
551 625 591 685 aa
789 595 794 602 ’
1052 619 1260 682 raincnrcr
1287 621 1464 682 suenum
1774 626 1853 710 [arr.
1871 629 1957 690 saar.

550 781 587 831 se
605 779 744 853 prorsus
758 755 912 826 efficiunt
925 754 1063 826 odiosos
1075 763 1109 827 et
1122 755 1270 850 desuper
1283 767 1407 828 sortem
1419 759 1591 849 justorum
1610 759 1745 853 virgam
1762 763 1895 835 auferat
1910 761 1959 858 (a)

549 883 758 976 iniquorum.
779 880 828 951 lla
848 889 985 974 propter
1002 880 1138 948 noverit
1157 900 1299 972 presens
1316 889 1390 950 etas
1407 891 1441 952 ot
1463 881 1576 952 futura
1591 884 1770 975 posteritas
1782 885 1879 978 quod
1896 906 1959 958 nos

536 1005 761 1077 attendentes
777 1025 880 1097 quam
907 1001 1053 1073 fideliter
1073 1011 1107 1073 et
1124 1000 1251 1074 devote
1270 1003 1364 1074 cives
1384 1003 1598 1076 Viennenses
1622 1005 1742 1078 fideles
1757 1009 1863 1080 nostri
1882 1009 1960 1080 uni·

465 1193 470 1202 .
549 1129 638 1199 versi
655 1129 781 1223 pariter
794 1135 827 1198 ot
845 1126 974 1218 singuli
995 1126 1113 1216 magui
1132 1137 1166 1198 et
1185 1127 1283 1220 parvi
1302 1137 1456 1199 nostrum
1475 1137 1510 1200 et
1531 1129 1665 1222 imperii
1683 1129 1874 1202 dominium
1890 1133 1959 1204 sint

549 1252 717 1346 amplexi,
741 1252 865 1343 jugum
883 1249 1113 1343 oppressionis
1138 1260 1172 1320 et
1194 1250 1361 1342 injustitie
1387 1249 1596 1323 declinando
1616 1253 1745 1346 quibus
1766 1253 1958 1327 Fridcrious

548 1375 724 1469 quondam
743 1375 819 1446 dux
840 1393 1017 1444 asnorum
1041 1373 1296 1466 progenitorum
1317 1373 1485 1468 probitate
1500 1373 1731 1468 degenerans,
1747 1377 1874 1448 oblitus
1893 1378 1959 1449 de·

548 1501 696 1572 votionis
714 1507 748 1570 et
767 1495 850 1569 fidoi
868 1497 999 1569 civium
1024 1497 1274 1591 predictorum,
1293 1497 1486 1593 contempta
1509 1499 1642 1593 imperii
1660 1509 1695 1572 et
1718 1503 1832 1572 nostra
1855 1523 1959 1574 reva-

547 1625 676 1708 rentia,
695 1621 730 1692 iu
750 1621 840 1711 iuris
865 1621 1026 1712 injuriam
1051 1629 1170 1692 contra
1193 1643 1253 1694 eos
1277 1643 1339 1716 per
1358 1623 1410 1694 tas
1424 1632 1458 1694 ot
1480 1625 1578 1694 notas
1602 1624 1785 1695 enormiter
1805 1625 1958 1698 seviebat

547 1767 713 1818 exercens
731 1743 965 1816 indifferenter
979 1744 1014 1814 in
1029 1765 1149 1816 omues
1164 1766 1227 1839 pro
1242 1744 1372 1836 judicio
1391 1747 1619 1836 voluntatem,
1639 1755 1735 1818 ratus
1749 1757 1873 1818 cuncta
1890 1749 1957 1820 sibi

548 1870 650 1941 licere
666 1888 728 1962 pro
743 1868 864 1954 libitu,
882 1889 1050 1962 pauperes
1065 1889 1276 1961 aggravans,
1294 1867 1421 1940 divites
1437 1869 1650 1962 inquietans,
1673 1870 1793 1963 pupilli
1814 1891 1954 1942 causam

547 2003 581 2066 et
607 1991 714 2064 vidue
729 2012 798 2062 non
816 1989 1016 2080 admittens,
1036 1991 1144 2084 spolia
1162 1991 1316 2062 omnium
1335 1991 1453 2063 sitiens
1471 2001 1504 2062 et
1525 1992 1680 2064 diversas
1698 2014 1799 2066 noces
1817 1995 1957 2086 excogi-

548 2127 624 2222 tans
640 2116 675 2186 in
694 2134 854 2208 personas
871 2113 1038 2184 nobilium
1055 2123 1089 2185 et
1106 2114 1259 2185 virorum
1274 2115 1566 2209 quamplurimum
1585 2115 1818 2188 bonestorum.
1839 2117 1956 2188 Consi·

548 2239 707 2312 derantes
736 2239 876 2331 iusuper
903 2239 1050 2331 qualiter
1081 2236 1186 2307 iidem
1213 2237 1307 2308 cives
1339 2235 1523 2308 devotione
1551 2238 1802 2332 promptissima
1827 2249 1862 2310 et
1888 2237 1957 2312 tide

549 2361 681 2434 sincera
705 2382 742 2432 se
767 2359 867 2430 nobis
893 2369 927 2430 et
952 2359 1095 2453 imperio
1121 2359 1405 2432 indissolubiliter
1433 2361 1638 2453 alligarunt,
1664 2371 1698 2434 ot
1723 2362 1816 2455 quod
1842 2371 1957 2434 nostra

549 2487 688 2556 interest
712 2483 931 2556 commissum
956 2481 1056 2554 nobis
1083 2483 1269 2577 populum,
1306 2493 1426 2578 utpote
1447 2484 1508 2578 qui
1530 2507 1591 2579 pro
1613 2486 1688 2578 ejus
1711 2486 1822 2558 salute
1848 2508 1890 2558 ac
1912 2485 1957 2558 do

549 2607 730 2680 commissa
753 2605 853 2678 nobis
868 2606 1057 2700 reipublice
1074 2627 1156 2678 cura
1173 2615 1207 2677 et
1219 2607 1458 2686 ⁴univcrsitatis
1476 2607 1643 2699 regimine
1664 2609 1835 2699 generali,
1855 2619 1957 2682 tene-

548 2753 627 2802 mur
648 2750 782 2802 summo
806 2729 876 2821 regi
896 2727 1042 2800 reddere
1064 2728 1249 2818 rationem,
1271 2730 1419 2822 potentis
1442 2730 1584 2801 dextere
1605 2729 1761 2802 subsidio
1787 2731 1953 2821 relevare,

550 2855 676 2927 dictam
691 2854 864 2926 civitatem
883 2861 918 2922 et
933 2851 1028 2923 cives
1042 2852 1077 2921 in
1093 2861 1242 2922 nostram
1258 2861 1291 2922 et
1307 2852 1440 2945 imperii
1459 2862 1624 2946 perpetuo
1642 2865 1675 2924 et
1689 2855 1957 2926 irrevocabiliter

550 2979 734 3074 recipimus
748 2977 931 3062 dicionem,
948 2982 986 3045 ut
1002 2974 1162 3046 ammodo
1178 2975 1213 3045 in
1228 2975 1353 3046 nostris
1367 2971 1427 3072 [et]
1442 2997 1562 3068 regum
1575 2987 1609 3048 et
1624 2977 1866 3070 imperatorum
1880 2999 1957 3048 suc·

550 3122 723 3174 oessorum
749 3107 943 3170 nostrorum
967 3098 1126 3168 manibus
1147 3105 1338 3183 teneantur,
1359 3108 1393 3168 et
1414 3098 1508 3190 quod
1533 3121 1710 3192 uunquam
1733 3120 1795 3192 par
1815 3120 1956 3172 conoes-

550 3227 680 3297 sionem
701 3224 846 3312 alicujus
873 3219 1029 3292 beneficii
1052 3219 1096 3292 de
1115 3229 1228 3312 nostra
1253 3231 1288 3292 et
1310 3221 1443 3314 imperii
1467 3231 1641 3292 transeant
1661 3229 1842 3316 potestata3
1869 3223 1954 3316 quin

550 3347 664 3442 potius
688 3345 827 3440 speciali
858 3354 972 3415 nostro
1000 3351 1034 3414 et
1061 3343 1194 3436 imperii
1220 3344 1428 3431 munimine,
1448 3343 1682 3416 munificentie
1709 3355 1821 3432 nostra
1846 3345 1954 3440 privi-

549 3471 664 3564 legiis,
688 3467 883 3539 libertatum
909 3475 944 3538 et
971 3467 1138 3538 bonarum
1164 3466 1408 3560 approbatione
1435 3468 1739 3558 consuetudinum,
1767 3469 1867 3562 quasi
1893 3490 1956 3563 pro

551 3591 632 3664 fidei
649 3613 767 3664 eorum
787 3590 930 3685 pignora
943 3588 1048 3660 velud
1064 3611 1239 3660 murorum
1254 3590 1524 3682 propugnaculis
1542 3591 1749 3662 muniantur.
1767 3591 1956 3663 Statuimus

549 3715 654 3808 igitur
677 3723 712 3786 et
734 3712 900 3807 presentis
923 3711 1095 3806 privilegii
1113 3711 1313 3783 auctoritate
1336 3710 1523 3783 sanctimns
1545 3721 1584 3782 ut
1600 3712 1760 3785 ammodo
1780 3714 1816 3783 iu
1832 3711 1953 3785 eadem

549 3839 687 3910 civitate
707 3836 819 3929 judex
842 3834 988 3926 singulis
1013 3834 1113 3906 annis
1140 3855 1202 3928 per
1225 3855 1288 3905 nos
1313 3853 1411 3925 reges
1438 3843 1472 3906 et
1498 3835 1716 3928 imperatores
1739 3857 1954 3908 successores

550 3972 701 4047 nostros,
729 3959 979 4032 communicato
1007 3956 1141 4028 adhoc
1166 3957 1194 4027 si
1227 3977 1366 4028 necesse
1390 3959 1491 4029 luerit
1515 3959 1656 4030 oonsilio
1675 3959 1822 4048 civium,
1849 3960 1954 4031 statui

550 4085 688 4174 debeat,
705 4084 766 4176 qni
782 4103 846 4178 pro
860 4082 988 4154 bonore
1004 4091 1038 4152 et
1052 4079 1215 4154 fidelitate
1231 4078 1279 4177 (b)
1295 4090 1412 4153 nostra
1428 4080 1602 4154 sufficiens
1616 4091 1651 4154 et
1664 4082 1823 4178 ydoneus
1835 4083 1955 4156 videa·

550 4221 606 4280 tur
621 4206 667 4280 ad
685 4207 776 4280 idem
793 4205 942 4278 oiiioium
959 4205 1209 4295 exercendum,
1234 4205 1383 4300 presenti
1409 4204 1628 4298 pmbibentea
1651 4204 1763 4278 edicto
1783 4215 1955 4299 quatenus

551 4333 667 4404 nullus
686 4330 797 4423 judex
815 4329 952 4400 anobis
969 4331 1024 4400 vel
1051 4351 1071 4401 a
1095 4349 1177 4420 rego
1200 4351 1260 4400 seu
1289 4329 1334 4400 ab
1361 4328 1477 4422 aliquo
1499 4349 1734 4402 successorum
1761 4340 1955 4401 nostmrum

550 4476 612 4552 pro
630 4464 781 4548 tempore
799 4452 1001 4524 constitutus
1018 4462 1131 4524 nostra
1151 4453 1207 4523 vel
1223 4451 1369 4544 alicujus
1390 4452 1577 4524 sucessoris
1595 4453 1700 4526 nostri
1721 4453 1777 4524 vel
1797 4474 1859 4524 sua
1878 4473 1956 4547 prc-

591 4616 635 4698 (a)
654 4617 732 4680 Alibi
746 4613 880 4696 afferant,
896 4615 980 4676 male.

591 4721 632 4803 (b)
653 4721 732 4783 Alibi
745 4728 773 4782 ct
786 4713 931 4799 utilitate,
945 4723 1044 4780 miuus
1054 4723 1140 4779 recte.
