4278 5920
234 577 327 636 usta.
347 573 407 658 ro]
681 570 876 632 ussonia
901 565 1191 630 urruouarrca.
1600 557 1641 618 ae

231 708 447 807 providentie
468 729 510 780 uc
526 706 676 803 potentie
700 707 845 803 provide
869 705 1064 779 desiderare
1089 703 1251 776 videntur
1278 700 1436 772 allectum
1459 696 1585 792 pariter
1607 703 1642 767 et

233 833 402 905 ellectum.

290 1455 523 1564 Fridericus,
555 1455 815 1539 Romanorum
853 1452 1075 1562 imperator,
1103 1451 1201 1534 cives
1232 1449 1525 1562 argentinenses
1558 1462 1647 1532 cum
1673 1471 1852 1580 truppgffifm·

241 1589 416 1674 omnibus
440 1613 574 1672 eornm
597 1587 708 1670 bouis
735 1588 881 1694 eundo,
908 1585 1045 1668 stando
1074 1595 1111 1668 et
1137 1583 1324 1667 merendo
1355 1609 1421 1692 per
1447 1581 1648 1692 imperium

243 1721 312 1804 sub
330 1747 400 1804 sua
417 1719 648 1831 protectione
666 1719 816 1828 recipit,
836 1717 1022 1828 quamdiu
1040 1715 1216 1826 episcopo
1235 1715 1500 1825 Argentinensi
1518 1726 1650 1798 contra

241 1855 417 1938 comitem
434 1856 482 1937 de
505 1853 691 1962 Liningen
710 1851 896 1934 auxilium
914 1876 990 1932 non
1009 1847 1268 1959 praestabunt.

322 2075 451 2154 (nuder.
467 2076 643 2152 Wnncnsu,
656 2071 768 2153 appar.
784 2071 906 2146 credie,
924 2089 954 2150 p.
971 2071 1255 2150 tut.·-Lrunmnn‚
1271 2070 1347 2133 uer.
1361 2067 1504 2144 dAlracc,
1519 2071 1651 2146 docum„

358 2198 389 2258 r·
406 2179 470 2260 ⁴⁰·l

291 2375 499 2462 Fridericus‚
516 2375 577 2447 Dei
597 2375 708 2468 gratia
728 2376 960 2447 Romanorum
985 2375 1167 2468 imperator
1189 2394 1324 2467 semper
1346 2383 1527 2466 augustus,
1551 2375 1656 2446 Jeru-

247 2501 350 2572 salem
382 2510 418 2570 et
446 2499 561 2571 Sicilie
586 2520 671 2587 rex,
697 2499 869 2570 universis
894 2510 1071 2594 presentes
1101 2498 1228 2568 litteras
1259 2497 1464 2592 inspecturis
1496 2497 1657 2570 fidelibus

247 2627 316 2700 suis
337 2628 483 2720 gratiam
507 2634 661 2698 suamet
684 2647 788 2697 omne
815 2625 957 2696 bonum
991 2623 1234 2718 Supplicatum
1263 2623 1404 2694 culmini
1427 2633 1542 2696 nostro
1563 2624 1658 2698 cives

246 2750 510 2844 Argentinenses
529 2745 648 2821 fideles
668 2748 776 2820 nostri
796 2757 834 2818 ut
853 2747 934 2840 quia
952 2747 1116 2818 timebant
1132 2745 1226 2840 quod
1249 2746 1430 2818 occasione
1447 2768 1570 2840 guerre
1588 2769 1658 2842 que

247 2874 380 2947 dudum
399 2882 452 2945 eet
478 2873 568 2944 iuter
590 2871 821 2943 venerabilem
846 2869 1130 2964 Argentinensem
1154 2870 1351 2964 episcopum
1378 2869 1541 2943 dilectum
1565 2871 1660 2966 priu-

249 2999 358 3092 cipem
389 3007 546 3068 nostrum
570 3005 605 3068 et
630 2995 791 3066 comitem
816 2995 861 3066 de
887 2995 1075 3088 liningen,
1096 2995 1147 3066 eis
1169 3003 1281 3088 posset
1301 2994 1443 3088 aliquod
1469 2995 1660 3088 periculum

249 3120 426 3214 generari,
455 3119 546 3214 ipsos
569 3140 649 3190 cum
674 3117 835 3190 omnibus
863 3117 962 3190 bonis
989 3119 1060 3189 suis
1082 3118 1149 3190 sub
1175 3127 1287 3190 nostre
1313 3117 1522 3190 detensionis
1552 3119 1661 3212 gratia

252 3243 402 3337 recipere
431 3241 666 3336 dignaremur.
692 3242 760 3314 Nos
791 3243 909 3336 itaque
935 3241 1061 3316 devota
1085 3242 1238 3336 ipsorum
1261 3242 1400 3314 servitia
1425 3241 1659 3330 attendentes,

247 3367 346 3456 justis
363 3387 484 3437 eornm
510 3364 667 3459 precibus
693 3365 860 3454 inclinati,
883 3365 1054 3459 predictos
1075 3365 1168 3438 cives
1184 3388 1264 3438 cum
1282 3367 1445 3438 omnibus
1466 3367 1567 3438 bonis
1590 3367 1663 3438 suis

253 3489 286 3560 in
317 3501 467 3563 nestrum
493 3500 528 3562 et
554 3489 688 3584 imperii
717 3490 964 3583 protectionem
983 3490 1149 3561 duximus
1172 3488 1415 3578 assumendos,
1441 3491 1597 3563 volentes
1626 3500 1665 3561 ut

253 3613 432 3686 securitate
448 3621 563 3685 nostra
582 3623 616 3685 et
633 3613 768 3707 imperii
789 3613 852 3684 tuti
877 3613 995 3684 sintin
1013 3614 1116 3685 rebus
1133 3623 1167 3686 et
1188 3614 1359 3709 personis,
1383 3613 1516 3702 eundo,
1540 3615 1664 3688 stando

254 3757 312 3830 per
336 3735 519 3830 imperium
537 3745 572 3808 et
589 3734 772 3824 morando,
791 3736 959 3830 quamdiu
983 3733 1136 3830 predicto
1160 3737 1307 3831 principi
1331 3745 1446 3808 nostro
1471 3747 1588 3809 contra
1606 3759 1665 3810 tm-

255 3857 369 3930 mitem
388 3856 434 3930 de
454 3858 622 3952 Liningen
649 3857 818 3929 auxilium
841 3879 908 3929 non
927 3859 1140 3952 prestabant.
1162 3859 1332 3943 Quocirca
1358 3859 1562 3932 mandamus
1586 3863 1664 3932 uni·

257 3981 407 4053 versitati
426 3993 540 4052 vestre
554 4001 616 4074 per
630 3989 808 4074 optentum
827 3982 936 4074 gratie
951 3993 1066 4054 nostre
1088 3981 1229 4052 firmiter
1244 3983 1471 4078 precipientes
1494 3994 1666 4078 quatenus

258 4104 370 4176 nullus
395 4104 440 4174 sit
463 4105 525 4198 qui
547 4102 686 4176 eosdem
704 4104 798 4177 cives
822 4115 939 4177 contra
956 4106 1123 4200 presentis
1146 4115 1260 4178 nostre
1283 4105 1495 4178 defensionis
1521 4107 1665 4200 gratiam

260 4235 429 4320 presumat
454 4237 582 4300 temere
604 4228 802 4319 molestare;
823 4227 918 4322 quod
942 4229 1003 4323 qui
1027 4229 1272 4323 presumpserit
1293 4228 1562 4324 indignationem
1586 4252 1666 4303 nos·

261 4359 343 4420 tram
358 4370 396 4420 se
410 4343 545 4421 noverit
561 4350 793 4422 incursurum.

308 4473 429 4544 Datum
445 4472 540 4568 apud
553 4475 699 4568 spiram,
720 4474 858 4568 xjulii,
878 4476 910 4546 X
928 4473 1138 4548 indictionis.

340 4765 375 4828 V.
