4226 5900
492 585 554 645 458
993 587 1207 648 rnlnnalcl
1233 587 1405 648 SECUNDI
1718 589 1796 673 [Asu.
1816 592 1899 652 1239.

492 718 602 790 tribus
618 718 709 791 iuda
730 718 820 790 inter
836 727 966 791 ceteros
982 718 1070 792 filios
1092 723 1285 816 patriarche
1301 722 1347 795 ad
1370 721 1528 818 specialis
1545 721 1795 798 benedictionis
1813 726 1902 800 dona

491 843 689 938 suscipitur,
718 843 769 914 sic
789 863 935 935 regnum
959 844 1102 918 Francia
1126 867 1189 941 pre
1213 845 1336 920 ceteris
1363 855 1530 919 terrarum
1554 847 1690 942 populis
1712 870 1734 920 a
1755 850 1901 923 Domino

490 966 708 1064 prerogativa
727 965 866 1038 honoris
885 974 921 1038 et
937 969 1047 1060 gratie
1067 969 1264 1062 insignitur.
1289 971 1375 1042 Nam
1397 971 1495 1042 velut
1518 971 1650 1064 prelata
1674 971 1785 1044 trihus
1804 973 1900 1065 regui

490 1089 735 1184 prefigurativa
751 1089 895 1186 predicti
914 1089 1072 1186 undique
1089 1093 1231 1187 fugabat
1252 1091 1404 1166 hostium
1424 1113 1574 1182 cuneos,
1593 1093 1743 1167 tenebat
1761 1105 1797 1168 et
1818 1117 1900 1168 oon-

490 1215 620 1286 terehat
638 1213 795 1308 undique
812 1236 854 1286 ac
869 1215 942 1286 suis
958 1215 1169 1307 subjugabat
1186 1216 1334 1310 pedibus
1357 1237 1419 1312 per
1433 1217 1617 1289 circuitum
1633 1218 1808 1310 inimicos,
1832 1241 1899 1292 nou

489 1337 588 1410 aliter
603 1337 696 1411 idem
714 1359 860 1432 reguum
884 1359 946 1432 pro
965 1339 1175 1411 exaltatione
1194 1339 1360 1412 catholice
1377 1339 1460 1412 fidei
1479 1340 1652 1413 dominica
1673 1341 1780 1434 prelia
1798 1341 1901 1412 dimi-

490 1483 573 1534 cans
589 1471 624 1534 et
644 1461 680 1533 in
699 1462 840 1534 orientis
862 1470 896 1533 et
913 1441 1101 1534 occidentis
1120 1464 1276 1558 partibus
1298 1485 1361 1558 pro
1379 1463 1581 1536 detonsione
1604 1465 1833 1537 ecclesiastice
1854 1465 1901 1536 li-

488 1584 631 1656 bertatis
656 1585 809 1658 Ecclesia
831 1586 947 1658 hostes
971 1607 1194 1681 expugnans,
1218 1587 1285 1660 suh
1307 1587 1438 1660 vexillo
1464 1589 1556 1659 clare
1584 1589 1750 1660 memorie
1777 1589 1901 1683 prede·

489 1730 662 1782 cessurum
680 1718 818 1782 tuorum
841 1709 1054 1804 quandoque
1078 1715 1216 1784 Terram
1243 1713 1403 1784 Sauctm
1431 1733 1581 1805 superna
1612 1711 1834 1806 dispositione
1855 1711 1900 1784 de

488 1833 648 1906 manibus
671 1855 882 1928 paganorum
902 1833 1045 1928 eripuit,
1062 1834 1273 1928 quandoque
1287 1835 1701 1929 constantinopolitanum
1718 1834 1898 1928 imperium

487 1958 533 2031 ad
562 1957 793 2030 obedientiam
828 1957 981 2030 Ecclesia
1008 1957 1159 2031 Romane
1191 1959 1381 2050 reducens,
1414 1957 1584 2030 dictorum
1617 1957 1898 2053 predecessorum

486 2080 603 2152 studio
620 2081 808 2153 Ecclesiam
821 2081 932 2177 ipsam
950 2102 971 2152 a
988 2081 1106 2152 multis
1123 2082 1284 2175 periculis
1302 2082 1474 2173 liberavit,
1493 2082 1696 2176 pravitatem
1714 2081 1897 2154 hereticam

485 2225 555 2298 que
584 2204 620 2274 in
642 2205 798 2300 partibus
820 2203 1058 2299 Albigensium
1080 2207 1152 2278 lere
1169 2204 1275 2280 fidem
1298 2207 1533 2301 extirpaverat
1555 2205 1796 2296 christianam,
1819 2205 1898 2277 totis

484 2327 621 2398 viribus
641 2347 843 2422 expugnare
869 2349 939 2400 non
967 2327 1097 2401 destitit
1123 2327 1234 2400 donee
1250 2349 1291 2401 ea
1307 2329 1407 2422 quasi
1426 2329 1565 2424 penitus
1593 2329 1767 2400 confutata
1793 2326 1897 2400 iidem

485 2451 595 2543 ipsam
623 2449 669 2522 ad
696 2451 831 2546 pristini
861 2457 970 2522 status
995 2451 1120 2524 solium
1147 2452 1337 2524 revocavit.
1370 2452 1467 2524 Sicut
1493 2452 1626 2548 prelata
1653 2452 1764 2523 trihus
1792 2449 1897 2522 velud

484 2574 615 2666 relique
635 2595 814 2667 nunquam
843 2595 864 2646 a
889 2575 983 2646 cultu
1011 2573 1186 2648 dominico
1209 2575 1401 2650 declinasse
1423 2575 1562 2668 legitur,
1588 2575 1651 2646 sed
1678 2573 1840 2647 idolatras
1864 2584 1897 2644 et

484 2705 615 2768 ceteros
637 2694 793 2768 infideles
817 2697 936 2768 multis
958 2717 1182 2790 expugnasse
1206 2698 1325 2792 preliis
1347 2697 1559 2792 perhibetur,
1585 2696 1636 2768 sic
1662 2707 1697 2770 et
1720 2697 1756 2768 in
1775 2695 1896 2768 eodem

483 2840 591 2911 reguo
608 2818 741 2913 quoda
758 2818 947 2892 devotione
961 2819 1023 2892 Dei
1039 2829 1073 2892 et
1086 2821 1239 2894 Ecclesia
1254 2845 1302 2892 nu
1309 2823 1356 2894 llo
1369 2821 1560 2894 casuavelli
1574 2821 1701 2914 potuit,
1719 2841 1896 2914 nunquam

483 2941 623 3014 libertas
652 2942 882 3014 ecclesiastica
907 2943 1028 3037 periit,
1059 2944 1130 3016 ullo
1164 2966 1321 3039 unquam
1351 2954 1506 3040 tempore
1537 2943 1694 3037 vigorem
1720 2943 1895 3038 proprium

484 3064 671 3136 christiana
691 3065 778 3138 fides
793 3066 925 3150 amisit;
952 3067 1038 3161 quin
1058 3069 1127 3140 imo
1151 3089 1213 3164 pro
1233 3091 1353 3140 earum
1370 3068 1630 3142 conservatione
1652 3089 1752 3161 reges
1777 3078 1813 3138 et
1833 3067 1894 3138 ho·

483 3188 593 3260 mines
610 3187 694 3262 dicti
712 3189 811 3280 regni
831 3190 1035 3282 sanguinem
1050 3191 1228 3286 proprium
1248 3191 1394 3264 sundere
1408 3203 1443 3264 et
1460 3213 1498 3264 se
1514 3189 1675 3286 periculis
1696 3189 1814 3261 multis
1829 3209 1895 3261 ex-

483 3333 613 3408 ponere
629 3313 772 3384 minime
792 3312 1007 3388 dubitarunt.
1027 3313 1083 3422 Ad
1098 3338 1247 3411 quorum
1265 3317 1501 3412 probationem
1519 3315 1635 3386 inclite
1652 3312 1896 3386 recordatiouis

483 3437 591 3510 Caroli
605 3445 640 3510 et
652 3437 838 3510 multorum
849 3461 971 3532 regum
986 3440 1242 3534 progenitorum
1256 3449 1395 3512 tuorum
1409 3449 1506 3534 gesta
1521 3439 1680 3530 colligere
1692 3458 1893 3532 possumus;

483 3561 547 3634 sed
563 3569 678 3635 tamen
696 3583 740 3634 ne
759 3561 877 3635 habito
894 3563 940 3635 ad
958 3561 1092 3634 infinita
1108 3563 1275 3636 descensu
1291 3587 1312 3637 a
1330 3563 1436 3656 longe
1449 3563 1610 3657 exempla
1627 3569 1784 3634 veterum
1803 3559 1896 3630 oolli-

483 3704 626 3778 gamns,
646 3685 829 3758 recolende
850 3687 1014 3759 memorie
1031 3687 1068 3758 L.
1095 3697 1191 3782 pater
1209 3695 1291 3760 tuus
1311 3709 1380 3760 non
1399 3707 1461 3782 pro
1479 3685 1702 3782 ampliatione
1718 3683 1816 3774 regni
1841 3683 1896 3753 sui

483 3809 545 3882 sed
563 3807 645 3880 fidei
668 3808 824 3882 dominio
841 3809 877 3880 in
895 3809 998 3882 dictis
1014 3811 1171 3906 partibus
1193 3810 1432 3905 Albigensium
1451 3832 1531 3882 cnm
1554 3805 1776 3882 multitudine
1797 3805 1894 3877 nobi·

482 3933 586 4022 lium,
616 3933 765 4004 militum
794 3942 828 4005 et
855 3934 999 4006 aliorum
1026 3933 1183 4008 fidelium
1204 3935 1333 4030 eligens
1348 3933 1503 4029 preliari,
1532 3933 1600 4004 suh
1624 3931 1754 4004 sudore
1778 3930 1896 4000 militie

484 4055 659 4128 dominice
677 4067 807 4128 exutus
828 4077 971 4151 corpore
991 4059 1065 4130 celo
1089 4059 1247 4154 spiritum
1264 4057 1439 4146 reddidit,
1458 4067 1492 4130 et
1517 4056 1662 4152 posteris
1681 4055 1754 4126 suis
1772 4051 1895 4124 similia

485 4179 632 4250 faciendi
654 4179 720 4250 suh
738 4179 892 4273 quodam
917 4181 1021 4253 tacito
1044 4189 1248 4254 testamento
1271 4189 1472 4278 preceptum
1491 4179 1666 4268 indicens,
1687 4177 1735 4250 ad
1750 4197 1893 4268 reguum

483 4301 579 4397 quod
595 4305 688 4375 Deus
700 4305 896 4398 preparavit
911 4327 949 4378 se
965 4305 1190 4399 diligentibus
1206 4329 1285 4379 cum
1299 4305 1431 4380 eisdem
1447 4305 1609 4379 fidelibus
1627 4325 1718 4399 qnos
1732 4300 1896 4374 Dominus

482 4428 519 4499 in
541 4427 741 4523 triumphali
758 4428 902 4501 victoria
918 4427 964 4502 ad
983 4449 1144 4504 coronam
1161 4429 1302 4504 vocavit
1319 4431 1479 4521 martirii,
1504 4451 1610 4502 cursu
1631 4424 1799 4500 laudabili
1818 4442 1896 4517 pro·

482 4549 630 4645 paravit.
649 4550 704 4622 Ex
720 4551 850 4644 quihus
863 4549 1016 4624 evidenti
1028 4553 1160 4625 ratione
1174 4551 1419 4648 perpendimus
1431 4551 1528 4648 quod
1539 4573 1686 4646 regnum
1702 4545 1895 4644 predictum

483 4673 706 4748 benedictum
734 4697 756 4746 a
781 4675 927 4756 Domino
957 4674 1172 4771 redemptore
1199 4687 1315 4750 nostro
1347 4678 1448 4771 quasi
1480 4675 1664 4772 specialem
1696 4671 1892 4746 divinarum
