4228 5892
206 610 304 672 lnior.
322 608 383 694 ta]
657 611 853 673 HISTORIA
877 609 1166 674 sustentatus.
1557 607 1618 672 369

208 743 385 840 quoddam
402 742 498 817 aliud
511 745 623 837 majus
636 755 787 820 castrum
799 747 953 842 ipsorum
969 747 1107 820 nomine
1122 745 1310 842 crepacore
1323 741 1374 840 (a)
1391 744 1487 839 quod
1498 753 1618 818 contm

208 865 331 942 fideles
353 877 487 942 nostros
511 869 663 962 objicere
687 873 927 967 opponebant,
958 873 1100 946 feliciter
1122 869 1240 944 castris
1266 869 1392 942 nostris
1421 869 1614 965 dispositis,

209 989 336 1064 diebus
358 992 479 1086 paucis
499 1013 669 1086 aquarum
693 994 915 1068 multitudine
933 1017 1082 1090 quarum
1100 993 1227 1090 triplex
1246 991 1294 1090 (b)
1312 994 1481 1066 vallorum
1509 994 1618 1089 ipsius

209 1113 316 1188 series
332 1115 435 1210 plena
448 1124 521 1190 erat
534 1115 716 1207 exhausta,
731 1138 772 1190 ac
787 1118 931 1190 interius
946 1119 1215 1212 circumquaque
1231 1138 1292 1212 per
1309 1117 1484 1189 molimina
1496 1117 1618 1191 bellica

209 1236 320 1332 ipsius
334 1239 601 1334 propugnaculis
617 1241 848 1334 comminutis,
865 1240 923 1314 die
940 1239 992 1338 (t)
997 1293 1323 1313 .........
1341 1240 1378 1312 in
1395 1249 1566 1314 momento
1585 1249 1620 1314 et

211 1362 281 1434 ictu
307 1362 397 1434 oculi
417 1363 508 1436 lacto
526 1382 712 1456 congressu
738 1363 937 1437 inflamma
961 1375 996 1436 et
1023 1361 1140 1458 gladio
1167 1372 1284 1436 noster
1305 1359 1392 1436 illud
1414 1364 1620 1438 victoriosus

211 1484 304 1580 oepit
315 1485 506 1576 exercitus,
525 1486 696 1558 universis
720 1487 782 1581 qui
801 1487 850 1559 ibi
872 1489 1009 1560 luerent
1027 1496 1061 1558 et
1075 1495 1261 1582 potuerunt
1277 1485 1451 1558 flammam
1468 1509 1530 1560 seu
1546 1489 1620 1581 gla-

212 1605 311 1680 dium
328 1609 480 1682 evssisse
503 1618 620 1683 nostro
638 1612 766 1684 carceri
783 1611 1006 1706 consignatis,
1029 1631 1071 1682 ac
1086 1611 1192 1682 misso
1211 1632 1291 1683 cum
1309 1611 1448 1706 copioso
1464 1611 1621 1684 exercitu

212 1729 339 1805 dilecto
360 1731 432 1805 lilio
460 1743 577 1807 nostro
598 1734 725 1807 Hensio
746 1753 829 1826 rege
853 1734 1011 1808 Sardinia
1035 1743 1075 1806 ut
1097 1733 1227 1806 abinde
1250 1733 1413 1829 predictis
1436 1733 1620 1807 rebellibus

212 1854 336 1926 nostris
363 1854 497 1927 insistat
522 1854 569 1927 ad
598 1854 903 1952 depopulationem
933 1855 1132 1930 continuam
1155 1855 1373 1944 eorumdem,
1393 1877 1472 1928 cum
1496 1855 1622 1929 habeat

211 1975 467 2050 multitudinem
484 1987 711 2072 armatorum
733 2000 797 2060 nos
820 1977 879 2051 die
881 2031 1133 2051 .......
1154 1977 1313 2052 felicibus
1326 1978 1489 2074 auspiciis
1511 1988 1622 2054 castra

211 2101 450 2194 movebimus,
478 2101 526 2174 ad
550 2101 799 2176 conterendum
826 2110 932 2198 caput
960 2101 1102 2198 perfidie
1130 2100 1363 2175 Mediolanum
1390 2101 1564 2176 civitatem
1588 2112 1623 2177 et

211 2223 259 2299 ad
276 2224 493 2299 liberandum
510 2247 632 2300 omnes
645 2226 767 2301 fideles
779 2237 914 2301 nostros
927 2235 1094 2324 perpetuo
1112 2226 1317 2300 amorsibus
1329 2225 1529 2300 eorumdem
1543 2249 1622 2323 pro·

213 2349 342 2422 cessuri
357 2358 427 2421 tam
445 2350 599 2423 celeriter
617 2371 722 2444 quarn
735 2360 902 2446 potenter.
922 2351 1112 2445 Eapropter
1123 2349 1323 2423 fidelitatem
1331 2359 1499 2440 veauam,
1512 2373 1621 2446 quum

210 2480 246 2546 et
260 2473 381 2547 eximii
405 2473 539 2546 ardoris
562 2475 673 2546 zelum
695 2475 742 2548 ad
766 2485 901 2548 nostros
927 2493 1108 2546 successus
1130 2493 1313 2568 prosperos
1337 2474 1443 2546 etad
1467 2485 1621 2548 nostrum

208 2595 343 2670 felicem
366 2595 555 2672 adventum
580 2596 736 2671 ardentia
759 2598 889 2670 scimus
909 2595 1081 2670 desideria
1105 2617 1243 2688 gerere,
1269 2594 1497 2691 deprecamur
1517 2599 1622 2668 man-

209 2720 334 2795 dantes
345 2731 516 2815 quatanus
527 2721 758 2795 incontinenti
774 2721 824 2794 sic
842 2721 935 2794 viras
955 2731 1089 2794 vestras
1109 2719 1270 2794 decenter
1286 2719 1411 2815 paretis
1424 2729 1460 2792 et
1478 2719 1524 2794 ad
1537 2742 1622 2795 nos·
1764 2737 1766 2744 ’

208 2852 301 2916 trum
315 2844 538 2917 victoriosum
557 2846 748 2917 exercitum
767 2867 847 2918 cum
863 2844 1028 2919 laudabili
1048 2853 1258 2918 armatorum
1274 2865 1419 2917 numero
1437 2845 1513 2918 eina
1525 2867 1621 2919 mora

208 2967 363 3061 qualibet
373 2968 524 3056 exeatis,
539 2969 634 3040 sicut.
644 2967 765 3040 honori
781 2977 897 3041 nostro
915 2969 951 3039 in
966 2966 1106 3039 instanti
1125 2967 1265 3060 negotio
1282 2988 1324 3038 ac
1341 2967 1466 3040 vestris
1487 2989 1619 3062 eogno-

208 3090 305 3162 scitis
325 3091 455 3162 meritis
485 3091 669 3187 expedire;
691 3093 742 3164 sic
767 3092 921 3165 celeriter
934 3091 1112 3164 venientes
1128 3100 1168 3162 ut
1194 3111 1274 3163 oum
1299 3091 1496 3182 veniemus,
1525 3093 1621 3168 nulla

208 3213 410 3308 interposita
437 3215 600 3288 dilatione
625 3237 695 3286 nna
718 3215 902 3288 vobiscum
918 3213 965 3311 (c)
981 3224 1017 3287 et
1037 3236 1117 3288 cum
1140 3214 1217 3286 aliis
1244 3211 1405 3288 fidelibus
1428 3217 1554 3289 nostris
1576 3217 1622 3291 de

209 3337 366 3432 partibus
377 3337 463 3434 ipsis
480 3337 527 3412 ad
541 3339 847 3412 consternationem
865 3339 1047 3412 rebellium
1066 3338 1318 3434 triumphaliter
1332 3339 1569 3434 intendamus,
1586 3351 1622 3414 et

210 3461 261 3535 sic
274 3461 435 3534 allectum
453 3470 607 3535 vestrum
623 3483 729 3556 quem
753 3461 799 3536 ad
816 3461 1085 3535 destructionem
1105 3463 1337 3534 communium
1354 3461 1504 3536 hostium
1522 3472 1557 3537 et
1574 3464 1620 3538 ad

209 3593 361 3658 nostram
377 3595 412 3658 et
426 3585 562 3679 imperii
579 3585 822 3658 exaltationem
839 3585 992 3678 habetis,
1012 3606 1075 3680 per
1092 3585 1284 3658 testimonia
1305 3607 1448 3680 operum
1466 3587 1620 3662 debono

211 3707 248 3780 in
266 3709 389 3780 melius
402 3727 671 3800 cognoscamus,
696 3716 736 3778 ut
751 3707 853 3780 vobis
874 3707 958 3781 inde
982 3707 1110 3782 nedum
1134 3707 1182 3781 ad
1206 3707 1345 3801 laudes,
1371 3709 1434 3782 sed
1458 3711 1505 3785 ad
1523 3721 1620 3806 grata

210 3831 408 3905 meritorum
422 3829 628 3926 compendia
644 3827 689 3903 de
702 3840 817 3903 nostra
834 3831 1006 3927 possimus
1022 3829 1255 3905 munificentia
1272 3831 1493 3928 respondere.

251 4023 296 4106 (a)
316 4024 374 4103 Ap.
388 4025 521 4086 Martsne
535 4024 700 4105 Crcrpntor,
713 4025 801 4089 malo.

250 4127 293 4210 (b)
314 4131 427 4192 Ibidem
439 4128 637 4212 prradmplcc,
652 4134 752 4193 mlnus
763 4137 852 4194 recto.

251 4233 290 4318 (c)
310 4237 369 4316 Ap.
383 4236 518 4300 ldartcne
530 4235 685 4312 emaum,
697 4240 798 4300 miuus
810 4241 896 4300 recte

248 4557 286 4632 (tl
304 4556 412 4617 Scilicet
422 4560 457 4616 tt
470 4559 585 4633 augusti,
599 4563 631 4617 ut
643 4573 725 4634 supra
736 4557 862 4630 diximus,
877 4575 906 4633 p.
917 4559 979 4616 aot.

288 4801 325 4864 V.
