4224 5898
475 559 535 620 arc
944 582 946 590 ι
976 547 1190 609 nnrnnnrcr
1215 547 1390 610 sncunnr
1701 549 1780 634 pam
1803 553 1888 616 1233,
1973 639 1976 644 1

473 703 554 766 sunt
566 689 709 770 babere,
733 684 815 776 quia
834 691 1010 755 senatores
1023 683 1212 776 aliquando
1226 685 1325 754 electi
1339 683 1600 778 perpotentiam
1613 684 1889 760 adversariorum

472 837 531 888 eos
549 809 724 883 offendere
742 804 1015 894 contendebant,
1031 807 1165 878 astabat
1179 805 1372 879 defensioni
1391 827 1530 896 eorum,
1551 807 1785 882 sientlastarct
1801 832 1890 904 quo-

471 940 537 1010 ties
557 937 591 1006 in
618 931 788 1004 similibus
812 929 1006 1022 expediret.
1037 931 1197 1002 Cessante
1219 950 1302 1006 uero
1326 951 1453 1020 cansa,
1481 929 1649 1004 videlicet
1674 931 1771 1026 qnod
1798 933 1889 1005 alins

471 1065 608 1132 senator
625 1050 853 1125 communiter
865 1051 996 1122 electus
1010 1051 1089 1140 luit,
1109 1052 1257 1123 cessavit
1280 1050 1431 1123 turbatio
1452 1027 1671 1146 supradicta,
1690 1063 1792 1148 prout
1807 1075 1888 1127 con·

471 1190 539 1254 stat
550 1178 595 1248 de
615 1175 663 1247 rei
679 1172 854 1245 evidentia
871 1193 916 1244 ex
931 1174 1126 1245 testimonio
1141 1173 1455 1246 Panormitnneneis
1468 1183 1503 1246 et
1515 1175 1742 1248 Messanensis
1757 1177 1889 1250 archie-

471 1305 704 1400 piscoporum.
716 1295 895 1388 Propcrr‘tio
902 1298 1046 1368 Ecclesia
1057 1321 1070 1366 .·
1081 1299 1132 1368 De
1142 1318 1184 1368 eo
1200 1295 1297 1390 quod
1312 1296 1492 1369 mandavit
1504 1295 1715 1389 quibusdam
1730 1295 1889 1370 fidelibus

471 1427 544 1500 suis
564 1431 602 1494 ut
628 1420 811 1514 episcopus
830 1420 1051 1492 Prenestinns
1075 1421 1260 1515 apostolice
1283 1419 1378 1492 sedis
1399 1421 1533 1512 legatus
1556 1419 1781 1491 detineretur.
1802 1423 1891 1492 ller-

466 1548 581 1644 poner'o
594 1543 799 1636 imperatorie
814 1543 945 1636 :Super
964 1541 1127 1614 mandato
1142 1541 1352 1614 detentionis
1366 1542 1523 1638 episcopi
1534 1544 1727 1615 Prenestini
1745 1565 1889 1640 respon·

472 1673 523 1744 dit
539 1665 634 1763 quod
651 1687 829 1759 nunquam
848 1664 1029 1738 mandavit
1042 1687 1107 1738 nec
1120 1665 1224 1738 etiam
1243 1665 1282 1737 id
1300 1666 1488 1739 somniavit
1502 1664 1664 1738 dominus
1683 1666 1884 1762 imperator,

471 1811 673 1890 quanquam
691 1787 737 1860 de
756 1809 799 1861 eo
822 1788 860 1860 id
879 1789 974 1880 juste
993 1789 1105 1862 lacere
1125 1789 1294 1882 potuisset
1318 1798 1484 1883 tanquam
1507 1787 1552 1861 de
1569 1787 1710 1860 inimico
1726 1811 1804 1863 suo.
1821 1791 1888 1877 Qui

471 1919 548 1990 licet
563 1913 687 1985 missus
706 1932 767 2005 per
785 1909 967 1983 dominum
985 1933 1107 2005 papam
1126 1922 1289 2005 tanquam
1309 1912 1365 1983 vir
1379 1913 1574 2006 religiosus,
1594 1921 1707 1985 tamar
1726 1912 1771 1986 de
1786 1935 1889 1986 man-

472 2039 553 2113 dato
570 2034 701 2109 domini
720 2055 828 2129 pape,
848 2043 888 2106 ut
917 2034 991 2128 ipae
1009 2034 1117 2122 dixit,
1144 2033 1389 2107 Lombardiam
1413 2057 1476 2130 pro
1493 2056 1620 2130 magna
1647 2045 1745 2131 parte
1769 2045 1889 2110 contra

472 2159 651 2234 dominum
666 2157 905 2252 imperatorem
920 2157 1042 2230 callide
1055 2167 1090 2230 et
1104 2158 1298 2253 perniciose
1311 2159 1485 2230 subvertit
1497 2169 1538 2262 et
1545 2158 1755 2232 lombardos
1769 2169 1888 2232 contra

471 2285 585 2378 ipsum
602 2291 770 2374 qnantum
789 2280 901 2374 potuit
918 2281 1097 2353 animavit.
1115 2283 1299 2374 Proporitt'o
1312 2283 1458 2354 Ecclesia
1471 2281 1594 2368 :Quod
1610 2305 1672 2378 per
1685 2305 1765 2354 eum
1778 2283 1889 2378 impc-

471 2410 565 2481 ditur
583 2405 762 2497 negotium
781 2405 884 2476 Terre
906 2405 1030 2476 Sancto
1054 2405 1233 2478 occasione
1254 2406 1429 2482 discordie
1445 2429 1551 2500 quarn
1574 2407 1678 2480 babet
1698 2429 1778 2478 cum
1801 2408 1888 2501 qui-

470 2530 619 2604 busdam
639 2527 860 2616 Lombardis;
880 2550 958 2598 cum
977 2539 1091 2621 parata
1109 2530 1153 2600 sit
1168 2531 1321 2602 Ecclesia
1338 2530 1422 2602 dare
1437 2551 1538 2624 opem
1558 2542 1592 2602 et
1613 2551 1754 2625 operam
1772 2531 1886 2604 effica-

472 2677 545 2728 cem
563 2663 601 2724 ut
621 2652 687 2723 sibi
710 2661 745 2722 et
761 2651 879 2723 honori
897 2651 1031 2746 imperii
1046 2675 1150 2748 super
1173 2653 1227 2725 bis
1243 2675 1312 2746 qno
1331 2654 1513 2726 commissa
1536 2665 1617 2726 sunt
1636 2664 1753 2726 contra
1769 2675 1887 2727 eume

472 2776 671 2850 Lombardis
690 2796 844 2868 congrue
860 2775 1020 2864 satisfiat,
1041 2787 1075 2848 et
1102 2777 1286 2850 Lombardi
1304 2777 1369 2872 ipsi
1390 2777 1436 2850 ad
1459 2777 1525 2849 boc
1543 2777 1655 2871 ipsum
1672 2779 1741 2850 sint
1763 2800 1888 2874 prepa-

472 2902 535 2974 rati
556 2928 565 2970 :
585 2908 764 2972 moneatur
779 2921 884 2993 super
902 2900 956 2970 his
974 2901 1135 2972 omnibus
1154 2909 1188 2973 et
1203 2922 1408 2995 responsum
1435 2903 1512 2994 ejus
1537 2899 1750 2994 significetur
1769 2902 1885 2974 nobis.

472 3027 646 3117 Responsio
666 3025 851 3118 imperialis
868 3025 1003 3118 :Super
1019 3025 1157 3117 negotio
1180 3025 1385 3096 Lombardie
1402 3023 1496 3096 dixit
1515 3025 1679 3097 domiuus
1703 3026 1891 3120 imperator

472 3148 567 3242 quod
589 3147 676 3219 illud
696 3149 869 3220 multoties
885 3147 1055 3220 commisit
1068 3147 1238 3236 Ecclesia,
1253 3169 1318 3219 nec
1339 3147 1422 3220 inde
1434 3159 1487 3219 est
1503 3148 1645 3241 aliquod
1667 3149 1889 3222 commodum

472 3279 678 3365 assequtus:
696 3271 762 3342 nisi
781 3269 877 3364 quod
895 3271 1006 3364 prima
1027 3270 1103 3342 vice
1120 3270 1340 3342 condemnati
1358 3281 1440 3342 sunt
1454 3271 1637 3344 Lombardi
1661 3271 1698 3342 in
1719 3272 1889 3365 quadrin-

471 3396 584 3490 gentis
605 3395 769 3466 militibus
785 3416 873 3487 quos
898 3393 1061 3466 domiuus
1077 3415 1167 3488 papa
1186 3395 1245 3465 tali
1264 3393 1367 3466 modo
1385 3396 1465 3466 lecit
1487 3395 1519 3466 ai
1544 3395 1651 3477 solvi,
1671 3396 1769 3489 quod
1793 3397 1888 3490 ipsos

472 3529 590 3592 contra
610 3520 724 3613 ipsum
752 3518 991 3612 imperatorem
1016 3517 1107 3588 misit
1131 3518 1167 3587 in
1194 3539 1352 3610 regnum.
1378 3519 1537 3591 Secunda
1562 3522 1640 3590 vice
1662 3518 1886 3591 condemnati

471 3642 602 3712 suntin
624 3639 823 3734 quingentis
842 3639 1010 3710 militibus
1027 3659 1115 3731 qnos
1138 3659 1205 3710 non
1229 3639 1424 3732 imperatori
1447 3648 1683 3732 contraquam
1701 3639 1885 3712 commissa

472 3773 545 3836 erat
570 3763 712 3855 injuria,
741 3763 803 3836 sed
826 3763 892 3834 sub
919 3762 1130 3856 protectione
1153 3773 1187 3834 et
1214 3761 1261 3833 ad
1285 3762 1546 3856 requisitionem
1573 3761 1705 3834 domini
1732 3783 1821 3856 pape
1850 3771 1887 3836 et

470 3887 621 3959 Ecclesia
642 3909 711 3980 que
732 3886 860 3958 cll'ensa
884 3906 955 3957 non
981 3893 1055 3957 erat
1072 3887 1159 3956 ultra
1183 3905 1276 3956 mare
1297 3885 1479 3958 transmitti
1503 3885 1759 3980 pronuntiavit,
1787 3885 1885 3979 quod

470 4011 573 4083 ctiam
591 4031 767 4103 nunqnam
791 4011 918 4081 lactum
947 4009 1022 4079 luit.
1048 4009 1159 4080 Tertia
1182 4008 1258 4080 vice
1285 4008 1330 4080 ad
1352 4009 1608 4102 requisitionem
1634 4007 1881 4101 cardinalium,

469 4133 780 4226 scilicetquondam
794 4132 945 4226 episcopi
956 4131 1154 4203 Sabinensis
1166 4141 1200 4202 ct
1209 4131 1362 4224 magistri
1372 4132 1461 4203 Petri
1472 4131 1516 4204 de
1527 4131 1656 4227 Capua,
1667 4132 1781 4226 plene,
1794 4131 1885 4205 sicut

470 4258 630 4330 dominus
649 4279 738 4352 papa
753 4257 915 4348 dictavit,
940 4256 1162 4328 commissum
1189 4256 1253 4326 luit
1276 4256 1407 4329 dictum
1424 4256 1601 4348 negotium
1618 4256 1791 4347 Ecclesia,
1819 4277 1884 4327 nec

469 4403 622 4474 unquam
639 4391 754 4474 postea
767 4381 811 4453 de
825 4380 891 4453 hoc
905 4381 970 4452 luit
985 4381 1145 4469 verbum,
1161 4379 1226 4450 nisi
1241 4379 1383 4472 quando
1396 4379 1558 4452 dominus
1570 4401 1662 4474 papa
1676 4381 1772 4452 novit
1787 4377 1882 4473 quod

468 4506 652 4600 imperator
672 4518 853 4600 postquam
873 4507 905 4576 ei
929 4505 1027 4577 toties
1047 4506 1160 4576 luerat
1181 4504 1334 4595 illusum,
1355 4503 1567 4578 descendere
1583 4527 1663 4576 cum
1685 4505 1837 4576 exercitu
1859 4524 1881 4575 a

467 4629 645 4700 Germania
665 4629 701 4700 in
714 4629 847 4702 ltaliam
865 4627 1085 4724 separabat,
1108 4637 1143 4700 et
1164 4638 1245 4700 tunc
1267 4625 1433 4701 instanter
1451 4629 1549 4725 petiit
1565 4629 1682 4702 denno
1702 4627 1877 4722 negotium
