4350 5922
229 635 323 695 herm.
340 627 401 714 lo]
671 621 867 696 lttsfottla
892 616 1181 682 ntrnottttftctt.

458 907 502 918 .-
505 905 940 918 ·--nnn—-a—-n———u—--u--t
944 897 1415 914 -ι--ι-...μ--ιι--Ι-ῠ-ΰ

281 1175 516 1282 fridericus,
575 1175 835 1258 Romanorum
888 1172 1112 1280 imperator,
1154 1168 1384 1253 monasterio
1438 1165 1633 1252 Metmensi

233 1307 407 1414 (Metten)
435 1306 676 1416 privilegium
703 1332 727 1386 a
751 1303 936 1414 Luipoldo
968 1305 1163 1414 quondam
1196 1304 1293 1384 duce
1322 1300 1496 1384 Austriae
1533 1323 1634 1382 auno

237 1441 353 1548 1198,
376 1441 425 1522 18
445 1438 613 1548 augusti,
633 1463 857 1520 concessum
875 1436 1074 1520 inserendo
1093 1443 1249 1519 renovat
1266 1443 1303 1517 et
1320 1433 1531 1516 confirmet.

310 1671 406 1751 (Edit.
420 1689 469 1748 ap.
491 1669 779 1746 monantulam.
799 1671 903 1750 Xl,p
925 1678 1000 1744 44³3
1019 1669 1165 1748 pendebat
1182 1667 1313 1747 sigillum
1328 1665 1387 1728 nus
1401 1667 1499 1728 sertcls
1516 1664 1588 1725 navt
1606 1669 1636 1724 et

348 1778 431 1840 rubrt
443 1778 549 1839 colons
559 1775 768 1856 tmpllcetum.)

278 1981 492 2070 fridericus,
506 1981 570 2054 Dei
584 1981 696 2074 gratia
717 1981 947 2054 Romanorum
962 1981 1145 2076 imperator
1164 1999 1302 2074 semper
1317 1986 1506 2072 augustus,
1530 1977 1637 2050 leru-

233 2107 336 2180 salem
360 2115 396 2179 et
411 2105 526 2180 Sicilie
549 2127 625 2178 rex.
650 2106 784 2178 Teuore
801 2106 1015 2200 presentium
1040 2113 1161 2180 uotum
1184 2103 1261 2177 fieri
1278 2104 1441 2176 volumus
1465 2100 1637 2173 universis

234 2229 369 2323 imperii
387 2228 550 2302 fidelibus
567 2237 637 2300 mm
662 2229 880 2324 presentibus
904 2251 1010 2323 quam
1028 2229 1152 2302 futuris
1175 2227 1272 2322 quod
1296 2229 1417 2300 fratres
1439 2223 1638 2298 lletmeusis

234 2349 432 2426 monasterii
448 2353 496 2426 ad
512 2361 664 2426 nostram
678 2353 810 2425 curiam
829 2353 1034 2426 accedentes
1050 2351 1228 2446 quoddam
1243 2351 1405 2446 scriptum
1420 2371 1442 2421 a
1456 2350 1548 2421 clare
1561 2367 1639 2419 me·

234 2477 342 2549 morie
356 2474 540 2571 Luitpoldo
561 2474 737 2569 quondam
759 2475 849 2549 duce
872 2474 1011 2548 Austris
1029 2476 1111 2570 ipsis
1128 2476 1312 2548 clementer
1329 2472 1499 2544 indultum
1524 2479 1639 2544 nostro

235 2600 376 2673 culmini
393 2607 644 2694 presentarunt,
660 2599 836 2673 humiliter
851 2600 1084 2694 supplicantes
1095 2609 1134 2670 ut
1151 2599 1315 2693 scripturn
1329 2596 1523 2692 predictum
1540 2615 1640 2668 reno·

233 2745 318 2796 vare
339 2733 374 2796 et
398 2723 444 2796 de
457 2731 575 2796 nostra
596 2720 800 2796 confirmare
824 2724 1006 2797 clementia
1026 2723 1265 2816 dignaremur3
1291 2724 1391 2816 cujus
1409 2721 1525 2815 scripti
1546 2728 1641 2791 tenor

233 2847 403 2918 tulisset:

282 2971 320 3040 ln
344 2970 484 3042 nomine
505 2978 624 3042 sancte
646 2978 681 3042 et
698 2969 879 3042 individue
903 2970 1088 3042 Trinitatis.
1116 2969 1322 3064 Luipoldue,
1350 2969 1413 3040 Dei
1435 2968 1544 3062 gratia
1566 2968 1658 3040 dur

234 3091 370 3164 Austris
388 3102 421 3165 et
440 3093 570 3189 Styrie,
592 3093 752 3164 omuibus
769 3093 894 3164 Christi
909 3092 1069 3165 fidelibus
1083 3094 1229 3164 salutem
1247 3093 1283 3162 in
1301 3102 1516 3188 perpetuum.
1534 3093 1642 3164 Bene·

234 3215 417 3288 volentiam
446 3235 553 3309 quam
584 3217 790 3306 generaliter
820 3215 867 3288 ad
896 3217 1060 3288 ecclesias
1089 3216 1253 3310 virosque
1280 3216 1458 3308 religiosos
1487 3225 1521 3287 et
1546 3235 1643 3288 sacra

236 3338 392 3432 undique
413 3341 488 3412 loun
514 3338 704 3411 extendere
736 3338 921 3432 debemus,
949 3341 1101 3412 eeclesiis
1114 3335 1173 3411 'ad
1202 3359 1265 3412 nos
1292 3339 1527 3434 spectantibus
1547 3347 1642 3410 tauto

235 3461 427 3556 promptius
438 3461 640 3556 impendere
654 3461 821 3534 debemus
836 3471 966 3557 quanto
977 3465 1199 3536 familiariore
1211 3465 1289 3556 jure
1304 3462 1457 3535 adstricti
1469 3483 1533 3535 uos
1543 3463 1643 3535 vohis

235 3604 312 3656 esse
330 3583 503 3656 videmur.
522 3585 575 3656 Eo
599 3585 702 3678 igitur
723 3585 849 3656 iutuitu
872 3587 1051 3659 lletmensi
1068 3587 1213 3659 ecclesie
1239 3609 1344 3680 wana
1362 3586 1493 3658 ratione
1511 3585 1643 3658 funda-

236 3707 337 3779 tionis
356 3708 475 3801 majori
492 3707 728 3780 delectationis
745 3708 870 3781 affectu
888 3709 1049 3804 amplecti
1064 3709 1231 3782 debemus
1249 3708 1476 3802 ejusdemque
1496 3710 1643 3782 ecclesie

237 3831 396 3903 fratribus
413 3831 449 3902 iu
468 3831 731 3905 transduceudis
749 3832 849 3905 bouis
867 3833 1021 3928 ipsorum
1039 3833 1134 3928 apud
1153 3833 1313 3906 thelonea
1331 3833 1406 3906 sive
1428 3841 1542 3906 mutas
1559 3855 1642 3906 nos·

236 3962 305 4026 tras
323 3953 392 4027 hoc
405 3954 517 4048 ipsum
528 3955 618 4046 juris
634 3954 839 4029 donavimus
855 3956 952 4050 quod
971 3979 992 4028 a
1010 3957 1111 4028 beate
1129 3959 1293 4030 memorie
1312 3967 1409 4051 patre
1425 3967 1540 4030 nostro
1554 3957 1643 4030 duce

236 4075 403 4171 liupoldo
421 4078 594 4172 fratreque
605 4087 719 4150 nostro
733 4078 823 4150 duce
841 4078 1018 4152 Friderico
1035 4079 1248 4173 habueruut,
1266 4103 1345 4153 eum
1362 4091 1396 4153 et
1414 4102 1478 4154 nos
1489 4081 1525 4152 in
1544 4081 1643 4154 bonis

238 4198 372 4272 actibus
402 4221 462 4272 eos
493 4201 617 4273 imitari
652 4202 851 4296 cupiamus,
887 4203 1046 4276 videlicet
1079 4215 1119 4276 ut
1145 4206 1290 4296 singulis
1317 4206 1416 4278 annis
1444 4205 1643 4302 supradicte

238 4322 383 4396 ecclesie
409 4323 528 4396 fratres
557 4346 621 4420 pro
652 4326 813 4398 omnibus
842 4327 944 4398 bouis
971 4328 1124 4422 ipsorum
1154 4351 1224 4422 que
1253 4329 1347 4424 apud
1369 4337 1483 4402 mutas
1510 4339 1643 4403 nostras

239 4444 508 4517 transducuntur
539 4449 678 4520 nonnisi
705 4449 830 4522 XXXII
858 4473 1020 4524 nummos
1050 4451 1143 4546 apud
1172 4453 1287 4526 Steine
1317 4464 1351 4525 et
1379 4454 1519 4527 totidem
1549 4453 1644 4548 apud

240 4565 404 4661 lpspurch
428 4570 483 4640 vel
509 4591 729 4665 quocumque
754 4582 849 4646 muta
876 4585 991 4647 nostra
1013 4577 1235 4650 transferatur
1264 4579 1473 4672 persolvant.
1499 4565 1644 4673 Insuper
1721 4545 1732 4574 ι

241 4686 343 4762 Anasi
356 4692 452 4786 apud
464 4703 591 4766 mutam
605 4704 754 4768 nostram
769 4717 839 4791 que
856 4697 1137 4772 diciturFurvart
1152 4700 1316 4795 singulari
1331 4710 1446 4775 nostra
1457 4702 1642 4776 donatione
