4224 5898
486 639 547 702 314
984 643 1197 706 FlllllElllCl
1222 641 1397 704 sucuttut
1709 643 1789 720 [llum
1809 641 1892 704 1239.

485 773 530 846 de
546 774 752 869 Transaquis
766 785 800 848 et
816 776 978 850 domiuus
993 779 1167 851 Massams
1185 777 1386 851 detinebant
1402 777 1541 869 injuste,
1555 797 1688 850 necnon
1703 775 1749 849 de
1765 775 1894 850 honore

484 897 662 970 baroniea
678 897 769 970 dicto
787 897 929 973 domino
947 901 1128 996 Raynaldo
1146 901 1264 973 illicite
1281 909 1445 994 usurpato
1462 899 1646 994 diligenter
1664 900 1890 992 inquirerem,

483 1030 517 1094 et
535 1021 566 1092 si
581 1020 670 1112 juris
694 1043 769 1094 esse
788 1021 861 1095 fisci
889 1024 1061 1098 celebrata
1085 1023 1291 1119 reperiretur
1315 1022 1484 1117 cognitio,
1500 1022 1546 1095 ad
1570 1021 1769 1095 demanium
1786 1045 1893 1096 revo-

484 1166 612 1218 carem.
631 1143 687 1218 Ad
700 1146 799 1236 cujus
818 1147 1061 1220 executionem
1078 1147 1233 1218 mandati
1252 1146 1364 1220 dictos
1385 1144 1541 1218 dominos
1556 1145 1596 1216 ll.
1618 1155 1653 1217 et
1665 1147 1713 1218 Μ.
1731 1145 1793 1238 qui
1810 1168 1892 1240 pre-

482 1277 598 1341 sentes
617 1279 715 1340 erant
739 1269 889 1343 incuria
911 1270 1095 1364 requisivi,
1115 1278 1150 1343 et
1171 1271 1222 1342 eis
1243 1267 1544 1342 denunciationem
1565 1268 1676 1364 ipsam
1698 1269 1833 1342 ostendi
1858 1281 1891 1342 et

481 1392 567 1485 legi,
588 1401 627 1462 ut
644 1392 674 1464 si
700 1391 840 1464 tenendi
860 1391 1015 1487 predicta
1032 1391 1125 1466 bona
1148 1395 1278 1486 justam
1295 1413 1435 1466 causam
1460 1391 1590 1464 babere
1616 1390 1815 1478 crederent,
1835 1394 1889 1465 sui

477 1515 565 1608 juris
584 1515 705 1590 tuendi
725 1536 866 1588 causam
882 1516 1104 1590 ostenderent
1115 1527 1150 1589 et
1166 1515 1359 1608 firmarent;
1376 1537 1480 1611 super
1494 1536 1658 1609 quocum
1675 1516 1888 1590 deliberandi

480 1640 664 1712 terminum
689 1641 939 1733 quesivissent,
969 1651 1047 1736 post
1076 1640 1358 1714 deliberationem
1384 1639 1554 1712 indultam
1579 1649 1615 1710 et
1640 1639 1795 1711 habitam
1817 1661 1888 1712 res·

478 1761 676 1854 ponderunt
701 1761 797 1854 quod
818 1762 970 1856 predicta
987 1763 1150 1836 tenebant
1172 1785 1234 1860 per
1256 1763 1388 1835 curiam
1410 1771 1444 1834 et
1463 1761 1713 1834 rationabiliter
1731 1764 1887 1856 posside·

478 1885 562 1958 bant
579 1893 615 1958 et
628 1885 737 1980 parati
762 1895 860 1957 eraut
882 1885 1064 1960 ostendere
1089 1908 1205 1960 coram
1228 1885 1411 1992 justitiario
1435 1885 1586 1978 regionis
1608 1883 1669 1956 nbi
1694 1895 1776 1959 nota
1794 1887 1886 1958 teeti-

477 2007 594 2080 monia
611 2017 646 2079 et
666 2017 785 2081 vetera
809 2017 966 2103 poterant
986 2007 1195 2082 documenta
1216 2018 1380 2103 prestare.
1401 2007 1502 2093 Quod
1522 2009 1606 2102 quia
1627 2007 1710 2102 ipsis
1736 2017 1772 2081 et
1792 2011 1886 2083 curie

476 2131 660 2205 videbatur
676 2129 862 2226 expedire,
880 2153 923 2204 eo
940 2131 1038 2228 quod
1051 2132 1088 2204 in
1100 2131 1305 2205 Lumbardie
1315 2131 1472 2228 partibus
1484 2130 1607 2210 instrui
1623 2130 1767 2204 comode
1780 2153 1884 2206 causa

475 2255 632 2352 predicta
652 2277 721 2327 non
748 2265 900 2350 poterat,
929 2255 1070 2329 domino
1093 2257 1136 2327 Η.
1162 2255 1208 2328 de
1227 2255 1474 2330 lllontelnscolo
1493 2261 1576 2325 tunc
1598 2253 1764 2350 imperiali
1781 2257 1881 2347 justi·

475 2379 575 2452 tiario
596 2385 748 2450 contrate
768 2378 861 2450 illius
879 2379 1100 2452 commissum
1118 2387 1170 2451 est
1185 2377 1232 2451 de
1245 2377 1413 2472 imperiali
1425 2376 1588 2448 mandato
1605 2388 1645 2447 ut
1663 2377 1881 2470 probationes

474 2501 643 2574 dictorum
669 2501 888 2574 dominorum
910 2501 951 2574 u.
980 2512 1014 2574 et
1035 2503 1082 2574 Μ.
1111 2500 1265 2593 audiret;
1293 2499 1367 2573 fisci
1395 2499 1554 2572 ordinato
1579 2511 1798 2595 procuratore
1818 2523 1881 2596 pro

473 2633 571 2718 parte
584 2623 693 2714 curie,
716 2624 777 2716 qui
796 2621 870 2696 lisci
894 2645 1034 2696 causam
1060 2624 1254 2710 instrueret,
1278 2631 1314 2694 et
1337 2621 1611 2695 adversariorum
1633 2622 1880 2696 intentionibus

473 2747 708 2842 responderet.
731 2747 809 2819 Fuit
830 2749 1023 2840 injunctum
1044 2749 1147 2821 etiam
1166 2747 1352 2840 justitiario
1375 2745 1573 2842 supradicto
1597 2757 1636 2818 ut
1658 2746 1785 2820 auditis
1805 2769 1878 2820 orn·

471 2871 575 2944 nibus
586 2871 647 2964 qui
663 2892 804 2944 causam
817 2871 1064 2966 contingerent,
1078 2869 1189 2966 ipsam
1202 2871 1301 2964 plene
1316 2869 1518 2944 instructam
1532 2869 1727 2944 remlcterct
1735 2870 1771 2940 in
1783 2872 1878 2944 curia

472 2993 716 3068 decidendam.
738 2993 806 3079 Qui
822 2993 1028 3087 justitiarius
1050 3016 1130 3066 cum
1156 2993 1338 3088 diligenter
1360 2993 1495 3066 lecisset
1512 2993 1705 3066 secundum
1727 2996 1879 3070 mandati

469 3118 631 3190 sibilacti
648 3129 816 3208 tenorem,
831 3125 865 3190 et
876 3115 1110 3214 predictorum
1122 3117 1341 3190 dominorum
1354 3119 1411 3209 ll.,
1427 3117 1466 3188 Β.
1484 3118 1627 3189 fratrum
1638 3127 1673 3190 et
1683 3118 1730 3190 Μ.
1743 3139 1876 3192 necnon

470 3251 506 3314 et
524 3241 752 3336 procuratoris
769 3240 864 3312 curie
888 3240 1107 3336 probationes
1125 3241 1427 3312 instrumentorum
1445 3250 1480 3311 et
1492 3241 1630 3312 testium
1649 3241 1831 3335 recepisset
1843 3252 1877 3313 et

467 3363 514 3438 ad
525 3364 738 3458 imperialem
751 3363 882 3436 curiam
894 3363 1097 3436 destinasset
1110 3363 1206 3460 apud
1216 3362 1382 3450 Paduam,
1395 3363 1457 3436 ubi
1469 3371 1567 3434 erant
1575 3363 1807 3458 predictomm
1816 3365 1872 3450 ll.,

467 3487 507 3558 B.
524 3495 558 3559 et
570 3485 616 3558 M.
629 3495 865 3580 procuratores
879 3485 941 3580 qui
954 3495 1128 3581 presentes
1139 3485 1283 3558 aderant
1299 3496 1334 3559 et
1346 3485 1507 3558 dominus
1518 3487 1558 3557 B.
1573 3497 1772 3580 procurator
1785 3487 1870 3576 lisci,

468 3604 576 3708 [cum]
586 3631 690 3704 super
702 3609 857 3704 probatis
867 3618 901 3680 et
912 3630 1072 3704 processu
1086 3618 1157 3682 toto
1170 3619 1271 3704 prout
1287 3609 1396 3706 ipsius
1410 3630 1514 3682 cause
1525 3619 1646 3681 natura
1657 3611 1874 3704 subgesserat

467 3733 655 3826 allegarent
674 3754 737 3826 per
759 3753 829 3826 que
854 3743 973 3806 contra
990 3731 1064 3805 lisci
1083 3743 1335 3828 procuratorem
1354 3733 1550 3804 nitebantur
1572 3733 1679 3826 probe
1694 3733 1873 3806 ostendere

466 3855 563 3951 quod
576 3855 622 3930 de
638 3855 806 3951 imperiali
822 3855 985 3930 mandato
1002 3857 1091 3928 lacto
1113 3856 1254 3930 domino
1270 3855 1312 3926 G.
1335 3854 1381 3928 ds
1394 3857 1519 3928 Sancto
1531 3855 1666 3928 Victore
1685 3865 1721 3926 et
1733 3854 1872 3928 domino

465 3979 507 4052 ll.
522 3977 568 4050 de
580 3978 686 4052 Aver.
702 3988 786 4052 tunc
796 3979 991 4072 justitiariis
1006 3979 1154 4075 Aprutii,
1168 3979 1261 4052 dicto
1277 3978 1417 4052 domino
1429 3979 1472 4050 ll.
1490 3999 1553 4072 pro
1564 3986 1661 4073 parte
1674 3979 1794 4051 uxoris
1810 4001 1872 4052 sue

466 4100 653 4196 supradicti
670 4101 800 4196 pheudi
817 4101 994 4196 quondam
1008 4102 1171 4176 lobannis
1188 4102 1364 4175 sarraceni
1379 4101 1548 4196 possessio
1568 4099 1670 4172 luerit
1690 4101 1868 4176 restituta:

466 4225 524 4298 cui
535 4235 701 4320 tanquam
711 4225 914 4320 proximiori
928 4225 1084 4318 ejusdem
1095 4225 1260 4298 lobannis
1272 4233 1307 4296 et
1321 4225 1368 4298 ad
1388 4245 1493 4319 quam
1514 4223 1759 4296 rationabiliter
1770 4225 1871 4318 perti-

465 4349 570 4422 nebat
588 4349 806 4423 reddendum
823 4351 896 4422 fore
914 4370 976 4444 per
991 4349 1194 4422 sententiam
1214 4349 1456 4422 decreverunt.
1471 4349 1522 4420 De
1536 4346 1755 4419 concessione
1767 4347 1870 4420 etiam

463 4473 921 4568 baronieasserebantprobe
930 4494 990 4567 per
1002 4471 1358 4567 testesquisevidisse
1366 4469 1756 4565 dicebantprivilegium
1764 4470 1870 4563 quod-

464 4597 545 4672 daur
563 4597 674 4693 sigillo
686 4597 852 4693 imperiali
869 4597 1054 4684 munitum,
1071 4596 1108 4668 in
1123 4617 1195 4692 quo
1208 4595 1367 4670 viderant
1379 4594 1548 4670 contineri
1566 4593 1744 4668 dominum
1759 4595 1869 4689 impe-

465 4733 611 4794 ratorem
631 4722 842 4794 concessisse
860 4721 951 4795 dicto
969 4723 1010 4793 ll.
1033 4741 1095 4816 pro
1109 4741 1148 4793 se
1168 4728 1203 4793 et
1219 4717 1373 4816 predicto
1390 4720 1430 4791 u.
1447 4719 1542 4792 tratri
1559 4739 1641 4810 suo,
1662 4715 1761 4812 quod
1776 4717 1867 4790 bona
