4262 5910
1026 555 1240 618 rutuuutct
1265 557 1440 620 sncuttbt
1754 561 1833 642 [dn.
1850 562 1936 627 1239.

758 881 907 894 ——--

324 1157 489 1260 ,ἒβη
578 1156 756 1240 Mandata
782 1157 832 1240 ad
855 1157 1081 1268 justitiarios
1109 1158 1217 1270 regni
1248 1158 1393 1242 directa
1420 1169 1463 1244 ut
1487 1159 1684 1244 collectam
1713 1160 1934 1272 recolligant

519 1287 631 1398 juxta
650 1287 814 1372 lormam
833 1315 935 1374 anno
953 1291 1154 1400 praeterito
1172 1299 1374 1374 seruamm.

602 1491 728 1572 (mque
743 1491 848 1570 seper.
861 1489 979 1552 aaa.
994 1492 1039 1566 11,
1054 1491 1106 1552 re.
1123 1501 1161 1554 ur
1175 1499 1270 1568 meo,
1285 1495 1317 1554 n
1329 1492 1402 1554 aaa.
1415 1492 1553 1565 mm..
1567 1509 1598 1570 p.
1615 1491 1698 1571 aar.)

571 1661 618 1731 De
633 1659 790 1732 mundule
810 1661 978 1756 imperiali
999 1665 1089 1753 suctu
1102 1685 1163 1758 per
1181 1663 1377 1756 magistatem
1392 1663 1439 1734 R.
1460 1661 1501 1734 dc
1519 1663 1668 1754 Trujecto
1684 1665 1817 1758 sempsit
1832 1663 1871 1734 G.
1893 1663 1931 1734 dc

526 1787 648 1855 Tocco:

570 1905 789 1996 Fredeticus,
815 1917 898 1998 etc,
915 1909 954 1980 B.
976 1907 1131 1982 Pisciune
1149 1907 1334 2000 justitiario
1354 1907 1513 2002 Aprutii,
1532 1917 1598 1982 etc.
1618 1908 1804 1982 lmmineus
1822 1929 1929 2002 nego-

521 2029 644 2102 tiorum
658 2039 853 2102 nostrorum
869 2029 1043 2119 instantia,
1059 2030 1189 2123 quibus
1199 2029 1307 2102 decus
1322 2039 1478 2102 nostrum
1496 2039 1530 2104 et
1542 2031 1676 2125 impoeii
1688 2031 1853 2123 tangitur,
1868 2051 1928 2104 nos

520 2151 692 2246 compellit
707 2161 745 2222 ut
758 2153 818 2244 qui
836 2173 1016 2246 personam
1033 2161 1184 2224 nostram
1201 2153 1379 2226 laboribus
1392 2153 1616 2247 exponimus,
1632 2154 1785 2247 preclare
1795 2153 1927 2227 beredi-

519 2275 599 2348 tatis
610 2283 725 2348 nostre
735 2295 844 2366 reguo
858 2283 974 2347 nostro
987 2275 1101 2347 Sicilie
1112 2295 1253 2368 pmcere
1264 2295 1334 2347 nou
1345 2275 1518 2370 possimus
1528 2275 1614 2370 quin
1626 2275 1672 2348 ad
1683 2275 1793 2370 ipsius
1803 2276 1927 2349 incolas

519 2399 555 2470 in
567 2397 742 2470 laboribus
753 2397 984 2492 nostrisquasi
1001 2397 1212 2470 declinantes
1222 2407 1327 2494 ceput
1338 2399 1385 2472 ad
1395 2399 1563 2493 requiem,
1576 2421 1666 2494 quos
1676 2399 1925 2474 honorisncstri

521 2522 664 2594 iacimus
679 2521 715 2592 in
734 2519 902 2594 iuvidiam
924 2521 1078 2592 omnium
1100 2521 1305 2616 populorum
1329 2521 1530 2616 participes,
1553 2523 1720 2596 lactamus
1737 2533 1924 2596 nostrurnm

519 2665 662 2718 onerum
677 2665 747 2718 non
759 2655 932 2739 expertes,
948 2665 1094 2738 quorum
1110 2645 1228 2740 utique
1245 2646 1398 2740 quietem
1414 2647 1506 2720 sicut
1521 2657 1557 2720 et
1569 2657 1721 2720 nostrum
1734 2647 1925 2742 appetimus

518 2775 553 2840 et
570 2767 606 2838 in
620 2787 740 2840 eorum
761 2767 937 2840 laboribus
951 2767 1146 2860 fatigamur.
1170 2769 1304 2842 Scimus
1325 2779 1441 2844 autem
1463 2771 1559 2864 quod
1576 2771 1758 2866 peculiaris
1780 2772 1924 2866 populus

518 2899 633 2964 noster
649 2891 695 2965 de
711 2913 820 2984 regno
834 2901 950 2964 nostro
968 2911 1098 2986 pronus
1108 2889 1279 2964 mandatis
1301 2901 1480 2989 promptus
1495 2889 1569 2990 [est]
1582 2913 1762 2986 assurgere
1773 2901 1814 2963 ut
1825 2891 1922 2988 perli-

518 3014 586 3086 ciat
601 3013 696 3108 quod
710 3013 934 3102 mandamus,
956 3013 1002 3086 ad
1015 3013 1239 3087 obtinendam
1252 3013 1467 3088 celsitudinis
1484 3023 1598 3088 nostre
1615 3017 1759 3108 gratiam
1773 3037 1877 3110 quam
1888 3015 1922 3086 iu

516 3137 764 3233 prontitudine·
781 3137 861 3210 fidei
891 3137 1100 3210 continuatis
1131 3137 1279 3210 servitiis
1309 3137 1463 3210 noscitur
1493 3137 1673 3209 meruisse.
1707 3137 1793 3210 Cum
1824 3139 1924 3231 igitur

517 3261 664 3333 velimus
680 3261 715 3332 iu
733 3259 884 3356 presenti
898 3269 937 3330 ut
954 3281 1098 3352 regnum
1121 3267 1276 3332 nostrum
1293 3261 1393 3332 uobis
1410 3260 1674 3333 subventionem
1694 3261 1815 3350 saciat,
1834 3260 1922 3332 colli·

516 3383 665 3476 gendum
691 3383 881 3478 postposita
904 3381 1062 3455 tarditate
1093 3381 1129 3452 in
1155 3402 1197 3454 ea
1221 3383 1415 3475 quantitate
1436 3391 1472 3456 et
1495 3383 1602 3454 torma
1626 3403 1697 3476 que
1724 3385 1759 3454 in
1786 3383 1921 3455 collecte

515 3509 596 3582 anni
614 3507 762 3602 preteriti
775 3515 904 3578 statuta
917 3507 1023 3578 estitit
1036 3515 1072 3578 ct
1088 3515 1242 3592 servam,
1257 3525 1338 3579 ecce
1356 3505 1531 3578 mictimus
1544 3505 1590 3579 ad
1604 3515 1638 3578 te
1648 3505 1803 3596 judicem
1820 3507 1867 3578 bl.
1880 3503 1922 3578 de

513 3631 711 3720 luvenatio,
732 3629 868 3703 fidelem
886 3639 1056 3718 nostrum,
1071 3629 1132 3724 qui
1146 3651 1251 3726 super
1270 3629 1461 3724 quantitate
1475 3637 1511 3701 et
1526 3629 1634 3702 lurma
1647 3627 1840 3722 colligendo
1851 3629 1921 3702 cul·

514 3755 600 3827 lecte
620 3763 770 3827 nostram
787 3753 849 3825 tibi
866 3753 1046 3846 patefaciet
1062 3753 1289 3824 voluntatem.
1310 3751 1478 3824 Fidelitati
1496 3752 1612 3845 itaque
1627 3761 1685 3824 tue
1703 3739 1920 3847 precipiendo

514 3877 720 3950 mandamus
741 3887 913 3970 qnatenus
930 3875 1043 3948 eidem
1054 3873 1168 3966 judici
1184 3875 1234 3946 bl.
1256 3871 1350 3946 lideli
1373 3881 1487 3946 nocuo
1508 3875 1544 3946 in
1563 3874 1629 3970 bys
1651 3895 1720 3968 que
1736 3875 1798 3946 tibi
1819 3893 1919 3968 super

513 4003 579 4073 hoc
596 3999 724 4072 dixerit
740 3995 844 4070 fidem
860 3997 1026 4070 adhibeas
1043 4007 1079 4069 et
1095 3995 1221 4070 devote
1242 3995 1384 4069 studeas
1401 3996 1610 4092 adimplere,
1631 3997 1677 4070 ita
1694 3997 1789 4092 quod
1805 4019 1919 4092 quan-

512 4125 591 4196 titas
606 4143 697 4198 anno
714 4123 873 4217 preterito
890 4121 1047 4216 imposita
1065 4121 1100 4191 in
1109 4119 1333 4212 justitiariatu
1348 4129 1409 4192 tuo
1422 4119 1457 4192 iu
1472 4121 1568 4193 nullu
1581 4119 1718 4216 penitus
1731 4121 1917 4208 minuatur,

512 4256 548 4320 et
564 4246 778 4340 diligendum
797 4255 892 4316 tuam
912 4246 1004 4315 circa
1020 4242 1200 4315 servitium
1219 4241 1313 4314 istud
1329 4245 1451 4315 merito
1469 4241 1760 4316 commendemus.

560 4375 684 4448 mlum
698 4371 802 4460 Pisis,
817 4370 912 4442 XXV
931 4368 1146 4458 decembris,
1166 4367 1243 4439 Xlll
1258 4365 1467 4440 indictionis.

560 4497 720 4570 Similiter
742 4495 879 4589 scripsit
904 4493 944 4564 ll.
970 4491 1015 4564 de
1036 4489 1251 4583 Montenigro
1270 4489 1456 4581 justitiario
1476 4491 1577 4562 Terre
1602 4489 1742 4562 Laboris
1768 4499 1803 4561 et
1818 4487 1918 4560 couri·

512 4629 602 4692 tatus
617 4617 757 4706 Molisii,
781 4615 877 4711 quod
896 4614 1017 4688 credat
1030 4615 1071 4684 ll.
1094 4611 1139 4685 de
1156 4612 1407 4685 Montclusculo
1420 4611 1604 4704 justitiario
1621 4611 1822 4706 Capitinate.
