<?xml version="1.0" encoding="UTF-8"?>
<!DOCTYPE html PUBLIC "-//W3C//DTD XHTML 1.0 Transitional//EN"
    "http://www.w3.org/TR/xhtml1/DTD/xhtml1-transitional.dtd">
<html xmlns="http://www.w3.org/1999/xhtml" xml:lang="en" lang="en">
 <head>
  <title>
</title>
<meta http-equiv="Content-Type" content="text/html;charset=utf-8" />
  <meta name='ocr-system' content='tesseract 3.04.00' />
  <meta name='ocr-capabilities' content='ocr_page ocr_carea ocr_par ocr_line ocrx_word'/>
</head>
<body>
  <div class='ocr_page' id='page_1' title='image "./historiadiploma02fredgoog_0510.png"; bbox 0 0 4226 5900; ppageno 0'>
   <div class='ocr_carea' id='block_1_1' title="bbox 222 609 1179 692">
    <p class='ocr_par' dir='ltr' id='par_1_1' title="bbox 222 609 1179 692">
     <span class='ocr_line' id='line_1_1' title="bbox 222 609 1179 692; baseline 0.007 -28"><span class='ocrx_word' id='word_1_1' title='bbox 222 609 317 672; x_wconf 78' lang='lat' dir='ltr'>lsotcn</span> <span class='ocrx_word' id='word_1_2' title='bbox 338 610 397 692; x_wconf 79' lang='lat' dir='ltr'>l³.]</span> <span class='ocrx_word' id='word_1_3' title='bbox 670 611 864 672; x_wconf 79' lang='lat' dir='ltr'><strong>HISTORIA</strong></span> <span class='ocrx_word' id='word_1_4' title='bbox 890 609 1179 671; x_wconf 79' lang='lat' dir='ltr'>llll&#39;LOllllTlCll.</span> 
     </span>
    </p>
   </div>
   <div class='ocr_carea' id='block_1_2' title="bbox 430 895 1408 910">
    <p class='ocr_par' dir='ltr' id='par_1_2' title="bbox 430 895 1408 910">
     <span class='ocr_line' id='line_1_2' title="bbox 430 895 1408 910; baseline 0 -2"><span class='ocrx_word' id='word_1_5' title='bbox 430 895 829 908; x_wconf 61' lang='lat' dir='ltr'>mma—n</span> <span class='ocrx_word' id='word_1_6' title='bbox 833 898 1267 910; x_wconf 63' lang='lat' dir='ltr'>na—-q--n-n-——a—--u—-mu—m-</span> <span class='ocrx_word' id='word_1_7' title='bbox 1271 897 1408 908; x_wconf 66' lang='lat' dir='ltr'>unna—0·-</span> 
     </span>
    </p>
   </div>
   <div class='ocr_carea' id='block_1_3' title="bbox 224 1159 1836 1402">
    <p class='ocr_par' dir='ltr' id='par_1_3' title="bbox 224 1159 1836 1402">
     <span class='ocr_line' id='line_1_3' title="bbox 277 1159 1814 1274; baseline -0.008 -31"><span class='ocrx_word' id='word_1_8' title='bbox 277 1159 497 1242; x_wconf 87' lang='lat' dir='ltr'>Mandatum</span> <span class='ocrx_word' id='word_1_9' title='bbox 535 1161 584 1242; x_wconf 91' lang='lat' dir='ltr'>ad</span> <span class='ocrx_word' id='word_1_10' title='bbox 614 1161 860 1270; x_wconf 87' lang='lat' dir='ltr'>justitiarium</span> <span class='ocrx_word' id='word_1_11' title='bbox 894 1161 1042 1270; x_wconf 82' lang='lat' dir='ltr'>Aprutii</span> <span class='ocrx_word' id='word_1_12' title='bbox 1072 1171 1115 1244; x_wconf 86' lang='lat' dir='ltr'>ut</span> <span class='ocrx_word' id='word_1_13' title='bbox 1150 1161 1350 1270; x_wconf 72' lang='lat' dir='ltr'>diligenter</span> <span class='ocrx_word' id='word_1_14' title='bbox 1381 1161 1549 1270; x_wconf 88' lang='lat' dir='ltr'>inquirat</span> <span class='ocrx_word' id='word_1_15' title='bbox 1585 1161 1633 1240; x_wconf 92' lang='lat' dir='ltr'>de</span> <span class='ocrx_word' id='word_1_16' title='bbox 1712 1168 1766 1252; x_wconf 70' lang='lat'>„¹³¹¹</span> <span class='ocrx_word' id='word_1_17' title='bbox 1800 1235 1814 1274; x_wconf 69' lang='lat'>·,</span> 
     </span>
     <span class='ocr_line' id='line_1_4' title="bbox 224 1272 1836 1402; baseline -0.012 -21"><span class='ocrx_word' id='word_1_18' title='bbox 224 1291 335 1374; x_wconf 83' lang='lat' dir='ltr'>bonis</span> <span class='ocrx_word' id='word_1_19' title='bbox 354 1319 452 1400; x_wconf 88' lang='lat' dir='ltr'>quae</span> <span class='ocrx_word' id='word_1_20' title='bbox 469 1293 623 1374; x_wconf 85' lang='lat' dir='ltr'>fuerunt</span> <span class='ocrx_word' id='word_1_21' title='bbox 641 1295 836 1402; x_wconf 89' lang='lat' dir='ltr'>quondam</span> <span class='ocrx_word' id='word_1_22' title='bbox 856 1293 1059 1374; x_wconf 80' lang='lat' dir='ltr'>Alexandri</span> <span class='ocrx_word' id='word_1_23' title='bbox 1077 1293 1240 1374; x_wconf 88' lang='lat' dir='ltr'>Randifii</span> <span class='ocrx_word' id='word_1_24' title='bbox 1263 1303 1300 1375; x_wconf 86' lang='lat' dir='ltr'>et</span> <span class='ocrx_word' id='word_1_25' title='bbox 1318 1319 1416 1401; x_wconf 93' lang='lat' dir='ltr'>quae</span> <span class='ocrx_word' id='word_1_26' title='bbox 1435 1319 1537 1374; x_wconf 91' lang='lat' dir='ltr'>nunc</span> <span class='ocrx_word' id='word_1_27' title='bbox 1554 1294 1631 1374; x_wconf 91' lang='lat' dir='ltr'>de·</span> <span class='ocrx_word' id='word_1_28' title='bbox 1704 1274 1782 1304; x_wconf 55' lang='lat' dir='ltr'>”mm</span> <span class='ocrx_word' id='word_1_29' title='bbox 1798 1272 1836 1304; x_wconf 77' lang='lat'>&#39;¹⁸&#39;</span> 
     </span>
    </p>
   </div>
   <div class='ocr_carea' id='block_1_4' title="bbox 225 1423 1633 1662">
    <p class='ocr_par' dir='ltr' id='par_1_4' title="bbox 225 1423 1633 1662">
     <span class='ocr_line' id='line_1_5' title="bbox 225 1423 1633 1534; baseline 0.001 -31"><span class='ocrx_word' id='word_1_30' title='bbox 225 1424 319 1506; x_wconf 90' lang='lat' dir='ltr'>tinet</span> <span class='ocrx_word' id='word_1_31' title='bbox 337 1423 564 1506; x_wconf 89' lang='lat' dir='ltr'>Thomasius</span> <span class='ocrx_word' id='word_1_32' title='bbox 582 1426 630 1506; x_wconf 89' lang='lat' dir='ltr'>de</span> <span class='ocrx_word' id='word_1_33' title='bbox 648 1425 818 1507; x_wconf 78' lang='lat' dir='ltr'>beczano</span> <span class='ocrx_word' id='word_1_34' title='bbox 841 1451 918 1507; x_wconf 92' lang='lat' dir='ltr'>non</span> <span class='ocrx_word' id='word_1_35' title='bbox 938 1425 1019 1506; x_wconf 91' lang='lat' dir='ltr'>sine</span> <span class='ocrx_word' id='word_1_36' title='bbox 1037 1427 1205 1534; x_wconf 88' lang='lat' dir='ltr'>quadam</span> <span class='ocrx_word' id='word_1_37' title='bbox 1224 1451 1448 1532; x_wconf 81' lang='lat' dir='ltr'>suppressae</span> <span class='ocrx_word' id='word_1_38' title='bbox 1466 1424 1633 1506; x_wconf 85' lang='lat' dir='ltr'>veritatis</span> 
     </span>
     <span class='ocr_line' id='line_1_6' title="bbox 227 1555 452 1662; baseline 0.009 -28"><span class='ocrx_word' id='word_1_39' title='bbox 227 1555 452 1662; x_wconf 84' lang='lat' dir='ltr'>suspicione.</span> 
     </span>
    </p>
   </div>
   <div class='ocr_carea' id='block_1_5' title="bbox 306 1763 1402 1859">
    <p class='ocr_par' dir='ltr' id='par_1_5' title="bbox 306 1763 1402 1859">
     <span class='ocr_line' id='line_1_7' title="bbox 306 1763 1402 1859; baseline 0.003 -20"><span class='ocrx_word' id='word_1_40' title='bbox 306 1763 432 1859; x_wconf 67' lang='lat' dir='ltr'>(depost.</span> <span class='ocrx_word' id='word_1_41' title='bbox 448 1781 550 1858; x_wconf 80' lang='lat' dir='ltr'>imper.</span> <span class='ocrx_word' id='word_1_42' title='bbox 564 1777 682 1840; x_wconf 81' lang='lat' dir='ltr'>Freder.</span> <span class='ocrx_word' id='word_1_43' title='bbox 697 1781 738 1853; x_wconf 86' lang='lat'>11,</span> <span class='ocrx_word' id='word_1_44' title='bbox 753 1781 805 1840; x_wconf 85' lang='lat' dir='ltr'>fol.</span> <span class='ocrx_word' id='word_1_45' title='bbox 824 1789 857 1840; x_wconf 81' lang='lat' dir='ltr'>al</span> <span class='ocrx_word' id='word_1_46' title='bbox 879 1787 974 1854; x_wconf 80' lang='lat' dir='ltr'>recto3</span> <span class='ocrx_word' id='word_1_47' title='bbox 989 1783 1021 1840; x_wconf 93' lang='lat' dir='ltr'>in</span> <span class='ocrx_word' id='word_1_48' title='bbox 1031 1781 1102 1842; x_wconf 86' lang='lat' dir='ltr'>edit.</span> <span class='ocrx_word' id='word_1_49' title='bbox 1119 1783 1254 1854; x_wconf 78' lang='lat' dir='ltr'>caream,</span> <span class='ocrx_word' id='word_1_50' title='bbox 1269 1799 1300 1858; x_wconf 86' lang='lat' dir='ltr'>p.</span> <span class='ocrx_word' id='word_1_51' title='bbox 1319 1781 1402 1859; x_wconf 80' lang='lat'><strong>265.)</strong></span> 
     </span>
    </p>
   </div>
   <div class='ocr_carea' id='block_1_6' title="bbox 229 1975 1643 4658">
    <p class='ocr_par' dir='ltr' id='par_1_6' title="bbox 229 1975 1634 2190">
     <span class='ocr_line' id='line_1_8' title="bbox 276 1975 1634 2068; baseline 0.004 -25"><span class='ocrx_word' id='word_1_52' title='bbox 276 1975 323 2044; x_wconf 86' lang='lat' dir='ltr'>Dc</span> <span class='ocrx_word' id='word_1_53' title='bbox 340 1975 510 2068; x_wconf 84' lang='lat' dir='ltr'>imperiali</span> <span class='ocrx_word' id='word_1_54' title='bbox 530 1975 688 2048; x_wconf 84' lang='lat' dir='ltr'>mundato</span> <span class='ocrx_word' id='word_1_55' title='bbox 713 1979 801 2068; x_wconf 76' lang='lat' dir='ltr'>[octo</span> <span class='ocrx_word' id='word_1_56' title='bbox 821 1998 884 2068; x_wconf 87' lang='lat' dir='ltr'>per</span> <span class='ocrx_word' id='word_1_57' title='bbox 903 1978 1101 2068; x_wconf 72' lang='lat' dir='ltr'>muqistrum</span> <span class='ocrx_word' id='word_1_58' title='bbox 1121 1978 1294 2068; x_wconf 76' lang='lat' dir='ltr'>liopertum</span> <span class='ocrx_word' id='word_1_59' title='bbox 1310 1979 1350 2048; x_wconf 88' lang='lat' dir='ltr'>de</span> <span class='ocrx_word' id='word_1_60' title='bbox 1367 1980 1634 2048; x_wconf 82' lang='lat' dir='ltr'>Petresturmiuo</span> 
     </span>
     <span class='ocr_line' id='line_1_9' title="bbox 229 2071 851 2190; baseline 0 -22"><span class='ocrx_word' id='word_1_61' title='bbox 229 2099 363 2190; x_wconf 77' lang='lat' dir='ltr'>scripsit</span> <span class='ocrx_word' id='word_1_62' title='bbox 380 2099 580 2170; x_wconf 79' lang='lat' dir='ltr'>Laurentius</span> <span class='ocrx_word' id='word_1_63' title='bbox 601 2127 611 2168; x_wconf 91' lang='lat'><em>:</em></span> <span class='ocrx_word' id='word_1_64' title='bbox 847 2071 851 2082; x_wconf 31' lang='grc' dir='ltr'>Ι</span> 
     </span>
    </p>

    <p class='ocr_par' dir='ltr' id='par_1_7' title="bbox 229 2219 1643 4658">
     <span class='ocr_line' id='line_1_10' title="bbox 277 2219 1638 2316; baseline 0.002 -24"><span class='ocrx_word' id='word_1_65' title='bbox 277 2219 493 2307; x_wconf 76' lang='lat' dir='ltr'>Fredericus,</span> <span class='ocrx_word' id='word_1_66' title='bbox 518 2231 601 2309; x_wconf 86' lang='lat' dir='ltr'>etc,</span> <span class='ocrx_word' id='word_1_67' title='bbox 620 2223 660 2292; x_wconf 88' lang='lat' dir='ltr'>B.</span> <span class='ocrx_word' id='word_1_68' title='bbox 682 2221 823 2294; x_wconf 90' lang='lat' dir='ltr'>Pissono</span> <span class='ocrx_word' id='word_1_69' title='bbox 844 2221 1027 2314; x_wconf 76' lang='lat' dir='ltr'>justitiario</span> <span class='ocrx_word' id='word_1_70' title='bbox 1048 2221 1198 2316; x_wconf 82' lang='lat' dir='ltr'>Aprutii.</span> <span class='ocrx_word' id='word_1_71' title='bbox 1222 2222 1362 2294; x_wconf 89' lang='lat' dir='ltr'>Dudum</span> <span class='ocrx_word' id='word_1_72' title='bbox 1388 2223 1433 2294; x_wconf 90' lang='lat' dir='ltr'>ab</span> <span class='ocrx_word' id='word_1_73' title='bbox 1457 2222 1638 2296; x_wconf 87' lang='lat' dir='ltr'>obsidione</span> 
     </span>
     <span class='ocr_line' id='line_1_11' title="bbox 229 2343 1638 2432; baseline 0.001 -18"><span class='ocrx_word' id='word_1_74' title='bbox 229 2343 346 2415; x_wconf 83' lang='lat' dir='ltr'>Brixia</span> <span class='ocrx_word' id='word_1_75' title='bbox 366 2343 594 2416; x_wconf 78' lang='lat' dir='ltr'>redeuntibus</span> <span class='ocrx_word' id='word_1_76' title='bbox 609 2345 728 2432; x_wconf 90' lang='lat' dir='ltr'>nobis,</span> <span class='ocrx_word' id='word_1_77' title='bbox 747 2355 781 2416; x_wconf 90' lang='lat' dir='ltr'>et</span> <span class='ocrx_word' id='word_1_78' title='bbox 799 2366 917 2418; x_wconf 88' lang='lat' dir='ltr'>mense</span> <span class='ocrx_word' id='word_1_79' title='bbox 930 2344 1126 2416; x_wconf 87' lang='lat' dir='ltr'>novembris</span> <span class='ocrx_word' id='word_1_80' title='bbox 1140 2344 1201 2414; x_wconf 84' lang='lat' dir='ltr'>Xll</span> <span class='ocrx_word' id='word_1_81' title='bbox 1216 2344 1412 2416; x_wconf 83' lang='lat' dir='ltr'>indictionis</span> <span class='ocrx_word' id='word_1_82' title='bbox 1426 2345 1638 2418; x_wconf 84' lang='lat' dir='ltr'>morantibus</span> 
     </span>
     <span class='ocr_line' id='line_1_12' title="bbox 229 2467 1639 2563; baseline 0 -25"><span class='ocrx_word' id='word_1_83' title='bbox 229 2475 313 2561; x_wconf 87' lang='lat' dir='ltr'>aput</span> <span class='ocrx_word' id='word_1_84' title='bbox 337 2467 510 2557; x_wconf 87' lang='lat' dir='ltr'>Parmam,</span> <span class='ocrx_word' id='word_1_85' title='bbox 530 2467 731 2539; x_wconf 89' lang='lat' dir='ltr'>Thomasius</span> <span class='ocrx_word' id='word_1_86' title='bbox 751 2468 795 2539; x_wconf 94' lang='lat' dir='ltr'>de</span> <span class='ocrx_word' id='word_1_87' title='bbox 812 2469 966 2540; x_wconf 87' lang='lat' dir='ltr'>Baczano</span> <span class='ocrx_word' id='word_1_88' title='bbox 987 2467 1086 2538; x_wconf 91' lang='lat' dir='ltr'>nobis</span> <span class='ocrx_word' id='word_1_89' title='bbox 1105 2467 1351 2538; x_wconf 88' lang='lat' dir='ltr'>instantissime</span> <span class='ocrx_word' id='word_1_90' title='bbox 1377 2469 1584 2563; x_wconf 86' lang='lat' dir='ltr'>supplicavit</span> <span class='ocrx_word' id='word_1_91' title='bbox 1601 2480 1639 2538; x_wconf 88' lang='lat' dir='ltr'>ut</span> 
     </span>
     <span class='ocr_line' id='line_1_13' title="bbox 229 2589 1639 2685; baseline 0.001 -25"><span class='ocrx_word' id='word_1_92' title='bbox 229 2591 405 2680; x_wconf 86' lang='lat' dir='ltr'>vassallos,</span> <span class='ocrx_word' id='word_1_93' title='bbox 425 2591 659 2685; x_wconf 88' lang='lat' dir='ltr'>possessiones</span> <span class='ocrx_word' id='word_1_94' title='bbox 679 2601 713 2662; x_wconf 89' lang='lat' dir='ltr'>at</span> <span class='ocrx_word' id='word_1_95' title='bbox 729 2590 834 2678; x_wconf 90' lang='lat' dir='ltr'>bona,</span> <span class='ocrx_word' id='word_1_96' title='bbox 853 2613 922 2683; x_wconf 92' lang='lat' dir='ltr'>que</span> <span class='ocrx_word' id='word_1_97' title='bbox 938 2591 1075 2660; x_wconf 83' lang='lat' dir='ltr'>luerunt</span> <span class='ocrx_word' id='word_1_98' title='bbox 1091 2589 1267 2682; x_wconf 89' lang='lat' dir='ltr'>quondam</span> <span class='ocrx_word' id='word_1_99' title='bbox 1283 2591 1473 2664; x_wconf 83' lang='lat' dir='ltr'>Alexandri</span> <span class='ocrx_word' id='word_1_100' title='bbox 1491 2591 1639 2663; x_wconf 87' lang='lat' dir='ltr'>Randifii</span> 
     </span>
     <span class='ocr_line' id='line_1_14' title="bbox 231 2713 1637 2809; baseline 0.003 -25"><span class='ocrx_word' id='word_1_101' title='bbox 231 2714 476 2807; x_wconf 82' lang='lat' dir='ltr'>consanguinei</span> <span class='ocrx_word' id='word_1_102' title='bbox 497 2714 570 2800; x_wconf 86' lang='lat' dir='ltr'>sui,</span> <span class='ocrx_word' id='word_1_103' title='bbox 592 2714 658 2785; x_wconf 90' lang='lat' dir='ltr'>sita</span> <span class='ocrx_word' id='word_1_104' title='bbox 684 2714 718 2783; x_wconf 91' lang='lat' dir='ltr'>in</span> <span class='ocrx_word' id='word_1_105' title='bbox 742 2723 832 2784; x_wconf 86' lang='lat' dir='ltr'>terra</span> <span class='ocrx_word' id='word_1_106' title='bbox 849 2713 1036 2802; x_wconf 89' lang='lat' dir='ltr'>Bannensi,</span> <span class='ocrx_word' id='word_1_107' title='bbox 1056 2713 1102 2785; x_wconf 94' lang='lat' dir='ltr'>ad</span> <span class='ocrx_word' id='word_1_108' title='bbox 1122 2735 1203 2785; x_wconf 90' lang='lat' dir='ltr'>enm</span> <span class='ocrx_word' id='word_1_109' title='bbox 1217 2715 1297 2804; x_wconf 89' lang='lat' dir='ltr'>jure</span> <span class='ocrx_word' id='word_1_110' title='bbox 1321 2723 1463 2809; x_wconf 89' lang='lat' dir='ltr'>paterno</span> <span class='ocrx_word' id='word_1_111' title='bbox 1487 2715 1637 2788; x_wconf 86' lang='lat' dir='ltr'>rationa-</span> 
     </span>
     <span class='ocr_line' id='line_1_15' title="bbox 231 2836 1640 2931; baseline 0.002 -24"><span class='ocrx_word' id='word_1_112' title='bbox 231 2837 343 2908; x_wconf 88' lang='lat' dir='ltr'>biliter</span> <span class='ocrx_word' id='word_1_113' title='bbox 361 2837 582 2931; x_wconf 88' lang='lat' dir='ltr'>pertinentia,</span> <span class='ocrx_word' id='word_1_114' title='bbox 604 2859 684 2908; x_wconf 90' lang='lat' dir='ltr'>cum</span> <span class='ocrx_word' id='word_1_115' title='bbox 704 2837 865 2909; x_wconf 91' lang='lat' dir='ltr'>omnibus</span> <span class='ocrx_word' id='word_1_116' title='bbox 886 2836 1078 2909; x_wconf 90' lang='lat' dir='ltr'>rationibus</span> <span class='ocrx_word' id='word_1_117' title='bbox 1099 2845 1134 2908; x_wconf 93' lang='lat' dir='ltr'>et</span> <span class='ocrx_word' id='word_1_118' title='bbox 1150 2837 1365 2930; x_wconf 89' lang='lat' dir='ltr'>pertinentiis</span> <span class='ocrx_word' id='word_1_119' title='bbox 1389 2839 1434 2910; x_wconf 91' lang='lat' dir='ltr'>ad</span> <span class='ocrx_word' id='word_1_120' title='bbox 1459 2839 1533 2931; x_wconf 90' lang='lat' dir='ltr'>ipsa</span> <span class='ocrx_word' id='word_1_121' title='bbox 1550 2839 1640 2910; x_wconf 88' lang='lat' dir='ltr'>bona</span> 
     </span>
     <span class='ocr_line' id='line_1_16' title="bbox 232 2959 1641 3054; baseline 0.002 -23"><span class='ocrx_word' id='word_1_122' title='bbox 232 2962 482 3054; x_wconf 87' lang='lat' dir='ltr'>spectantibus,</span> <span class='ocrx_word' id='word_1_123' title='bbox 501 2961 701 3054; x_wconf 89' lang='lat' dir='ltr'>quaomnia</span> <span class='ocrx_word' id='word_1_124' title='bbox 720 2971 802 3032; x_wconf 90' lang='lat' dir='ltr'>sunt</span> <span class='ocrx_word' id='word_1_125' title='bbox 817 2970 940 3032; x_wconf 89' lang='lat' dir='ltr'>octava</span> <span class='ocrx_word' id='word_1_126' title='bbox 958 2982 1037 3054; x_wconf 89' lang='lat' dir='ltr'>pars</span> <span class='ocrx_word' id='word_1_127' title='bbox 1054 2959 1158 3030; x_wconf 88' lang='lat' dir='ltr'>unius</span> <span class='ocrx_word' id='word_1_128' title='bbox 1173 2959 1267 3032; x_wconf 89' lang='lat' dir='ltr'>leudi</span> <span class='ocrx_word' id='word_1_129' title='bbox 1282 2961 1419 3048; x_wconf 90' lang='lat' dir='ltr'>militis,</span> <span class='ocrx_word' id='word_1_130' title='bbox 1437 2962 1503 3032; x_wconf 91' lang='lat' dir='ltr'>sibi</span> <span class='ocrx_word' id='word_1_131' title='bbox 1520 2971 1554 3033; x_wconf 89' lang='lat' dir='ltr'>et</span> <span class='ocrx_word' id='word_1_132' title='bbox 1569 2964 1641 3034; x_wconf 91' lang='lat' dir='ltr'>suis</span> 
     </span>
     <span class='ocr_line' id='line_1_17' title="bbox 231 3082 1641 3178; baseline 0.001 -23"><span class='ocrx_word' id='word_1_133' title='bbox 231 3083 417 3156; x_wconf 91' lang='lat' dir='ltr'>heredibus</span> <span class='ocrx_word' id='word_1_134' title='bbox 430 3085 698 3178; x_wconf 82' lang='lat' dir='ltr'>imperpetuum,</span> <span class='ocrx_word' id='word_1_135' title='bbox 716 3085 843 3154; x_wconf 86' lang='lat' dir='ltr'>intuitu</span> <span class='ocrx_word' id='word_1_136' title='bbox 862 3084 1080 3156; x_wconf 87' lang='lat' dir='ltr'>servitiorum</span> <span class='ocrx_word' id='word_1_137' title='bbox 1093 3092 1128 3154; x_wconf 92' lang='lat' dir='ltr'>et</span> <span class='ocrx_word' id='word_1_138' title='bbox 1146 3082 1225 3156; x_wconf 88' lang='lat' dir='ltr'>fidei</span> <span class='ocrx_word' id='word_1_139' title='bbox 1241 3104 1321 3174; x_wconf 89' lang='lat' dir='ltr'>sue,</span> <span class='ocrx_word' id='word_1_140' title='bbox 1344 3082 1388 3156; x_wconf 90' lang='lat' dir='ltr'>de</span> <span class='ocrx_word' id='word_1_141' title='bbox 1403 3094 1518 3156; x_wconf 90' lang='lat' dir='ltr'>nostra</span> <span class='ocrx_word' id='word_1_142' title='bbox 1532 3087 1641 3177; x_wconf 82' lang='lat' dir='ltr'>gratia</span> 
     </span>
     <span class='ocr_line' id='line_1_18' title="bbox 233 3205 1641 3303; baseline 0.001 -25"><span class='ocrx_word' id='word_1_143' title='bbox 233 3205 316 3279; x_wconf 89' lang='lat' dir='ltr'>dare</span> <span class='ocrx_word' id='word_1_144' title='bbox 332 3217 367 3278; x_wconf 90' lang='lat' dir='ltr'>at</span> <span class='ocrx_word' id='word_1_145' title='bbox 382 3207 570 3278; x_wconf 88' lang='lat' dir='ltr'>concedere</span> <span class='ocrx_word' id='word_1_146' title='bbox 584 3207 819 3298; x_wconf 82' lang='lat' dir='ltr'>dignaremur.</span> <span class='ocrx_word' id='word_1_147' title='bbox 839 3209 978 3301; x_wconf 86' lang='lat' dir='ltr'>Nosque</span> <span class='ocrx_word' id='word_1_148' title='bbox 991 3217 1063 3278; x_wconf 90' lang='lat' dir='ltr'>tum</span> <span class='ocrx_word' id='word_1_149' title='bbox 1077 3208 1159 3300; x_wconf 90' lang='lat' dir='ltr'>quia</span> <span class='ocrx_word' id='word_1_150' title='bbox 1177 3207 1221 3278; x_wconf 91' lang='lat' dir='ltr'>de</span> <span class='ocrx_word' id='word_1_151' title='bbox 1234 3205 1397 3278; x_wconf 87' lang='lat' dir='ltr'>fidelitate</span> <span class='ocrx_word' id='word_1_152' title='bbox 1408 3229 1472 3279; x_wconf 88' lang='lat' dir='ltr'>sua</span> <span class='ocrx_word' id='word_1_153' title='bbox 1489 3218 1641 3303; x_wconf 90' lang='lat' dir='ltr'>tempore</span> 
     </span>
     <span class='ocr_line' id='line_1_19' title="bbox 232 3328 1641 3425; baseline 0.002 -24"><span class='ocrx_word' id='word_1_154' title='bbox 232 3331 363 3425; x_wconf 88' lang='lat' dir='ltr'>papalis</span> <span class='ocrx_word' id='word_1_155' title='bbox 378 3330 549 3402; x_wconf 91' lang='lat' dir='ltr'>discordie</span> <span class='ocrx_word' id='word_1_156' title='bbox 567 3339 601 3402; x_wconf 89' lang='lat' dir='ltr'>et</span> <span class='ocrx_word' id='word_1_157' title='bbox 618 3339 697 3402; x_wconf 88' lang='lat' dir='ltr'>ante</span> <span class='ocrx_word' id='word_1_158' title='bbox 711 3353 752 3402; x_wconf 89' lang='lat' dir='ltr'>ac</span> <span class='ocrx_word' id='word_1_159' title='bbox 765 3341 843 3424; x_wconf 88' lang='lat' dir='ltr'>post</span> <span class='ocrx_word' id='word_1_160' title='bbox 856 3352 917 3425; x_wconf 92' lang='lat' dir='ltr'>pro</span> <span class='ocrx_word' id='word_1_161' title='bbox 933 3331 1032 3402; x_wconf 90' lang='lat' dir='ltr'>nobis</span> <span class='ocrx_word' id='word_1_162' title='bbox 1046 3330 1160 3402; x_wconf 88' lang='lat' dir='ltr'>habita</span> <span class='ocrx_word' id='word_1_163' title='bbox 1173 3383 1183 3419; x_wconf 94' lang='lat'>,</span> <span class='ocrx_word' id='word_1_164' title='bbox 1198 3328 1242 3400; x_wconf 93' lang='lat' dir='ltr'>de</span> <span class='ocrx_word' id='word_1_165' title='bbox 1258 3330 1405 3401; x_wconf 89' lang='lat' dir='ltr'>servitiis</span> <span class='ocrx_word' id='word_1_166' title='bbox 1419 3332 1522 3403; x_wconf 88' lang='lat' dir='ltr'>etiam</span> <span class='ocrx_word' id='word_1_167' title='bbox 1541 3334 1641 3404; x_wconf 94' lang='lat' dir='ltr'>nobis</span> 
     </span>
     <span class='ocr_line' id='line_1_20' title="bbox 231 3441 1640 3542; baseline 0.003 -23"><span class='ocrx_word' id='word_1_168' title='bbox 231 3459 315 3520; x_wconf 88' lang='lat' dir='ltr'>tune</span> <span class='ocrx_word' id='word_1_169' title='bbox 340 3449 501 3542; x_wconf 86' lang='lat' dir='ltr'>temporis</span> <span class='ocrx_word' id='word_1_170' title='bbox 523 3441 620 3542; x_wconf 89' lang='lat' dir='ltr'>prius</span> <span class='ocrx_word' id='word_1_171' title='bbox 642 3459 676 3519; x_wconf 91' lang='lat' dir='ltr'>et</span> <span class='ocrx_word' id='word_1_172' title='bbox 702 3461 778 3542; x_wconf 91' lang='lat' dir='ltr'>post</span> <span class='ocrx_word' id='word_1_173' title='bbox 803 3450 968 3521; x_wconf 89' lang='lat' dir='ltr'>exhibitis</span> <span class='ocrx_word' id='word_1_174' title='bbox 992 3449 1227 3520; x_wconf 87' lang='lat' dir='ltr'>testimonium</span> <span class='ocrx_word' id='word_1_175' title='bbox 1249 3449 1313 3519; x_wconf 84' lang='lat' dir='ltr'>luit</span> <span class='ocrx_word' id='word_1_176' title='bbox 1334 3449 1546 3538; x_wconf 89' lang='lat' dir='ltr'>exhibitum,</span> <span class='ocrx_word' id='word_1_177' title='bbox 1567 3461 1640 3523; x_wconf 88' lang='lat' dir='ltr'>tum</span> 
     </span>
     <span class='ocr_line' id='line_1_21' title="bbox 231 3571 1642 3670; baseline 0.001 -26"><span class='ocrx_word' id='word_1_178' title='bbox 231 3573 314 3668; x_wconf 87' lang='lat' dir='ltr'>qnia</span> <span class='ocrx_word' id='word_1_179' title='bbox 334 3573 425 3646; x_wconf 90' lang='lat' dir='ltr'>bona</span> <span class='ocrx_word' id='word_1_180' title='bbox 438 3573 591 3666; x_wconf 87' lang='lat' dir='ltr'>predicta</span> <span class='ocrx_word' id='word_1_181' title='bbox 611 3595 686 3646; x_wconf 88' lang='lat' dir='ltr'>esse</span> <span class='ocrx_word' id='word_1_182' title='bbox 699 3584 857 3647; x_wconf 89' lang='lat' dir='ltr'>octavam</span> <span class='ocrx_word' id='word_1_183' title='bbox 873 3585 1006 3670; x_wconf 91' lang='lat' dir='ltr'>partem</span> <span class='ocrx_word' id='word_1_184' title='bbox 1021 3573 1125 3644; x_wconf 93' lang='lat' dir='ltr'>unius</span> <span class='ocrx_word' id='word_1_185' title='bbox 1142 3571 1239 3644; x_wconf 87' lang='lat' dir='ltr'>feudi</span> <span class='ocrx_word' id='word_1_186' title='bbox 1258 3574 1374 3645; x_wconf 90' lang='lat' dir='ltr'>militis</span> <span class='ocrx_word' id='word_1_187' title='bbox 1396 3575 1588 3665; x_wconf 88' lang='lat' dir='ltr'>asserebat,</span> <span class='ocrx_word' id='word_1_188' title='bbox 1607 3585 1642 3648; x_wconf 88' lang='lat' dir='ltr'>et</span> 
     </span>
     <span class='ocr_line' id='line_1_22' title="bbox 233 3689 1642 3793; baseline 0.003 -25"><span class='ocrx_word' id='word_1_189' title='bbox 233 3697 299 3768; x_wconf 91' lang='lat' dir='ltr'>sibi</span> <span class='ocrx_word' id='word_1_190' title='bbox 311 3699 390 3788; x_wconf 91' lang='lat' dir='ltr'>jure</span> <span class='ocrx_word' id='word_1_191' title='bbox 412 3705 553 3790; x_wconf 87' lang='lat' dir='ltr'>paterno</span> <span class='ocrx_word' id='word_1_192' title='bbox 575 3698 820 3770; x_wconf 88' lang='lat' dir='ltr'>rationabiliter</span> <span class='ocrx_word' id='word_1_193' title='bbox 844 3699 1028 3793; x_wconf 89' lang='lat' dir='ltr'>pertinere,</span> <span class='ocrx_word' id='word_1_194' title='bbox 1053 3696 1126 3768; x_wconf 90' lang='lat' dir='ltr'>suis</span> <span class='ocrx_word' id='word_1_195' title='bbox 1151 3697 1459 3790; x_wconf 90' lang='lat' dir='ltr'>supplicationibus</span> <span class='ocrx_word' id='word_1_196' title='bbox 1475 3689 1642 3772; x_wconf 85' lang='lat' dir='ltr'>duximus</span> 
     </span>
     <span class='ocr_line' id='line_1_23' title="bbox 235 3819 1641 3915; baseline 0.005 -25"><span class='ocrx_word' id='word_1_197' title='bbox 235 3819 469 3890; x_wconf 89' lang='lat' dir='ltr'>annuendum.</span> <span class='ocrx_word' id='word_1_198' title='bbox 484 3820 611 3892; x_wconf 86' lang='lat' dir='ltr'>Verum</span> <span class='ocrx_word' id='word_1_199' title='bbox 626 3821 709 3913; x_wconf 91' lang='lat' dir='ltr'>quia</span> <span class='ocrx_word' id='word_1_200' title='bbox 724 3821 880 3915; x_wconf 89' lang='lat' dir='ltr'>predicta</span> <span class='ocrx_word' id='word_1_201' title='bbox 894 3821 1010 3893; x_wconf 89' lang='lat' dir='ltr'>omnia</span> <span class='ocrx_word' id='word_1_202' title='bbox 1025 3841 1086 3914; x_wconf 90' lang='lat' dir='ltr'>per</span> <span class='ocrx_word' id='word_1_203' title='bbox 1103 3820 1189 3891; x_wconf 86' lang='lat' dir='ltr'>alios</span> <span class='ocrx_word' id='word_1_204' title='bbox 1203 3841 1314 3914; x_wconf 89' lang='lat' dir='ltr'>nuper</span> <span class='ocrx_word' id='word_1_205' title='bbox 1333 3821 1368 3892; x_wconf 93' lang='lat' dir='ltr'>in</span> <span class='ocrx_word' id='word_1_206' title='bbox 1383 3821 1528 3894; x_wconf 91' lang='lat' dir='ltr'>dubium</span> <span class='ocrx_word' id='word_1_207' title='bbox 1545 3846 1641 3897; x_wconf 89' lang='lat' dir='ltr'>revo-</span> 
     </span>
     <span class='ocr_line' id='line_1_24' title="bbox 235 3942 1642 4042; baseline 0.006 -31"><span class='ocrx_word' id='word_1_208' title='bbox 235 3951 371 4033; x_wconf 90' lang='lat' dir='ltr'>cantur,</span> <span class='ocrx_word' id='word_1_209' title='bbox 401 3942 492 4015; x_wconf 92' lang='lat' dir='ltr'>idem</span> <span class='ocrx_word' id='word_1_210' title='bbox 519 3943 621 4014; x_wconf 89' lang='lat' dir='ltr'>etiam</span> <span class='ocrx_word' id='word_1_211' title='bbox 645 3944 848 4016; x_wconf 89' lang='lat' dir='ltr'>Thomasius</span> <span class='ocrx_word' id='word_1_212' title='bbox 874 3955 957 4016; x_wconf 86' lang='lat' dir='ltr'>tune</span> <span class='ocrx_word' id='word_1_213' title='bbox 986 3944 1148 4037; x_wconf 84' lang='lat' dir='ltr'>temporis</span> <span class='ocrx_word' id='word_1_214' title='bbox 1171 3953 1206 4016; x_wconf 89' lang='lat' dir='ltr'>et</span> <span class='ocrx_word' id='word_1_215' title='bbox 1230 3965 1322 4015; x_wconf 89' lang='lat' dir='ltr'>anno</span> <span class='ocrx_word' id='word_1_216' title='bbox 1349 3948 1499 4039; x_wconf 91' lang='lat' dir='ltr'>presenti</span> <span class='ocrx_word' id='word_1_217' title='bbox 1526 3948 1642 4042; x_wconf 93' lang='lat' dir='ltr'>plures</span> 
     </span>
     <span class='ocr_line' id='line_1_25' title="bbox 235 4065 1642 4162; baseline 0.005 -25"><span class='ocrx_word' id='word_1_218' title='bbox 235 4087 337 4160; x_wconf 90' lang='lat' dir='ltr'>super</span> <span class='ocrx_word' id='word_1_219' title='bbox 355 4065 485 4137; x_wconf 86' lang='lat' dir='ltr'>eisdem</span> <span class='ocrx_word' id='word_1_220' title='bbox 508 4065 608 4136; x_wconf 90' lang='lat' dir='ltr'>benis</span> <span class='ocrx_word' id='word_1_221' title='bbox 624 4066 809 4138; x_wconf 88' lang='lat' dir='ltr'>obtinuerit</span> <span class='ocrx_word' id='word_1_222' title='bbox 825 4069 974 4156; x_wconf 90' lang='lat' dir='ltr'>licteras,</span> <span class='ocrx_word' id='word_1_223' title='bbox 992 4077 1027 4138; x_wconf 92' lang='lat' dir='ltr'>et</span> <span class='ocrx_word' id='word_1_224' title='bbox 1043 4067 1233 4159; x_wconf 89' lang='lat' dir='ltr'>specialiter</span> <span class='ocrx_word' id='word_1_225' title='bbox 1252 4076 1292 4138; x_wconf 91' lang='lat' dir='ltr'>ut</span> <span class='ocrx_word' id='word_1_226' title='bbox 1306 4088 1347 4140; x_wconf 90' lang='lat' dir='ltr'>ea</span> <span class='ocrx_word' id='word_1_227' title='bbox 1370 4091 1439 4162; x_wconf 91' lang='lat' dir='ltr'>que</span> <span class='ocrx_word' id='word_1_228' title='bbox 1458 4069 1504 4143; x_wconf 87' lang='lat' dir='ltr'>ad</span> <span class='ocrx_word' id='word_1_229' title='bbox 1520 4070 1642 4144; x_wconf 89' lang='lat' dir='ltr'>eadem</span> 
     </span>
     <span class='ocr_line' id='line_1_26' title="bbox 235 4189 1643 4284; baseline 0.004 -23"><span class='ocrx_word' id='word_1_230' title='bbox 235 4189 326 4261; x_wconf 88' lang='lat' dir='ltr'>bona</span> <span class='ocrx_word' id='word_1_231' title='bbox 341 4198 493 4284; x_wconf 88' lang='lat' dir='ltr'>spectant</span> <span class='ocrx_word' id='word_1_232' title='bbox 508 4211 570 4283; x_wconf 92' lang='lat' dir='ltr'>per</span> <span class='ocrx_word' id='word_1_233' title='bbox 584 4190 842 4284; x_wconf 83' lang='lat' dir='ltr'>inquisitionem</span> <span class='ocrx_word' id='word_1_234' title='bbox 858 4201 891 4264; x_wconf 88' lang='lat' dir='ltr'>et</span> <span class='ocrx_word' id='word_1_235' title='bbox 901 4195 1002 4284; x_wconf 86' lang='lat' dir='ltr'>juxta</span> <span class='ocrx_word' id='word_1_236' title='bbox 1021 4212 1196 4263; x_wconf 89' lang='lat' dir='ltr'>sacrarum</span> <span class='ocrx_word' id='word_1_237' title='bbox 1209 4191 1492 4264; x_wconf 89' lang='lat' dir='ltr'>constitutionum</span> <span class='ocrx_word' id='word_1_238' title='bbox 1509 4203 1643 4268; x_wconf 88' lang='lat' dir='ltr'>nostra-</span> 
     </span>
     <span class='ocr_line' id='line_1_27' title="bbox 236 4310 1642 4408; baseline 0.006 -28"><span class='ocrx_word' id='word_1_239' title='bbox 236 4332 312 4382; x_wconf 89' lang='lat' dir='ltr'>rum</span> <span class='ocrx_word' id='word_1_240' title='bbox 338 4321 490 4384; x_wconf 80' lang='lat' dir='ltr'>tenorem</span> <span class='ocrx_word' id='word_1_241' title='bbox 518 4310 682 4384; x_wconf 87' lang='lat' dir='ltr'>deberent</span> <span class='ocrx_word' id='word_1_242' title='bbox 710 4310 754 4385; x_wconf 90' lang='lat' dir='ltr'>ad</span> <span class='ocrx_word' id='word_1_243' title='bbox 781 4315 840 4405; x_wconf 90' lang='lat' dir='ltr'>jus</span> <span class='ocrx_word' id='word_1_244' title='bbox 864 4325 899 4386; x_wconf 92' lang='lat' dir='ltr'>et</span> <span class='ocrx_word' id='word_1_245' title='bbox 921 4313 1160 4408; x_wconf 85' lang='lat' dir='ltr'>proprietatem</span> <span class='ocrx_word' id='word_1_246' title='bbox 1187 4334 1308 4384; x_wconf 89' lang='lat' dir='ltr'>eorum</span> <span class='ocrx_word' id='word_1_247' title='bbox 1336 4335 1397 4408; x_wconf 89' lang='lat' dir='ltr'>per</span> <span class='ocrx_word' id='word_1_248' title='bbox 1419 4315 1642 4406; x_wconf 87' lang='lat' dir='ltr'>justitiarium</span> 
     </span>
     <span class='ocr_line' id='line_1_28' title="bbox 236 4433 1642 4528; baseline 0.006 -24"><span class='ocrx_word' id='word_1_249' title='bbox 236 4433 369 4527; x_wconf 83' lang='lat' dir='ltr'>Aprutii</span> <span class='ocrx_word' id='word_1_250' title='bbox 385 4435 541 4507; x_wconf 87' lang='lat' dir='ltr'>revocari</span> <span class='ocrx_word' id='word_1_251' title='bbox 555 4435 687 4528; x_wconf 90' lang='lat' dir='ltr'>justitia</span> <span class='ocrx_word' id='word_1_252' title='bbox 704 4437 897 4528; x_wconf 90' lang='lat' dir='ltr'>mediante,</span> <span class='ocrx_word' id='word_1_253' title='bbox 914 4458 1062 4509; x_wconf 92' lang='lat' dir='ltr'>necnon</span> <span class='ocrx_word' id='word_1_254' title='bbox 1086 4450 1121 4508; x_wconf 89' lang='lat' dir='ltr'>et</span> <span class='ocrx_word' id='word_1_255' title='bbox 1137 4436 1223 4508; x_wconf 88' lang='lat' dir='ltr'>alias</span> <span class='ocrx_word' id='word_1_256' title='bbox 1241 4437 1374 4509; x_wconf 89' lang='lat' dir='ltr'>lieteras</span> <span class='ocrx_word' id='word_1_257' title='bbox 1390 4447 1429 4510; x_wconf 91' lang='lat' dir='ltr'>ut</span> <span class='ocrx_word' id='word_1_258' title='bbox 1448 4438 1642 4514; x_wconf 87' lang='lat' dir='ltr'>detentores</span> 
     </span>
     <span class='ocr_line' id='line_1_29' title="bbox 237 4557 1642 4658; baseline 0.007 -30"><span class='ocrx_word' id='word_1_259' title='bbox 237 4577 354 4629; x_wconf 90' lang='lat' dir='ltr'>eorum</span> <span class='ocrx_word' id='word_1_260' title='bbox 373 4579 434 4652; x_wconf 90' lang='lat' dir='ltr'>per</span> <span class='ocrx_word' id='word_1_261' title='bbox 444 4557 568 4650; x_wconf 88' lang='lat' dir='ltr'>judicii</span> <span class='ocrx_word' id='word_1_262' title='bbox 586 4560 765 4654; x_wconf 91' lang='lat' dir='ltr'>strepitum</span> <span class='ocrx_word' id='word_1_263' title='bbox 783 4561 829 4632; x_wconf 94' lang='lat' dir='ltr'>ad</span> <span class='ocrx_word' id='word_1_264' title='bbox 844 4561 1011 4653; x_wconf 90' lang='lat' dir='ltr'>justitiam</span> <span class='ocrx_word' id='word_1_265' title='bbox 1028 4571 1250 4654; x_wconf 81' lang='lat' dir='ltr'>cogerentur,</span> <span class='ocrx_word' id='word_1_266' title='bbox 1269 4560 1415 4633; x_wconf 85' lang='lat' dir='ltr'>acidam</span> <span class='ocrx_word' id='word_1_267' title='bbox 1430 4564 1468 4634; x_wconf 89' lang='lat' dir='ltr'>T.</span> <span class='ocrx_word' id='word_1_268' title='bbox 1486 4573 1642 4658; x_wconf 90' lang='lat' dir='ltr'>postmo-</span> 
     </span>
    </p>
   </div>
   <div class='ocr_carea' id='block_1_7' title="bbox 237 4677 1641 4872">
    <p class='ocr_par' dir='ltr' id='par_1_8' title="bbox 237 4677 1641 4872">
     <span class='ocr_line' id='line_1_30' title="bbox 237 4677 1641 4780; baseline 0.008 -28"><span class='ocrx_word' id='word_1_269' title='bbox 237 4677 319 4752; x_wconf 90' lang='lat' dir='ltr'>dum</span> <span class='ocrx_word' id='word_1_270' title='bbox 334 4701 402 4752; x_wconf 93' lang='lat' dir='ltr'>non</span> <span class='ocrx_word' id='word_1_271' title='bbox 421 4680 487 4752; x_wconf 91' lang='lat' dir='ltr'>nisi</span> <span class='ocrx_word' id='word_1_272' title='bbox 503 4681 629 4755; x_wconf 84' lang='lat' dir='ltr'>licteris</span> <span class='ocrx_word' id='word_1_273' title='bbox 644 4683 876 4778; x_wconf 90' lang='lat' dir='ltr'>inquisitionis</span> <span class='ocrx_word' id='word_1_274' title='bbox 889 4705 972 4756; x_wconf 89' lang='lat' dir='ltr'>usus</span> <span class='ocrx_word' id='word_1_275' title='bbox 985 4685 1168 4778; x_wconf 80' lang='lat' dir='ltr'>fueritque</span> <span class='ocrx_word' id='word_1_276' title='bbox 1182 4705 1243 4778; x_wconf 94' lang='lat' dir='ltr'>per</span> <span class='ocrx_word' id='word_1_277' title='bbox 1259 4684 1461 4757; x_wconf 89' lang='lat' dir='ltr'>subornatas</span> <span class='ocrx_word' id='word_1_278' title='bbox 1478 4708 1641 4780; x_wconf 88' lang='lat' dir='ltr'>personas</span> 
     </span>
     <span class='ocr_line' id='line_1_31' title="bbox 314 4801 1501 4872; baseline 0.007 -8"><span class='ocrx_word' id='word_1_279' title='bbox 314 4801 351 4864; x_wconf 86' lang='lat' dir='ltr'>V.</span> <span class='ocrx_word' id='word_1_280' title='bbox 1464 4818 1501 4872; x_wconf 79' lang='lat' dir='ltr'>oa</span> 
     </span>
    </p>
   </div>
   <div class='ocr_carea' id='block_1_8' title="bbox 0 0 2135 5892">
    <p class='ocr_par' dir='ltr' id='par_1_9' title="bbox 0 0 2135 5892">
     <span class='ocr_line' id='line_1_32' title="bbox 0 0 2135 5892; baseline 0 0"><span class='ocrx_word' id='word_1_281' title='bbox 0 0 2135 5892; x_wconf 95' lang='lat' dir='ltr'> </span> 
     </span>
    </p>
   </div>
  </div>
 </body>
</html>
