4226 5900
502 533 563 596 435
999 529 1211 592 rarnnarcr
1236 529 1412 590 saconnr
1720 536 1801 615 [aa.
1820 538 1903 602 rma.

502 669 538 740 in
566 689 710 762 regnum
730 665 893 738 moraturi
916 665 1086 748 redirent,
1106 673 1224 758 utpote
1244 665 1305 757 qui
1331 665 1486 737 consulte
1507 665 1724 760 providimus
1749 693 1794 743 ne
1820 671 1904 748 lilios

501 793 599 885 regni
620 789 715 886 pacis
730 810 818 882 quos
841 787 940 861 nobis
956 810 1002 861 ex
1021 797 1121 882 partu
1142 786 1223 859 fidei
1245 787 1355 860 claros
1372 789 1505 884 peperit
1520 799 1629 864 mater
1644 789 1808 878 lidelitas,
1825 796 1905 869 inli-

501 923 593 987 ceret
613 911 828 986 conversatio
843 911 1011 1004 contagii,
1031 921 1065 983 ct
1081 925 1211 982 mentes
1228 931 1275 982 ex
1296 909 1416 1002 primis
1434 911 1615 983 cunabulis
1636 913 1682 986 ad
1697 927 1793 1010 grata
1808 919 1904 992 nohis

500 1037 667 1131 obsequia
681 1035 815 1109 debitas
832 1036 1000 1107 incolatus
1025 1033 1179 1126 nequitie
1196 1032 1344 1104 vitiaret.
1364 1033 1492 1106 Verum
1509 1035 1591 1128 quia
1607 1039 1776 1128 majestati
1793 1051 1903 1115 nosue

501 1161 650 1234 innotuit
667 1159 763 1254 quod
780 1159 895 1253 plures
909 1157 990 1230 fidei
1008 1178 1114 1250 quam
1137 1156 1237 1228 nobis
1255 1155 1382 1228 debent
1400 1157 1474 1230 zelo
1492 1161 1688 1234 commoniti
1708 1164 1812 1254 juxta
1828 1187 1903 1238 nos·

501 1294 590 1356 trum
606 1283 860 1378 beneplacitum
878 1280 924 1353 ad
947 1281 1058 1374 priora
1072 1278 1271 1370 redierunt;
1293 1281 1448 1353 nonnulli
1469 1303 1550 1354 vero
1566 1304 1614 1354 ex
1628 1284 1751 1357 alienis
1771 1290 1903 1384 corupti

499 1408 670 1498 moribus,
689 1406 800 1480 redire
822 1407 858 1477 iu
879 1406 967 1477 lares
992 1404 1086 1499 pacis
1110 1403 1199 1476 sicut
1212 1403 1453 1476 mandavimus
1476 1427 1546 1479 non
1565 1419 1744 1501 curarunt,
1770 1421 1903 1506 propter

499 1531 597 1628 quod
610 1532 770 1604 volumus
787 1539 826 1601 ut
837 1529 922 1601 tales
935 1527 1039 1600 nichil
1055 1526 1181 1600 amodo
1199 1527 1453 1600 communicent
1471 1529 1506 1600 in
1525 1549 1633 1620 regno
1651 1530 1826 1625 fidelium,
1844 1537 1902 1629 qui

498 1655 656 1748 regnanti
674 1653 777 1726 fidem
795 1653 947 1725 debitam
962 1673 1031 1724 non
1048 1659 1225 1723 servantes
1239 1651 1359 1722 venire
1374 1652 1515 1725 noluere
1529 1653 1659 1735 vocati;
1678 1653 1834 1728 fidelitati
1847 1667 1903 1728 tue

499 1779 640 1851 tirmiter
655 1777 877 1874 precipiendo
904 1775 1110 1848 mandamus
1125 1783 1297 1868 quatenus
1314 1797 1375 1870 per
1395 1786 1500 1848 totam
1519 1777 1794 1870 jurisdictionem
1811 1788 1902 1854 tuam

498 1904 680 1998 diligenter
704 1901 857 1996 inquiras
883 1909 916 1972 et
941 1907 1111 1994 quotquot
1132 1899 1305 1972 inveneris
1333 1909 1403 1972 tam
1428 1901 1572 1973 clericos
1597 1923 1701 1994 quam
1727 1903 1834 1975 laicos
1859 1924 1903 1974 cx

497 2027 679 2125 predictis,
695 2035 771 2120 post
786 2024 906 2097 datum
923 2047 943 2097 a
962 2023 1063 2094 nobis
1084 2023 1267 2096 terminum
1287 2024 1324 2095 in
1344 2025 1496 2096 Romana
1520 2025 1615 2098 ouria
1635 2026 1740 2098 luisse
1757 2037 1902 2100 moratos

497 2152 611 2226 necin
626 2171 772 2243 regnum
791 2149 880 2222 siout
893 2147 1136 2220 mandavimus
1149 2147 1310 2237 rediisse,
1333 2148 1450 2220 omnia
1464 2149 1555 2222 bona
1568 2171 1688 2222 eorum
1705 2158 1776 2222 tam
1795 2151 1902 2224 ecclc·

496 2273 632 2347 siastica
650 2293 756 2366 quam
780 2270 1028 2366 patrimonialia
1045 2279 1081 2342 et
1099 2290 1319 2364 quecumque
1342 2269 1409 2343 alia
1433 2271 1469 2342 in
1484 2271 1706 2364 juridictione
1725 2285 1784 2345 tua
1807 2273 1902 2347 inve·

496 2400 588 2472 neris
615 2395 810 2492 possidere,
836 2394 882 2467 ad
906 2416 995 2489 opus
1024 2394 1120 2466 curie
1139 2401 1255 2466 nostre
1279 2394 1396 2488 capias
1416 2403 1451 2466 et
1476 2395 1626 2470 Obberto
1644 2395 1901 2470 Fallamonaclro

495 2529 627 2594 secreto
636 2519 794 2592 Panormi
807 2517 1021 2612 procuranda
1032 2517 1203 2610 assignem
1218 2515 1476 2612 significaturus
1485 2519 1585 2592 nobis
1595 2519 1754 2594 distincte
1763 2521 1901 2594 uomina

494 2645 708 2737 singulorum
726 2663 814 2736 quos
830 2641 975 2736 predicti
994 2636 1148 2713 mandati
1164 2641 1270 2712 nostri
1289 2651 1542 2736 contemptores
1559 2641 1732 2716 inveneris
1746 2645 1901 2716 extitisse

495 2787 643 2838 necnon
662 2763 757 2838 uude
773 2775 808 2838 ct
824 2765 952 2859 quihus
973 2764 1173 2860 parentibus
1188 2764 1313 2837 luerint
1335 2764 1489 2838 oriundi.
1512 2765 1677 2838 Volumus
1697 2776 1850 2862 preterea
1866 2779 1899 2840 et

496 2889 701 2962 mandamus
715 2897 753 2960 ut
769 2909 889 2962 omnes
904 2887 1110 2984 prebendas,
1130 2885 1296 2960 beneficia
1315 2897 1350 2960 et
1364 2908 1585 2982 quecumque
1599 2909 1694 2960 nunc
1710 2889 1825 2962 clerici
1841 2891 1899 2983 qni

494 3012 541 3087 de
565 3013 720 3107 pertibus
739 3023 837 3085 extra
856 3031 1000 3106 regnum
1026 3010 1166 3083 oriundi
1187 3019 1269 3082 sunt
1294 3019 1327 3084 et
1354 3021 1456 3086 extra
1476 3031 1622 3102 regnum
1644 3021 1840 3104 morantur,
1865 3014 1898 3084 in

490 3134 731 3228 jurisdictione
746 3143 806 3206 tua
824 3132 1018 3230 possident,
1035 3132 1081 3205 ad
1098 3153 1185 3226 opus
1197 3131 1293 3204 curie
1311 3143 1430 3205 nostre
1445 3133 1559 3228 capias
1577 3143 1611 3206 et
1625 3133 1729 3206 iacias
1742 3155 1804 3228 per
1821 3156 1897 3230 pre·

494 3257 625 3332 dictum
644 3265 815 3330 secretum
832 3255 989 3329 Panormi
1012 3275 1092 3326 oum
1112 3253 1289 3348 diligentia
1312 3255 1511 3348 procurari,
1536 3277 1615 3328 cum
1636 3257 1785 3330 nolimus
1804 3257 1897 3352 quod

493 3382 700 3476 sauguinem
716 3389 863 3453 matrum
876 3377 938 3450 lilii
955 3389 1081 3474 sugant
1095 3378 1189 3452 etde
1202 3378 1305 3452 bonis
1320 3399 1424 3474 quea
1440 3379 1563 3453 nostris
1576 3389 1610 3454 ct
1621 3403 1683 3477 per
1695 3403 1758 3456 nos
1773 3381 1899 3454 habent

492 3505 635 3581 ecclesie
658 3513 693 3577 et
715 3503 885 3577 debentur
907 3501 1003 3592 liliis,
1024 3503 1203 3576 venientes
1220 3503 1362 3576 aliunde
1382 3503 1486 3576 catuli
1511 3505 1717 3578 nutriantur.
1741 3506 1793 3577 Tu
1818 3525 1898 3580 vero

492 3629 650 3703 deunce
679 3625 779 3699 nobis
808 3625 1002 3720 significare
1030 3648 1193 3722 procures
1224 3626 1331 3722 quid,
1359 3635 1526 3722 quantum
1548 3637 1583 3701 et
1606 3627 1667 3700 ubi
1693 3627 1898 3722 capiendum

493 3751 636 3826 duxeris
652 3773 672 3822 a
691 3749 868 3845 predictis,
887 3749 1062 3822 redditum
1075 3751 1244 3822 bonorum
1265 3751 1418 3846 ipsorum
1441 3772 1544 3846 quem
1566 3775 1661 3824 nunc
1681 3752 1796 3824 volere
1814 3751 1897 3846 dig·

492 3875 608 3949 noscis
624 3883 658 3948 et
675 3873 711 3944 in
725 3895 830 3968 quem
847 3895 1003 3946 annuum
1019 3872 1194 3946 redditum
1210 3875 1405 3969 promoveri
1421 3877 1558 3948 valeant
1575 3875 1611 3946 in
1633 3875 1799 3946 futurum.

540 3999 663 4070 Datum
679 3997 714 4068 in
732 3997 853 4070 castris
868 4019 974 4092 prope
992 3996 1245 4090 Mediolanum,
1261 3997 1294 4069 X
1309 3998 1477 4088 octobris,
1497 3999 1573 4070 Xlll
1592 3997 1798 4070 indictionis.

540 4123 675 4194 Similes
699 4122 835 4217 scripsit
858 4121 1038 4194 Guillelmo
1061 4121 1106 4195 de
1126 4121 1285 4214 Anglone
1299 4121 1484 4214 justitiario
1509 4123 1593 4194 citra
1614 4121 1741 4194 flumen
1764 4121 1896 4193 Salsum

542 4370 677 4442 Similes
695 4368 830 4463 scripsit
852 4367 1001 4441 Gotsrido
1025 4367 1070 4441 de
1089 4369 1334 4443 Montelusoolo
1352 4369 1536 4462 justitiario
1553 4369 1723 4460 Calabrie,
1746 4378 1779 4440 et
1801 4367 1895 4463 quod

493 4495 643 4587 assignet
654 4501 784 4566 secreto
796 4491 963 4566 Messene.
