4242 5904
228 569 327 630 lrnrcr.
349 567 412 644 ll.]
680 567 878 627 HISTORIA
903 559 1200 625 bretonaricn.

443 826 470 838 ,-
477 811 649 836 --ι-ν-ἰ-ὲι-ι-
656 817 1436 836 ——u—-o-——ffl--o--ffl

286 1083 519 1183 briderium,
547 1083 809 1165 Romanorum
845 1081 1072 1187 imperator,
1101 1077 1303 1160 confirmat
1333 1075 1443 1160 Petro
1474 1077 1650 1186 episcopo
1762 1124 1779 1178 μ

232 1216 584 1324 Gratianopolitano
609 1215 850 1323 privilegium
876 1213 925 1294 ab
958 1237 1028 1294 avo
1052 1236 1122 1294 suo
1145 1210 1336 1293 Friderlco
1361 1209 1485 1318 primo
1515 1211 1650 1292 loanni
1729 1231 1743 1262 ⁸

232 1349 431 1458 quondam
452 1349 628 1456 episcopo
648 1347 819 1456 ejusdem
840 1345 1018 1428 ecclesiae
1036 1368 1139 1425 anno
1161 1345 1280 1450 1178,
1298 1341 1477 1426 vicesimo
1495 1343 1556 1425 die
1574 1371 1650 1425 au-

232 1482 336 1592 gusti
354 1481 562 1588 indultum,
583 1505 662 1589 quo
690 1477 1063 1586 Gratianopolitanaa
1089 1475 1267 1556 ccclesiae
1294 1475 1554 1557 conceduntur
1576 1502 1647 1583 re-

233 1612 336 1722 galia
357 1613 487 1696 omnia
508 1610 791 1694 abellaoomba
806 1609 965 1691 inferius
984 1609 1024 1688 in
1048 1617 1209 1716 utraque
1236 1607 1319 1716 ripa
1336 1607 1505 1690 lluminis
1523 1609 1648 1691 Isarae

233 1771 382 1830 necnon
403 1757 442 1828 et
457 1745 588 1828 omnia
607 1772 706 1854 quae
723 1735 859 1826 eidem
876 1741 1032 1825 ecclesia
1053 1740 1143 1822 alibi
1160 1739 1263 1850 juste
1280 1741 1511 1850 possidebat.
1641 1801 1644 1808 ,

314 1943 437 2023 (incdit.
455 1946 485 2003 in
501 1940 616 2003 Coitart.
634 1942 817 2019 Fornace,
833 1957 883 2018 ap.
898 1940 975 2001 Bibi.
992 1937 1091 2000 Cesar.
1106 1939 1312 2015 Parisiorum,
1325 1938 1449 1998 Prcum
1460 1937 1496 1998 da
1509 1939 1648 2001 iliande

352 2027 725 2128 omptrne,t.1'1,prrma
744 2065 824 2124 pars,
840 2047 894 2107 iot.
920 2055 1072 2120 staats,
1094 2052 1169 2106 extr.
1194 2061 1232 2104 ex
1253 2045 1434 2106 charmide
1452 2046 1597 2108 Cblssezio
1615 2051 1647 2110 in

355 2156 476 2216 archivo
495 2159 623 2232 episcop.
647 2154 851 2230 Gratianupci.
878 2143 1068 2230 Priviirgirim
1094 2151 1235 2212 Friderici
1254 2153 1359 2230 primi,
1381 2153 1514 2228 plurimis
1533 2161 1648 2216 scatens

353 2263 470 2323 mendis
479 2264 617 2338 notisqw
629 2260 846 2338 chronologicis
859 2261 984 2320 omnino
996 2260 1225 2336 praetermissis,
1235 2258 1327 2318 edidit
1339 2257 1474 2333 nmmo,
1488 2257 1603 2320 Rooted
1613 2259 1647 2322 dc

349 2364 458 2446 pstea,
473 2385 503 2444 r·
521 2367 604 2444 rra.)

282 2534 478 2607 innomine
495 2541 614 2606 sancte
631 2542 666 2606 et
682 2532 864 2606 individue
883 2531 1069 2603 Trinitatis.
1095 2530 1296 2604 Fredericus
1312 2532 1504 2626 secundus,
1526 2537 1647 2614 divina

233 2659 373 2731 brente
388 2659 575 2732 clemencia
591 2659 822 2730 Rornanorum
849 2657 1035 2751 imperator
1053 2677 1189 2751 semper
1208 2669 1391 2750 augustus,
1409 2659 1596 2734 Jerusalem
1612 2675 1647 2736 et

233 2781 348 2854 Sicilie
373 2805 449 2854 rex.
479 2778 709 2881 [Imperiaiis]
740 2780 944 2853 excellentia
971 2791 1054 2852 tunc
1083 2780 1246 2876 precipue
1271 2781 1326 2852 sui
1353 2783 1501 2855 nominis
1530 2786 1646 2860 titulos

232 2906 391 3001 ampliat,
410 2917 493 2979 tunc
512 2906 615 2978 officii
634 2905 689 2978 sui
709 2906 866 2978 debitum
883 2904 998 2977 reddit
1015 2925 1095 2976 cum
1118 2906 1236 2977 fenore
1256 2907 1328 2978 Deo
1349 2907 1449 2998 viro,
1473 2930 1553 2981 cum
1570 2912 1646 3004 ejus

232 3029 360 3100 intuitu
386 3050 449 3123 per
464 3051 569 3123 quem
599 3041 715 3124 preest
739 3029 951 3124 principibus
972 3027 1065 3100 orbis
1084 3037 1172 3100 terre
1197 3028 1262 3100 Dei
1291 3029 1452 3102 ecclesias
1480 3041 1515 3104 ct
1538 3035 1647 3107 eccie-

232 3153 389 3225 siasticas
405 3175 572 3248 personas
592 3175 655 3248 pro
682 3155 800 3226 lavore
827 3161 944 3225 tuetur
965 3161 1001 3224 et
1020 3153 1133 3244 justas
1159 3172 1278 3224 amum
1303 3154 1538 3228 favorabiliter
1554 3160 1646 3252 peti-

232 3276 344 3350 tiones
369 3277 528 3350 exaudit.
555 3279 749 3374 Eapropter
774 3287 892 3351 notum
918 3275 992 3350 fleri
1013 3279 1173 3348 volumus
1200 3277 1370 3350 universis
1395 3279 1530 3374 imperii
1552 3281 1647 3356 iide-

233 3399 326 3472 libus
355 3409 425 3472 tam
459 3402 678 3495 presentibus
713 3424 820 3496 quam
862 3401 986 3474 tuturis
1019 3401 1115 3495 quod
1153 3401 1273 3473 Petrus
1314 3402 1647 3498 Gratianopolitanus

234 3525 434 3618 episcopus,
453 3524 598 3598 dilectus
628 3526 787 3621 princeps
817 3534 945 3615 noster,
974 3525 1193 3620 privilegium
1212 3524 1391 3618 quoddam
1416 3528 1490 3600 divi
1510 3532 1648 3622 augusti

234 3645 449 3742 imperatoris
464 3647 634 3722 Fredericl
652 3650 711 3722 avi
729 3649 836 3721 nostri
863 3648 973 3720 felicis
995 3648 1159 3720 memorie
1179 3649 1300 3720 loanni
1323 3651 1500 3744 quondam
1518 3652 1649 3727 Gratia·

234 3770 435 3865 napolitano
453 3773 615 3869 episcopo
637 3773 872 3869 predecessori
887 3793 950 3846 suo
969 3774 1154 3845 clementer
1174 3772 1348 3845 indultum
1368 3785 1484 3848 nostro
1507 3778 1649 3850 culmini

234 3895 462 3990 presentavit,
483 3895 658 3969 humiliter
681 3898 882 3992 supplicans
898 3905 933 3970 et
950 3897 1075 3970 devote
1090 3907 1129 3968 ut
1144 3896 1305 3970 eumdem
1324 3897 1543 3994 episcopum,
1566 3900 1649 3974 Gra·

233 4019 511 4114 tianopolitanam
528 4023 712 4095 ecclesiam
736 4044 816 4093 cum
836 4020 997 4093 omnihus
1013 4020 1116 4092 bonis
1137 4020 1210 4092 suis
1226 4020 1292 4092 sub
1316 4030 1432 4093 nostra
1456 4034 1491 4095 et
1516 4023 1650 4119 imperii

235 4141 444 4236 protectione
462 4143 616 4238 recipere
637 4154 672 4216 et
696 4145 889 4239 predictum
912 4143 1134 4240 privilegium
1161 4141 1363 4216 confirmare
1385 4144 1452 4217 sibi
1472 4145 1518 4219 de
1536 4157 1651 4220 nostra

235 4266 345 4358 gratia
364 4265 608 4364 dignaremur3
632 4270 734 4362 cujus
748 4280 846 4342 tenor
862 4269 938 4342 talis
953 4279 1029 4340 est:
1050 4323 1055 4334 .

283 4388 322 4458 in
344 4389 485 4462 nomine
510 4401 626 4464 sancte
649 4402 683 4466 et
707 4393 892 4466 individue
915 4391 1099 4466 Trinitatis.
1127 4391 1346 4483 Fredericus,
1373 4392 1493 4467 divina
1515 4397 1652 4467 invente

236 4511 415 4584 clementia
445 4515 679 4588 Romanorum
710 4518 894 4612 imperator
921 4526 1102 4612 augustus.
1131 4517 1166 4589 Si
1196 4518 1307 4608 justas
1343 4519 1651 4591 ecclesiasticorum

237 4634 446 4727 prelatorum
467 4638 649 4732 petitiones
675 4639 721 4712 ad
746 4639 1004 4716 commoditates
1028 4641 1249 4714 ecclesiarum
1275 4641 1326 4713 eis
1347 4641 1552 4714 creditarum
1577 4654 1652 4714 teu·
