4242 5904
486 604 548 664 244
982 605 1197 666 raluhmcl
1223 604 1396 666 scottum
1435 611 1439 616 ’
1709 603 1788 686 [aaa.
1806 603 1893 664 lass.

485 738 613 811 habere
630 739 818 831 noluerint,
840 741 1030 813 secundum
1051 762 1148 812 suam
1168 739 1452 812 consuetudinem
1475 748 1543 811 tres
1563 739 1721 811 consules
1740 738 1786 812 de
1807 739 1893 812 ciri·

484 869 552 934 tate
570 870 605 934 et
623 863 740 956 plures
759 863 788 934 si
807 864 979 936 voluerint
1001 863 1152 957 eligendi
1174 862 1322 934 babeant
1343 864 1563 957 potestatem,
1585 861 1646 954 qui
1659 863 1817 934 consules
1834 861 1895 934 de·

483 985 804 1058 beantsacramenta
818 996 969 1082 prestare
985 973 1081 1081 quod
1093 994 1221 1060 statuta
1233 986 1341 1080 ipsius
1355 986 1547 1081 patriarche
1562 985 1728 1080 recipient
1737 995 1772 1057 ct
1782 985 1895 1056 invio·

483 1108 629 1180 labiliter
653 1109 904 1202 observabunt,
933 1133 996 1182 nec
1015 1119 1095 1182 ante
1118 1111 1365 1205 prestacionem
1392 1109 1594 1182 sacramenti
1619 1107 1892 1201 jurisdictionem

483 1252 582 1302 suam
599 1231 635 1302 in
653 1232 769 1325 aliquo
793 1233 1022 1320 exercebunt,
1040 1243 1075 1304 et
1092 1233 1136 1305 de
1153 1234 1220 1304 illis
1237 1242 1368 1305 tantum
1393 1255 1431 1305 se
1450 1233 1677 1304 intromittent
1698 1231 1744 1303 de
1764 1231 1894 1324 quibus

483 1364 780 1428 consueveruntse
790 1357 1013 1428 intromittere
1022 1365 1171 1430 rectores
1184 1357 1358 1442 constituti
1372 1379 1393 1428 a
1406 1355 1599 1450 patriarcba
1612 1355 1772 1448 superius
1786 1352 1893 1424 nomi·

482 1487 574 1550 nato.
589 1479 627 1549 ln
645 1479 744 1550 istius
763 1491 875 1552 tamen
887 1481 1089 1552 sacramenti
1105 1481 1313 1575 prestatione
1331 1480 1480 1552 nuncius
1496 1479 1603 1572 ipsius
1620 1477 1811 1572 patriarche
1825 1496 1893 1570 po-

481 1602 560 1672 terit
581 1601 762 1694 interesse,
788 1604 818 1676 si
843 1603 990 1676 voluerit
1010 1603 1175 1676 nuncium
1196 1604 1239 1674 ad
1265 1604 1438 1675 civitatem
1459 1604 1568 1697 ipsam
1590 1602 1657 1672 illis
1682 1599 1893 1694 temporibus

482 1723 675 1814 destinare,
703 1725 832 1819 quibus
848 1737 1061 1798 sacramenta
1078 1738 1331 1798 consueverunt
1348 1728 1506 1798 consules
1524 1725 1710 1814 exhibere,
1731 1721 1892 1795 videlicet

481 1855 558 1918 octo
572 1845 695 1919 diebus
712 1855 792 1919 ante
806 1847 972 1920 kalendas
987 1848 1119 1937 martii,
1133 1857 1209 1919 octo
1224 1847 1348 1920 diebus
1358 1855 1438 1920 ante
1453 1849 1577 1920 festum
1591 1846 1782 1940 predictum
1797 1865 1893 1916 sanc·

481 1979 592 2042 torum
617 1970 705 2056 Petri
726 1980 761 2042 et
783 1971 901 2061 Pauli,
924 1981 959 2044 et
979 1981 1057 2043 octo
1083 1971 1208 2043 diebus
1230 1980 1310 2043 ante
1336 1973 1458 2044 festum
1483 1971 1646 2042 Omnium
1674 1971 1887 2041 Sanctorum.

480 2095 636 2188 Denique
658 2095 849 2190 patriarcha
872 2096 946 2189 ipse
969 2095 1013 2168 de
1033 2095 1212 2188 questione
1235 2095 1479 2188 aqueRiczani
1498 2094 1595 2167 etde
1616 2092 1779 2188 postatico
1798 2112 1891 2164 oom-

482 2239 587 2290 mune
601 2218 709 2312 ipsius
727 2219 875 2308 civitatis
892 2218 1053 2290 absolvit.

528 2343 597 2414 Nos
616 2342 721 2434 igitur
736 2342 1042 2436 supplicationibus
1063 2351 1133 2414 tam
1149 2341 1342 2436 patriarche
1357 2363 1462 2436 quem
1484 2340 1696 2412 sindioorum
1720 2339 1889 2436 predicto·

481 2488 557 2536 rum
576 2465 761 2558 benignius
783 2467 959 2557 inclinati,
979 2467 1201 2561 prescriptam
1222 2467 1365 2538 sormam
1384 2465 1646 2560 composicionis
1662 2473 1697 2536 et
1715 2463 1810 2558 pacis
1829 2485 1890 2558 per

480 2611 622 2682 presens
644 2590 830 2680 majestatis
853 2603 967 2663 nostre
987 2591 1153 2685 scriptum
1179 2590 1345 2662 duximus
1370 2587 1654 2662 confirmandam.
1689 2587 1888 2660 Mandantes

480 2721 516 2784 et
527 2713 695 2807 imperiali
713 2714 925 2786 sanccientes
938 2715 1071 2806 edicto,
1089 2715 1252 2808 quatinus
1269 2723 1389 2786 neutra
1406 2713 1560 2809 parcium
1580 2721 1697 2783 contra
1724 2711 1890 2806 presentis

480 2835 734 2929 compositionis
749 2845 785 2908 et
795 2835 1067 2910 confirmacionis
1083 2847 1196 2910 nostre
1211 2847 1363 2908 tenorem
1378 2859 1467 2909 ausu
1483 2835 1663 2908 temerario
1679 2837 1797 2906 venire
1811 2855 1889 2928 pre·

479 2969 603 3030 sumat.
619 2958 720 3043 Quod
737 2960 797 3053 qui
809 2961 1054 3054 presumpserit
1067 2961 1327 3034 centumlibras
1339 2960 1413 3032 auri
1435 2959 1607 3056 purissimi
1624 2979 1686 3054 pro
1698 2978 1890 3053 penaoom·

478 3091 605 3176 ponat,
634 3081 800 3154 medietas
822 3106 969 3177 quarum
989 3105 1126 3156 camere
1146 3093 1276 3172 nostre,
1306 3093 1342 3156 ct
1365 3083 1454 3179 parti
1474 3084 1544 3154 lese
1568 3082 1700 3176 reliqna
1723 3079 1890 3154 medietas

480 3205 679 3301 applicetur.
696 3206 752 3278 Ad
770 3207 874 3299 hujus
892 3207 1009 3301 itaque
1030 3207 1284 3302 compositionis
1302 3217 1336 3280 et
1352 3205 1620 3280 confirmationis
1636 3214 1750 3277 nostre
1764 3224 1891 3276 memo·

479 3327 563 3398 riam
586 3337 620 3398 et
643 3329 797 3400 stabilem
822 3328 1033 3418 firmitatem,
1063 3351 1202 3424 presens
1227 3332 1392 3425 scriptum
1416 3329 1491 3402 fieri
1514 3339 1548 3401 et
1571 3328 1684 3419 sigillo
1704 3327 1890 3419 majestatis

480 3461 595 3522 nostre
609 3452 774 3543 jussimus
792 3454 1010 3525 communiri.

528 3572 650 3641 Datum
680 3571 716 3642 in
748 3571 867 3642 castris
893 3572 929 3642 in
953 3569 1131 3642 obsidione
1157 3571 1287 3660 Brixia,
1323 3591 1414 3642 anno
1444 3568 1616 3642 dominice
1647 3565 1889 3641 incarnationis

2108 3535 2109 3592 l

479 3693 528 3764 M.
545 3691 807 3786 cc,xxxv111,
827 3715 946 3768 mense
961 3695 1116 3783 octobri,
1133 3693 1338 3766 duodecime
1356 3693 1565 3766 indictionis.

292 4399 423 4445 ΝΜ·
533 4391 601 4473 Die
623 4391 771 4475 sabbati
790 4392 854 4496 [IX
872 4391 1053 4496 octobris]
1081 4416 1233 4474 summo
1263 4416 1375 4472 mane
1404 4389 1608 4498 imperator
1630 4390 1747 4474 morit
1770 4416 1810 4472 se
1837 4389 1886 4472 ab

478 4525 676 4608 obsidione
707 4523 869 4632 lecitque
904 4523 1127 4606 comburere
1154 4522 1323 4605 aedificia
1352 4533 1388 4604 et
1418 4523 1573 4604 castella
1604 4522 1883 4632 ligaminum,

477 4657 671 4740 dimittens
696 4657 736 4739 in
754 4683 888 4766 campo
921 4655 1062 4738 multos
1084 4681 1203 4765 equos
1230 4665 1267 4737 ct
1289 4655 1404 4737 boves
1422 4652 1635 4736 infirmatos
1657 4669 1696 4736 et
1715 4653 1887 4772 diversus
