4242 5904
249 552 345 612 nuru.
364 547 424 631 11.]
696 545 891 606 HISTORIA
916 541 1205 604 ntinontnnicii.
1598 538 1653 600 l'il

249 685 286 757 in
307 682 487 778 acquisitis
499 691 534 754 et
549 679 767 775 acquirendis
774 708 789 772 ς
807 679 904 775 quud
919 680 950 752 si
969 681 1084 774 ipsum
1101 675 1345 764 monasterium
1368 674 1452 748 dare
1475 681 1608 746 tenetur
1622 683 1656 746 et

251 805 355 880 debet
369 807 479 899 ipsam
492 802 725 891 exactiorem,
747 804 908 876 nolumus
928 801 1088 876 relaxari.
1104 798 1160 872 Ad
1181 799 1285 890 hujus
1306 805 1421 870 antem
1438 805 1553 868 nostre
1573 817 1655 869 con·

256 927 457 1000 firmationis
476 927 676 1000 memoriam
693 937 728 999 et
744 937 943 1023 perpetuam
964 924 1174 1015 firmitatem,
1194 927 1335 1019 presens
1348 921 1513 1016 scriptum
1530 919 1603 994 fieri
1622 930 1656 993 et

248 1053 362 1148 sigilio
379 1050 565 1144 majestatis
578 1061 694 1124 nosue
702 1051 870 1143 jussimus
887 1048 1105 1122 communiri.

296 1178 422 1250 Datum
446 1175 606 1264 Taurini,
630 1195 723 1246 anno
746 1173 917 1246 dominice
945 1170 1189 1245 incarnationis
1217 1168 1398 1242 miiiesimc
1420 1165 1656 1240 ducentesimo

249 1299 423 1394 trigesimo
435 1309 577 1388 octavo,
596 1319 714 1371 mense
726 1297 859 1386 martii,
874 1297 1061 1370 indictione
1076 1293 1272 1366 undecima.

300 1887 532 1993 Fridericus‚
557 1885 817 1970 Romanorum
842 1884 1066 1993 imperator,
1091 1893 1249 1967 renovat
1268 1893 1306 1966 et
1331 1885 1530 1970 inserendo
1557 1913 1655 1970 oon-

248 2021 378 2118 firmat
398 2019 638 2130 pririiep'um
655 2018 833 2102 Friderici
849 2019 885 2125 1,
905 2017 965 2100 avi
983 2020 1058 2125 sui,
1078 2017 1206 2101 abbati
1225 2027 1262 2100 et
1280 2019 1509 2102 monasterio
1527 2019 1654 2102 Sancti

247 2153 421 2262 Eugendi
454 2150 780 2261 (Saint-Oyand)
808 2151 849 2232 in
880 2151 1059 2234 comitatu
1099 2151 1361 2261 Burgundios,
1390 2178 1492 2234 anno
1525 2156 1650 2257 titt-t,

251 2291 301 2370 16
319 2285 536 2370 novembris
563 2285 774 2392 indultum,
796 2307 875 2394 quo
898 2284 1153 2392 possessiones
1178 2284 1294 2393 hujus
1315 2284 1486 2368 coenobii
1514 2311 1653 2368 reeen-

248 2429 378 2502 sentur
395 2429 433 2502 et
450 2419 640 2528 quaedam
656 2416 853 2526 privilegIa
871 2416 1080 2526 singularia
1096 2418 1366 2499 conceduntur.

328 2633 448 2715 (Inedit.
465 2650 503 2694 ox
518 2629 865 2710 coiiect.1troz‚ribbuyrr
875 2628 910 2691 dc
922 2629 1173 2708 diemde-domu,
1188 2649 1236 2710 ap.
1249 2632 1326 2694 Bibi.
1337 2632 1434 2696 Cesar.
1445 2634 1553 2707 Parin,
1563 2643 1586 2696 t.
1604 2644 1652 2708 16,

365 2741 420 2802 foi.
438 2749 478 2800 tt
494 2755 579 2799 verso
593 2744 623 2800 et
636 2755 711 2818 aeq„
726 2755 763 2798 ex
778 2741 862 2816 copia
874 2738 912 2798 de
921 2739 1055 2816 originali
1068 2737 1245 2816 deprompta
1261 2771 1301 2785 -
1313 2737 1503 2800 Confirmatio
1522 2741 1653 2802 nondum

367 2847 450 2925 typis
467 2845 592 2922 prodiit;
608 2846 796 2922 privilegium
815 2861 884 2904 vcro
906 2845 1046 2905 Frideriei
1062 2846 1149 2922 primi
1166 2846 1273 2923 iegitur
1293 2862 1339 2922 ap.
1361 2845 1488 2921 Dorion,
1512 2845 1591 2908 ilict.
1607 2846 1655 2907 der

366 2953 535 3034 chauooit,
549 2959 573 3013 t.
588 2953 615 3030 i,
631 2968 771 3033 preuves,
784 2969 814 3029 p.
828 2949 949 3030 thx.)

294 3140 334 3212 iu
359 3139 498 3212 nornine
523 3147 645 3211 sancte
675 3146 710 3210 et
726 3135 908 3209 individue
926 3135 1109 3208 Trinitatis.
1137 3135 1346 3228 Fridericus,
1374 3135 1495 3208 divina
1515 3137 1655 3210 invente

247 3263 430 3336 clementia
446 3263 677 3334 Romanorum
700 3263 882 3355 imperator
907 3282 1043 3354 semper
1068 3269 1252 3354 angustus,
1277 3261 1464 3334 Jerusalem
1487 3269 1522 3333 et
1541 3261 1656 3333 Sicilie

248 3409 313 3460 rex
331 3385 579 3458 invictissimus
597 3385 685 3480 (cic).
709 3385 898 3479 imperialis
921 3385 1125 3456 excelientia
1146 3395 1228 3456 tunc
1248 3385 1411 3480 precipue
1430 3387 1486 3456 sui
1507 3386 1655 3458 nominis

248 3511 369 3582 titulos
384 3509 544 3604 ampliat,
563 3519 646 3580 tuno
659 3509 761 3582 officii
773 3509 826 3580 sui
842 3508 997 3581 debitum
1012 3507 1126 3580 reddit
1141 3530 1220 3580 oum
1237 3510 1357 3581 ienore
1372 3511 1442 3580 Dec
1459 3508 1554 3596 vivo,
1575 3531 1655 3580 oum

248 3635 323 3726 ejus
340 3632 466 3705 intuitu
484 3654 546 3726 per
568 3653 673 3727 quern
698 3643 811 3726 preest
827 3631 1037 3725 principibus
1055 3631 1148 3703 orbis
1164 3641 1271 3723 terre,
1289 3633 1366 3704 ioca
1389 3634 1462 3704 Deo
1486 3631 1599 3704 dicata
1621 3641 1656 3703 et

248 3756 429 3848 religiosas
446 3776 612 3851 personas
627 3775 690 3850 pro
705 3755 824 3827 invore
845 3764 959 3826 tuetur
981 3765 1015 3825 et
1029 3755 1140 3846 justas
1161 3776 1279 3827 earum
1297 3756 1480 3850 petitiones
1496 3756 1653 3830 exaudit.

248 3879 438 3974 Eapropter
456 3878 592 3950 noverit
618 3887 688 3949 tarn
714 3899 856 3972 presens
877 3888 951 3949 etas
969 3899 1073 3970 quam
1093 3879 1208 3950 iutnra
1225 3879 1405 3974 posteritas
1426 3879 1522 3974 quod
1546 3881 1655 3951 Hum-

248 4002 368 4074 bertus
382 4001 490 4074 abbas
509 4001 624 4074 Sancti
649 4000 807 4094 Eugendi
829 4000 942 4074 fidelis
963 4011 1078 4074 nostor
1100 4001 1147 4074 ad
1164 4003 1368 4097 presentiam
1387 4011 1537 4076 nostram
1557 4024 1656 4075 acce·

250 4125 336 4200 dens
354 4125 523 4218 majestati
543 4133 658 4198 nostre
679 4125 854 4197 humiliter
872 4126 1079 4220 supplicavit
1097 4136 1136 4197 ut
1156 4127 1397 4199 monasterium
1417 4147 1519 4198 suurn
1542 4127 1656 4198 Sancti

247 4249 407 4343 Eugendi
434 4248 529 4343 quod
553 4257 605 4322 est
629 4249 665 4319 in
691 4249 918 4341 Lugdunensi
945 4248 1095 4338 diocesi,
1126 4271 1307 4344 personam
1333 4272 1433 4322 suam
1457 4261 1492 4322 et
1514 4251 1656 4322 iratrum

249 4393 392 4445 suorum
409 4371 539 4445 ibidem
563 4372 708 4445 Domino
726 4373 964 4444 famulantium
987 4382 1021 4443 et
1041 4374 1132 4445 buna
1150 4393 1269 4445 eorum
1295 4373 1409 4445 omnia
1432 4373 1499 4445 sub
1521 4383 1658 4466 protec-

251 4496 345 4570 tione
362 4505 479 4569 nostra
491 4505 526 4568 et
544 4496 679 4591 imperii
697 4496 848 4590 recipere
866 4495 1101 4587 dignaremur.
1116 4495 1298 4581 Quuddnm
1316 4497 1419 4568 etiam
1437 4496 1656 4590 privilegium

252 4619 331 4690 oiim
348 4618 469 4694 eidem
484 4621 691 4694 monasterio
712 4620 897 4692 clementer
914 4619 1086 4694 indultum
1100 4642 1121 4692 a
1134 4619 1276 4693 domino
1292 4627 1440 4714 augusto
1456 4619 1659 4714 imperatore
