4226 5900
221 531 318 592 lenter.
338 529 398 608 ld]
670 529 864 610 HISTORIA
889 532 1181 595 utanottautce.
1269 601 1274 614 ⁸

454 812 741 826 m·
744 811 1320 826 -nn-—n—n—n———u-—ffl
1326 813 1388 826 —

273 1081 494 1165 Mandatum
512 1081 563 1164 ad
581 1091 765 1166 secretum
791 1084 985 1169 Messanae
1007 1095 1050 1168 ut
1070 1084 1198 1166 nuncii
1225 1084 1372 1167 soldani
1394 1083 1625 1194 Babyloniae

220 1211 427 1320 honorifica
444 1213 695 1323 recipiantur3
715 1241 881 1325 quorum
900 1217 1083 1298 adventus
1103 1217 1174 1299 sihi
1192 1217 1361 1300 celeriter
1371 1243 1439 1326 per
1451 1241 1624 1300 cursores

221 1345 429 1428 nuntietur.

306 1545 432 1627 (Repete.
445 1546 548 1627 imper.
563 1545 650 1609 mort.
666 1549 706 1625 11,
722 1549 774 1611 fol.
791 1557 922 1622 averso3
937 1551 968 1610 tn
979 1549 1050 1610 edit.
1066 1549 1201 1624 caream,
1216 1566 1246 1626 p.
1263 1547 1350 1630 ²⁴⁴.)

271 1722 319 1792 De
333 1721 490 1792 mandato
505 1721 672 1816 imperiali
684 1726 773 1814 sacto
781 1744 844 1816 per
860 1723 1056 1816 nepetam
1067 1723 1203 1794 Petrum
1214 1723 1254 1794 de
1266 1723 1367 1796 Viaco
1379 1724 1514 1818 scripsit
1529 1725 1571 1796 P.
1587 1723 1627 1794 de

224 1843 366 1938 Capua:
1092 1841 1095 1846 ⁵

269 1965 490 2056 Fredericus,
506 1978 589 2056 etc,
605 1978 740 2042 secreto
754 1969 929 2057 Messene,
948 1981 1014 2040 etc.
1032 1968 1203 2041 intellexit
1223 1968 1386 2042 serenitas
1401 1977 1516 2042 nostra
1533 1969 1628 2064 quod

222 2091 341 2164 nuncii
367 2091 501 2164 soldani
516 2091 704 2187 Babylonia
720 2093 781 2186 qui
805 2090 851 2163 ad
869 2092 1076 2186 presentiam
1094 2100 1244 2165 nostram
1264 2093 1473 2184 mictuntur,
1490 2093 1630 2166 suntad

223 2223 338 2309 partes
365 2215 457 2309 ipsas
483 2215 550 2286 cito
576 2215 725 2287 venturi.
748 2214 907 2287 volentes
932 2223 1047 2287 autem
1072 2215 1195 2288 missos
1220 2217 1313 2310 ipsos
1337 2215 1562 2290 advenientes
1585 2216 1631 2290 ob

224 2337 390 2408 mittentis
405 2337 565 2410 intuitum
587 2346 626 2408 ut
646 2336 811 2410 coudecet
827 2337 1014 2429 honorare,
1036 2337 1195 2410 fidelitati
1217 2347 1276 2412 tue
1293 2339 1516 2435 precipiendo
1534 2361 1631 2412 mau-

224 2461 349 2534 damus
375 2472 545 2556 qnatenus
569 2463 598 2533 si
624 2462 803 2554 contigerit
826 2461 969 2534 nuncios
996 2462 1088 2556 ipsos
1116 2461 1273 2534 interris
1299 2462 1547 2554 Jurisdictionis
1572 2472 1632 2536 tue

226 2605 423 2682 comparere
446 2584 637 2674 veniendo,
662 2585 802 2658 eosdem
823 2584 1029 2657 honoranter
1044 2586 1190 2679 recipias
1211 2586 1299 2657 sicut
1319 2585 1440 2658 honori
1460 2594 1575 2658 nostro
1598 2597 1633 2659 et

224 2709 433 2781 mittentium
446 2709 521 2783 illos
532 2708 662 2782 videris
675 2708 858 2803 expedire,
880 2707 974 2780 etde
990 2709 1135 2802 pecunia
1152 2707 1248 2780 curie
1266 2718 1381 2780 nostre
1394 2730 1503 2802 equos
1517 2719 1551 2782 et
1565 2711 1633 2783 alia

221 2833 419 2904 necessaria
439 2832 663 2928 competentia
688 2831 738 2903 cis
764 2852 876 2926 usque
899 2832 934 2901 in
950 2829 1133 2924 Apuliam,
1153 2831 1213 2903 ubi
1238 2853 1259 2903 a
1281 2833 1464 2924 justitiario
1484 2834 1634 2926 regionis

224 2955 333 3048 ipsius
358 2954 599 3027 mandavimus
622 2955 748 3050 recipi,
776 2954 917 3026 studeas
935 2952 1100 3026 exhibere
1122 2974 1183 3048 per
1205 2975 1328 3026 manus
1352 2955 1497 3047 alicujus
1522 2955 1635 3030 fidelis

224 3078 332 3150 nostri
353 3099 456 3170 quem
477 3077 522 3150 ad
546 3077 613 3149 hoc
635 3077 764 3150 videris
786 3077 1064 3172 prepoueudum;
1084 3078 1290 3171 premicteus
1308 3079 1423 3150 statim
1448 3079 1546 3174 quod
1567 3081 1634 3176 ipsi

223 3202 452 3298 applicuerint
462 3201 507 3275 ad
527 3210 579 3290 te,
596 3201 686 3273 duos
704 3222 876 3292 cursores,
892 3222 999 3272 unum
1013 3222 1075 3295 per
1088 3222 1184 3272 mare
1200 3210 1235 3274 et
1252 3202 1396 3273 alterurn
1414 3223 1475 3296 per
1491 3212 1631 3290 terram,

225 3337 263 3398 nt
279 3343 342 3419 per
356 3346 475 3397 eorum
489 3326 632 3399 alterum
648 3325 747 3396 nobis
768 3325 904 3417 singula
927 3325 1128 3397 nuntientur
1146 3345 1207 3419 per
1221 3325 1384 3418 speciales
1405 3325 1540 3400 lieteras
1555 3338 1634 3402 tuas

225 3448 367 3521 culmini
382 3457 497 3520 nostro
508 3449 736 3535 transmissas,
749 3467 809 3542 per
826 3469 913 3540 quas
930 3449 1129 3542 qualitatem
1142 3459 1176 3520 et
1189 3448 1412 3543 quantitatem
1428 3452 1634 3526 nunciorum

222 3583 256 3644 et
271 3573 507 3664 exemptiones
524 3572 574 3666 (a)
592 3570 760 3662 majestati
785 3579 898 3642 nostre
915 3573 1097 3645 missorum
1120 3581 1232 3667 preter
1251 3571 1406 3645 notitiam
1429 3575 1633 3649 nunciorum

225 3695 466 3790 indagatorum
487 3695 636 3768 seriatim
659 3705 693 3768 et
716 3696 875 3769 distincte
891 3695 1085 3788 significare
1100 3696 1247 3799 cumbis.

271 3821 397 3892 Datum
412 3820 448 3890 iu
465 3819 584 3891 castris
601 3838 707 3912 prope
725 3817 976 3904 Mediolanum,
996 3820 1042 3890 lX
1058 3820 1225 3908 octobris,
1241 3821 1318 3892 Xlll
1331 3821 1540 3896 indictionis.

271 3944 407 4016 Similes
421 3945 599 4015 factasunt
613 3941 659 4014 ad
675 3941 894 4014 Thomasium
909 3942 954 4014 de
970 3943 1164 4014 Brundusio
1181 3952 1294 4038 preter
1310 3945 1498 4018 clausulam
1513 3949 1629 4020 illam:

228 4067 315 4139 daus
328 4066 508 4160 pecuniam
527 4063 754 4136 necessariam
769 4087 832 4160 pro
843 4064 1006 4158 expensis
1017 4073 1052 4136 et
1068 4086 1175 4158 equos
1189 4077 1222 4138 ot
1235 4067 1302 4138 alia
1316 4071 1508 4142 necessaria
1521 4093 1632 4164 usque

224 4191 260 4260 iu
277 4189 454 4285 Apuliam,
477 4188 537 4259 uhi
553 4189 766 4280 ajustitiario
779 4189 928 4282 regionis
942 4189 1034 4284 ipsos
1048 4189 1154 4285 recipi
1172 4191 1464 4285 mandaverimus,
1481 4217 1543 4290 per
1557 4217 1630 4270 ma·

225 4335 296 4386 nus
311 4313 457 4404 alicujus
477 4310 588 4384 tidelis
606 4313 711 4384 nostri
728 4335 832 4406 quem
851 4312 898 4384 ad
913 4312 978 4386 hoc
995 4312 1127 4386 videris
1145 4315 1420 4409 proponendum.

272 4437 395 4507 Datum
410 4438 458 4527 (ut
469 4433 597 4530 supa).

266 4628 309 4709 (a)
329 4627 530 4690 Venstmtttter
544 4629 700 4707 legendum
709 4630 885 4690 caesionem.

303 4735 343 4794 V.

1683 1101 1711 1145 ln
1720 1100 1798 1144 sutri·

1725 1165 1776 1207 ΝΡ·

1663 1207 1687 1250 Μ
1726 1207 1827 1258 etenum,

1677 1261 1692 1303 9
1700 1259 1802 1304 octobrlt.
