4242 5904
207 627 306 694 lenter.
325 624 387 702 12]
655 620 855 682 HISTORIA
875 620 1169 684 ntrtottttvtct.
1558 619 1617 682 stt

208 757 381 852 reliquum
402 775 504 851 passe
528 752 703 845 iniuriam.
724 751 781 826 Ad
798 756 898 848 cujus
913 756 965 829 rei
983 765 1182 852 perpetuam
1195 754 1403 828 evidentiam
1425 763 1618 851 presentem

210 880 361 954 charum
380 878 463 952 inde
477 875 645 950 conscribi
661 887 696 950 et
713 879 899 971 majestatie
912 889 1028 953 nostre
1043 880 1156 974 sigillo
1162 879 1329 972 jussimus
1344 879 1560 952 communiri.
1570 921 1619 934 -

211 1004 324 1096 Hujus
349 1003 399 1076 rei
424 1011 529 1074 testes
553 1009 635 1072 eunt
661 1001 705 1072 Η.
734 1001 938 1074 Basileeusis
961 1003 1158 1098 episeopus,
1188 1001 1290 1074 Ottho
1317 1001 1393 1074 dux
1421 1002 1620 1096 Burgundio

211 1127 352 1200 illustris
370 1128 472 1198 irater
490 1135 615 1215 noster,
635 1124 813 1198 Conradus
835 1127 1006 1220 palatinus
1023 1149 1137 1199 comes
1152 1125 1283 1214 Rheni,
1302 1125 1402 1218 Hugo
1414 1125 1488 1196 dux
1505 1126 1620 1198 Divio-

211 1251 351 1339 nensis,
378 1270 492 1322 comes
519 1249 620 1341 Hugo
642 1245 687 1320 de
711 1247 879 1342 Liningen
902 1257 937 1320 et
964 1250 1023 1322 alii
1046 1249 1281 1342 quamplures.
1306 1249 1500 1318 —Datum
1525 1247 1621 1342 apud

211 1372 486 1468 Theyssonacum
498 1369 564 1467 (l),
581 1392 673 1444 auno
685 1371 819 1442 Domini
836 1373 1015 1444 millesimo
1029 1373 1216 1445 centesimo
1233 1372 1465 1464 octuagesimo
1478 1379 1618 1464 octavo,

210 1495 398 1568 indictione
415 1505 536 1585 sexta,
556 1493 691 1566 decimo
708 1494 874 1567 kalendas
893 1497 1044 1588 augusti.

258 1619 327 1691 Nos
340 1619 458 1714 itaque
470 1617 580 1714 ipsius
596 1618 904 1712 supplicationibus
916 1617 1081 1705 inclinati,
1100 1627 1235 1711 recepto
1254 1617 1299 1688 ab
1313 1616 1434 1690 eudem
1448 1618 1621 1712 Stephano

212 1739 385 1815 fidelitatis
403 1753 438 1815 ot
453 1741 602 1836 homagii
612 1743 827 1834 juramento,
848 1742 1087 1813 investivimus
1105 1763 1185 1813 eum
1205 1741 1251 1813 de
1270 1723 1424 1836 predicto
1437 1741 1541 1814 leudo
1558 1763 1622 1815 suo

212 1885 343 1938 necnon
358 1867 529 1960 prelatum
544 1865 709 1959 scriptum
723 1863 797 1937 divi
811 1865 917 1959 patris
931 1866 1039 1937 nostri
1053 1866 1159 1937 felicis
1171 1865 1415 1938 recordatiouis
1426 1875 1462 1936 et
1475 1875 1622 1958 auguste

211 1989 359 2084 presenti
371 1989 498 2084 scripto
511 1998 627 2061 nostro
643 1987 843 2082 inscriptum
858 1987 1023 2061 deverbo
1037 1989 1245 2062 adverbum
1259 1989 1427 2080 jussimus
1441 1989 1619 2080 innovari,

212 2113 410 2206 omniaque
427 2113 647 2186 continentur
663 2113 698 2181 in
715 2132 756 2184 eo
775 2111 963 2207 imperialis
980 2112 1214 2184 munificentie
1231 2111 1352 2184 robore
1367 2109 1619 2186 confirmantes.

210 2235 398 2308 Statuimus
419 2235 524 2330 igitur
540 2247 574 2307 et
593 2235 759 2330 imperiali
775 2233 948 2307 sancimus
965 2235 1078 2308 edicto
1094 2245 1266 2329 quatenus
1282 2237 1377 2308 nulla
1393 2257 1538 2330 persona
1554 2236 1623 2311 alta

211 2361 266 2432 vel
281 2359 439 2444 humilis,
457 2359 685 2432 ecclesiastica
700 2359 755 2432 vel
770 2358 968 2446 mundana,
987 2359 1180 2454 predictum
1194 2359 1405 2454 Stephanum
1422 2381 1528 2456 super
1544 2382 1622 2456 pre·

212 2483 312 2556 dictis
324 2483 497 2557 concessis
516 2483 683 2578 presentis
702 2481 818 2578 scripti
833 2483 940 2554 nostri
961 2493 1112 2554 tenorem
1131 2491 1257 2554 temere
1274 2482 1443 2578 impedire
1465 2485 1522 2557 vel
1539 2505 1623 2557 mo-

211 2606 334 2680 lestare
348 2617 535 2702 presumat.
551 2605 652 2691 Quod
668 2605 730 2700 qui
749 2605 994 2701 presumpserit
1010 2625 1133 2700 penam
1148 2605 1184 2676 in
1198 2605 1352 2699 predicto
1368 2606 1495 2701 scripto
1510 2628 1623 2702 appo-

210 2730 311 2803 sitam
322 2729 575 2824 quinquaginta
586 2729 752 2802 lihrarum
764 2731 841 2801 anri
859 2737 1055 2824 componat,
1069 2749 1217 2822 quarum
1231 2728 1397 2801 medietas
1411 2727 1493 2803 fisco
1505 2741 1621 2804 nostro

210 2854 401 2948 etreliqua
429 2853 594 2926 medietas
612 2874 713 2948 passo
735 2853 893 2946 iujuriam
913 2853 1115 2948 applicetur.
1140 2851 1195 2926 Ad
1222 2852 1327 2945 hujus
1357 2861 1474 2926 autem
1500 2855 1623 2930 inves-

208 2976 358 3070 titionis,
393 2977 624 3050 innovationis
656 2987 691 3049 et
717 2976 984 3049 confirmationis
1016 2975 1216 3050 memoriam
1248 2985 1283 3050 et
1318 2978 1423 3050 robur
1457 2990 1623 3074 perpetuo

211 3101 416 3192 valiturum,
443 3123 584 3197 presens
608 3103 772 3197 scriptum
800 3101 873 3174 lieri
903 3111 938 3173 et
961 3102 1149 3194 majestatis
1175 3111 1289 3175 nostre
1315 3102 1430 3195 sigillo
1453 3103 1622 3195 jussimus

213 3225 429 3298 communiri.

208 3395 211 3402 ι
260 3348 366 3440 Cujus
385 3349 434 3420 rei
453 3357 556 3422 testes
568 3359 649 3422 eunt
665 3352 695 3423 l.
721 3349 929 3422 venerahilis
947 3349 1226 3444 archiepiscopus
1246 3347 1470 3440 Arelatensis,
1494 3351 1623 3424 Guliel-

212 3493 289 3544 mus
313 3472 565 3544 valentinensis
600 3475 748 3562 electus,
779 3525 788 3544 .
819 3525 828 3546 .
859 3526 868 3544 .
906 3473 1088 3567 episcopus
1116 3472 1364 3562 vercellensis,
1399 3474 1441 3546 U.
1471 3473 1624 3547 marchio

213 3595 467 3686 l'allavicinns,
497 3596 545 3668 hl.
576 3595 727 3668 marchio
752 3595 962 3690 hlalaspiue,
997 3618 1111 3668 comes
1145 3597 1186 3669 G.
1218 3595 1263 3668 de
1297 3597 1467 3687 Lomello,
1497 3609 1533 3670 et
1565 3600 1624 3671 alii

213 3719 451 3812 quamplures.

261 3843 346 3912 Acta
364 3851 446 3912 sunt
463 3839 527 3912 hec
546 3861 637 3913 anuo
655 3840 828 3914 dominice
849 3841 1096 3913 incarnationis
1112 3841 1292 3913 millesimo
1315 3841 1550 3916 ducentesimo
1567 3844 1626 3914 tri-

213 3963 341 4036 oeeimo
362 3973 504 4053 octavo,
531 3985 649 4036 meuse
671 3965 842 4054 octobris,
869 3963 1075 4036 duodecima
1099 3964 1303 4056 indictione,
1335 3965 1524 4060 imperante
1555 3967 1626 4040 do-

213 4086 308 4158 mino
324 4097 439 4159 nostro
452 4087 638 4178 Friderioo,
656 4087 719 4160 Dei
733 4089 842 4180 gratia
853 4088 1083 4160 llcmauurum
1096 4088 1301 4182 imperatore
1310 4111 1446 4183 semper
1458 4103 1622 4183 augusto,

212 4209 403 4282 Jerusalem
418 4221 453 4282 et
468 4211 585 4284 Sicilie
600 4233 682 4306 rege
706 4211 947 4298 invictissimo,
969 4232 1061 4283 anno
1079 4211 1214 4306 imperii
1235 4212 1311 4304 ejus
1335 4213 1622 4301 octavodecimo,

808 4409 937 4420 ..ιι-ι-
942 4409 1155 4420 -ι--κ-ι-αι

250 4519 287 4592 (tl
304 4519 427 4576 Fomitan
443 4517 580 4593 Thoissep,
593 4519 626 4578 ad
644 4521 731 4578 locum
747 4521 793 4578 uhi
804 4521 972 4579 Chalaronno
991 4522 1018 4577 in
1032 4521 1138 4579 Ararim
1149 4521 1272 4594 conduit',
1295 4521 1352 4580 sive
1366 4521 1533 4596 Thspuila‘eu
1546 4525 1625 4597 justu

216 4613 339 4672 Sanctum
349 4615 535 4688 llamhertum,
546 4617 597 4674 nisi
609 4625 698 4676 tamen
707 4625 803 4692 agatur
812 4619 846 4675 de
859 4635 968 4677 nemore
978 4619 1048 4677 dicto
1059 4619 1090 4676 do
1100 4619 1272 4694 Thapsoonpe,
1283 4622 1355 4677 ultra
1364 4619 1498 4679 civitatem
1508 4622 1625 4692 Burgum

215 4727 310 4771 versus
319 4713 463 4772 cumitrtvte
477 4715 646 4789 Burgundios
658 4715 735 4774 llnos.
