4278 5920
499 549 558 620 1'58
849 608 857 624 .
995 559 1209 621 FllllllllilCl
1234 559 1407 620 suenum
1717 561 1798 639 [llam
1816 561 1902 624 1938.

495 700 576 762 runt
593 699 707 763 nostre
724 692 946 786 beneplacitis
963 694 1167 785 majestatie,
1183 694 1219 764 in
1233 694 1377 788 gratiam
1394 701 1545 764 nostram
1562 693 1767 787 recepimus,
1787 695 1903 765 remit·

495 821 605 886 tentes
620 814 671 886 eis
687 836 823 887 omnem
840 815 1002 888 offensam
1020 839 1127 910 quam
1144 827 1261 890 contra
1276 838 1339 890 nos
1356 827 1391 888 et
1409 815 1592 912 imperium
1609 816 1676 888 risi
1692 826 1773 888 sunt
1789 815 1903 888 bacte-

496 960 564 1009 nus
582 938 804 1010 commisisse.
836 941 884 1010 De
913 939 1180 1011 habundantiori
1209 961 1348 1033 quoque
1374 940 1484 1030 gratia
1518 948 1636 1012 nostra
1663 938 1904 1012 confirmamus

496 1059 626 1133 eisdem
654 1061 788 1134 civibus
804 1062 1076 1134 Vercellensibus
1098 1060 1260 1135 fidelibus
1279 1063 1404 1135 nostris
1431 1064 1542 1135 bonos
1560 1085 1645 1134 usus
1668 1074 1703 1134 et
1719 1073 1902 1135 cousuetu-

498 1183 598 1258 dines
618 1188 822 1281 approbatas
838 1187 965 1280 quibus
983 1187 1036 1258 usi
1054 1195 1135 1258 sunt
1153 1197 1221 1258 mm
1238 1188 1273 1258 in
1288 1188 1670 1260 civitateVercellarum
1687 1208 1791 1279 quam
1807 1195 1905 1258 extra
2031 1179 2035 1185 ’

497 1310 711 1404 temporibus
724 1309 885 1382 divorum
900 1321 1125 1405 augustorum
1148 1313 1404 1412 progenitorum
1424 1321 1617 1384 nostrorum
1634 1309 1795 1382 memorie
1806 1329 1906 1382 reco-

495 1433 599 1506 lende
617 1455 727 1527 usque
743 1435 789 1507 ad
805 1433 871 1508 hec
888 1435 1000 1507 felicia
1020 1445 1173 1530 tempora
1191 1445 1325 1527 nostra,
1348 1455 1481 1508 necnon
1496 1443 1530 1507 et
1547 1434 1780 1530 possessiones
1797 1455 1837 1506 ac
1852 1455 1907 1508 res

495 1579 583 1652 quas
604 1557 697 1630 intus
714 1557 885 1630 civitatem
910 1560 1016 1652 ipsam
1033 1570 1068 1630 et
1091 1559 1323 1654 episcopatum
1343 1567 1377 1630 et
1394 1566 1493 1630 extra
1505 1558 1598 1650 juste
1614 1567 1649 1630 et
1664 1557 1908 1630 rationabiliter

496 1691 612 1754 tenere
629 1691 883 1754 consueverunt
899 1683 1065 1755 hactenus
1089 1692 1123 1754 et
1134 1683 1274 1771 babere,
1296 1691 1412 1777 utpote
1431 1703 1510 1754 cum
1529 1681 1623 1754 cives
1638 1681 1776 1754 eosdem
1789 1681 1851 1774 qui
1868 1690 1906 1752 ut

497 1804 629 1878 dictum
646 1813 699 1876 est
713 1805 837 1876 uostris
853 1805 1075 1899 beneplacitis
1092 1805 1224 1899 precise
1239 1828 1276 1878 se
1293 1804 1486 1894 dederunt,
1506 1825 1591 1899 pace
1601 1861 1609 1890 ,
1620 1804 1752 1896 justitia
1765 1810 1799 1875 et
1814 1803 1906 1875 bono

495 1935 584 2001 statu
598 1927 802 1999 habundare
812 1929 973 2018 velimus,
996 1929 1091 2000 salva
1107 1929 1142 1999 in
1159 1929 1321 2000 omnibus
1335 1937 1368 2000 et
1380 1949 1442 2022 per
1453 1928 1568 2000 omnia
1584 1927 1752 2022 imperiali
1761 1927 1903 2018 justitia.

495 2051 550 2126 Ad
572 2051 678 2143 hujus
700 2061 815 2123 autem
838 2051 888 2123 rei
917 2053 1115 2123 memoriam
1137 2061 1171 2122 et
1189 2052 1346 2124 stabilem
1364 2049 1557 2123 firmitatem
1579 2072 1719 2146 presens
1743 2051 1907 2146 scriptum

496 2175 571 2249 lieri
588 2185 622 2246 et
640 2175 753 2268 sigillo
772 2175 955 2266 majestatis
973 2186 1088 2248 nostre
1105 2175 1271 2269 jussimus
1286 2174 1502 2246 communiri.

543 2301 667 2370 Datum
686 2298 809 2392 Papio,
826 2319 916 2370 anno
934 2297 1105 2370 dominice
1125 2297 1370 2370 incarnationis
1385 2295 1567 2368 millesimo
1593 2293 1828 2369 ducentesimo
1847 2296 1909 2367 tri-

496 2422 627 2518 gesimo
643 2430 784 2512 octavo,
800 2425 929 2494 mensis
941 2421 1108 2513 januarii,
1124 2421 1308 2494 undecimo
1328 2405 1543 2512 indictionis,
1562 2419 1751 2514 imperante
1768 2417 1908 2491 domino

496 2555 613 2618 nostro
628 2545 807 2618 Frederico
826 2544 991 2632 secundo,
1009 2545 1071 2618 Dei
1085 2545 1195 2640 gratia
1211 2545 1437 2618 invictissimo
1455 2544 1687 2616 Romanorum
1705 2543 1908 2638 imperatore

497 2691 633 2765 semper
650 2677 810 2762 augusto,
821 2669 1007 2742 Jerusalem
1022 2677 1056 2741 et
1069 2669 1183 2742 Sicilie
1199 2689 1295 2764 rege,
1312 2667 1448 2764 imperii
1467 2670 1542 2761 ejus
1555 2687 1647 2740 anno
1660 2666 1904 2758 nonodecimo,

412 2799 415 2808 '
498 2794 594 2888 regui
609 2793 794 2864 Jerusalem
808 2791 1055 2884 tertiodecimo,
1077 2792 1175 2886 regni
1189 2813 1274 2866 vero
1289 2791 1404 2864 Sicilie
1418 2790 1589 2866 tricesimo
1603 2811 1695 2862 nono
1710 2787 1781 2886 (t),
1803 2789 1907 2861 lelici·

497 2928 562 2990 ter.
581 2915 705 2988 Amen.

544 3042 620 3132 Ego
642 3039 813 3111 Oliverins
833 3038 924 3112 filius
941 3038 1119 3132 quondam
1141 3038 1310 3110 Guillelmi
1335 3039 1416 3110 Nasi
1435 3039 1556 3112 notarii
1573 3038 1785 3111 autenticum
1805 3037 1909 3130 hujus

497 3164 648 3260 exempli
666 3163 850 3256 sigillatum
869 3163 980 3255 sigillo
999 3184 1097 3236 cereo
1116 3163 1304 3259 imperialis
1318 3164 1517 3258 majestatis,
1534 3171 1599 3235 etc.

738 3489 1654 3505 -U—-u——numn--n-—n-—m—-a-uonn-ou—an—
1661 3489 1677 3500 n

403 3823 432 3910 ’ὦ
549 3792 781 3897 Fridericus,
803 3791 1061 3875 Romanorum
1088 3791 1307 3900 imperator,
1332 3815 1402 3898 pro
1430 3789 1548 3898 gratis
1575 3787 1713 3874 civium
1738 3785 1908 3872 Arenio-

496 3927 672 4010 nensium
701 3924 876 4031 seruitiis,
901 3923 1136 4006 universitati
1155 3948 1288 4006 eornm
1304 3921 1368 4031 jus
1395 3923 1567 4005 concedit
1584 3920 1790 4030 accipiendi
1814 3919 1908 4001 lbo-

495 4061 650 4144 loneum
688 4060 764 4143 sire
799 4059 1004 4168 pedagium
1049 4057 1191 4141 ibidem
1228 4081 1472 4166 expressum,
1510 4055 1709 4139 clausurae
1751 4051 1908 4137 civitatis

495 4192 667 4303 ejusdem
699 4194 898 4276 commode
927 4191 1151 4275 reficiendae
1182 4189 1474 4300 applicandum,
1503 4187 1624 4272 donec
1649 4185 1690 4270 id
1720 4183 1835 4296 recipi
1861 4185 1909 4266 de

497 4351 567 4408 suo
585 4325 820 4435 beneplacito
842 4324 968 4408 fuerit.

530 4685 569 4758 (t)
588 4685 686 4745 Mende
695 4645 817 4757 evidens,
832 4697 915 4756 quum
926 4697 1013 4740 annus
1026 4681 1101 4756 regni
1116 4679 1223 4741 Siciliae
1240 4685 1304 4738 tunc
1317 4677 1539 4754 quadragesimus
1549 4677 1638 4738 luerit.
