4242 5904
207 623 303 678 lrnrcn
324 613 385 698 ill
658 609 855 672 HISTORIA
882 609 1174 670 blendumen.
1563 607 1623 669 213

207 751 313 824 iidem
332 771 457 846 puram
473 757 508 820 et
525 746 748 820 devotionem
762 745 929 818 sinceram
943 767 1049 838 qnam
1063 743 1154 838 prior
1171 753 1205 814 et
1221 755 1411 814 conventus
1428 743 1622 813 monasterii

207 874 324 945 Sancti
338 871 526 947 Salvatoris
544 871 590 944 de
604 869 777 960 venetiis,
798 865 919 940 fideles
934 867 1063 953 nostri,
1088 867 1135 938 ad
1153 888 1216 936 uos
1236 875 1270 935 et
1286 886 1423 936 sacrum
1440 865 1622 960 imperium

206 997 353 1088 babent,
381 1018 446 1090 pro
469 994 576 1090 gratis
600 1011 744 1086 quoqne
768 990 921 1064 servitiis
945 1011 1015 1084 que
1041 990 1142 1062 uobis
1166 999 1200 1062 et
1223 989 1367 1083 imperio
1387 989 1623 1061 exbibuerunt

206 1130 349 1193 actenus
374 1129 504 1213 etque
533 1115 701 1190 exhibere
729 1124 890 1208 poterunt
913 1115 1072 1186 inantea
1098 1113 1266 1208 gratiora,
1289 1113 1334 1184 ad
1361 1113 1621 1208 suplicatiouem

206 1244 382 1337 ipsorum,
400 1241 539 1315 eosdem
562 1240 711 1333 priorem
736 1249 772 1310 et
795 1247 1003 1310 conventum
1028 1257 1161 1327 necnon
1185 1246 1219 1308 et
1244 1237 1357 1329 ipsum
1377 1239 1621 1310 monasterium

207 1387 286 1437 cum
301 1367 462 1438 omnibns
480 1363 653 1458 grangiis,
671 1361 947 1455 possessionibus
963 1371 998 1430 et
1012 1361 1174 1430 omnibus
1193 1361 1269 1429 aliis
1288 1360 1390 1431 bouis
1405 1361 1478 1432 suis
1497 1383 1566 1454 que
1584 1364 1620 1433 in

207 1492 455 1584 presentiarum
481 1491 574 1580 juste
599 1495 716 1559 tenent
737 1493 772 1557 et
794 1484 971 1579 possident
993 1495 1027 1555 et
1053 1485 1086 1554 in
1111 1494 1209 1555 antea
1231 1485 1325 1573 justo
1341 1484 1438 1555 titulo
1462 1495 1621 1578 poterunt

207 1615 376 1708 adipisci,
393 1612 460 1685 sub
479 1611 688 1706 protectione
699 1631 740 1680 ac
754 1608 955 1682 defensione
970 1609 1130 1680 culminis
1142 1609 1246 1679 nostri
1266 1609 1449 1701 recipimus
1462 1611 1617 1703 speciali,

207 1734 413 1807 mandantes
432 1745 605 1829 quatenns
629 1733 746 1804 nullus
768 1733 812 1803 sit
834 1733 894 1826 qni
923 1735 1070 1826 prelatos
1096 1733 1242 1827 priorem
1268 1743 1302 1802 et
1325 1742 1533 1804 conventum
1559 1745 1621 1806 aut

206 1859 435 1953 prescriptum
455 1857 701 1930 monasterium
718 1877 840 1928 eorum
859 1857 895 1926 iu
913 1857 1074 1928 omuibus
1101 1857 1271 1950 grangiis,
1294 1857 1568 1950 possessionibus
1586 1869 1621 1932 et

204 1981 380 2072 jamdictis
403 1983 479 2054 aliis
504 1983 605 2054 bouis
629 1982 702 2054 suis
730 1990 848 2054 contra
873 1981 1040 2073 presentis
1066 1981 1182 2074 scripti
1206 1989 1240 2052 et
1263 1982 1482 2073 protectionis
1507 1993 1621 2057 nostre

206 2113 360 2176 tenorem
378 2126 466 2176 ausu
487 2105 667 2177 temerario
690 2103 903 2198 iuquietare,
927 2104 1106 2176 molestare
1129 2125 1190 2176 scu
1215 2105 1414 2198 perturbare
1429 2117 1617 2200 presumat.

207 2226 310 2311 Quod
332 2228 393 2321 qui
412 2228 659 2323 presumpserit
679 2227 953 2320 indignationem
979 2227 1140 2298 culminis
1163 2229 1268 2299 nostri
1289 2249 1327 2300 se
1344 2230 1479 2300 noverit
1500 2231 1621 2303 iucur-

206 2373 328 2424 surum
347 2361 381 2424 et
404 2353 655 2447 quinquaginta
677 2351 784 2422 libras
801 2351 878 2422 auri
898 2350 1019 2446 optimi
1046 2371 1108 2444 pro
1127 2372 1213 2444 pena
1231 2329 1515 2446 compositurum,
1533 2377 1622 2448 qua·

208 2497 283 2546 rum
310 2477 478 2549 medietas
504 2475 586 2550 fisco
612 2485 727 2549 nostro
756 2484 791 2548 et
816 2475 952 2570 reliqna
976 2474 1142 2548 medietas
1174 2477 1285 2570 passis
1316 2477 1475 2568 injuriam
1504 2481 1622 2574 appli-

208 2607 315 2671 catur.
338 2597 394 2673 Ad
412 2601 516 2693 hujus
542 2601 661 2695 itaque
683 2599 903 2696 protectionis
923 2609 1038 2670 nostre
1060 2600 1259 2671 memoriam
1283 2609 1317 2672 et
1334 2601 1439 2672 robur
1458 2615 1622 2698 perpetuo

208 2723 414 2816 valiturum,
443 2745 585 2820 presens
613 2725 778 2820 scriptum
811 2721 885 2796 lieri
908 2734 942 2796 ct
969 2723 1082 2818 sigillo
1107 2724 1293 2815 majestatis
1319 2735 1434 2798 nostro
1457 2727 1623 2819 jussimus

206 2847 422 2918 communiri.

254 2970 380 3040 Datum
397 2970 546 3062 Verone,
571 2992 662 3044 anuo
686 2972 863 3046 dominice
890 2972 1135 3045 incarnationis
1153 2973 1200 3046 Μ.
1215 2971 1277 3045 CC.
1294 2974 1485 3066 XXXlllll,
1505 2997 1624 3050 meuse

205 3091 314 3183 junii,
332 3089 515 3168 undecime
529 3095 737 3169 indictionis.

428 3397 1412 3415 Quum-q·—

261 3666 493 3770 Friderious,
513 3669 774 3752 Romanorum
791 3669 1012 3778 imperator,
1033 3671 1198 3779 priorem
1217 3683 1255 3753 et
1276 3684 1504 3756 conventum
1526 3702 1621 3761 mo·
1683 3711 1796 3808 apua,

210 3801 362 3883 casterii
377 3801 504 3884 Sancti
523 3801 695 3883 Andreae
717 3803 766 3883 de
784 3801 923 3884 Littore
946 3829 1035 3884 cum
1058 3805 1237 3886 omuibus
1262 3807 1567 3912 possessionibus
1584 3823 1622 3893 et
1702 3768 1775 3822 ω’

211 3931 318 4016 bouis
336 3959 470 4017 eorum
490 3934 562 4017 sub
581 3961 651 4018 sua
668 3933 902 4044 protectione
919 3948 956 4017 et
974 3935 1191 4018 defensioue
1211 3937 1363 4046 speciali
1381 3941 1526 4050 recipit.

289 4146 393 4226 (Edld.
409 4149 507 4209 Fure.
525 4149 691 4222 Cosanum,
704 4145 907 4228 Sopptement.
922 4147 964 4208 cd
975 4145 1070 4211 eccles.
1091 4150 1189 4211 Vocet.
1205 4157 1233 4210 ct
1252 4149 1385 4226 Torcell„
1400 4171 1432 4232 p.
1449 4155 1533 4235 87³.)

254 4332 457 4425 Fodericns,
475 4335 536 4406 Dei
558 4336 667 4428 gratia
691 4338 921 4410 Romanorum
942 4338 1126 4431 imperator
1148 4361 1284 4435 semper
1311 4354 1500 4436 augustus,
1517 4346 1621 4418 leru-

210 4457 311 4528 salem
338 4466 373 4530 et
400 4457 514 4530 Sicilie
538 4481 615 4531 rex.
647 4460 711 4532 Per
737 4483 879 4556 presens
907 4461 1072 4555 scriptum
1098 4472 1218 4535 uotum
1245 4462 1318 4536 fieri
1342 4468 1503 4542 volumus
1534 4477 1620 4544 uui-

212 4581 335 4670 versis,
359 4591 425 4654 etc.
447 4578 619 4678 [Sequitur
643 4584 683 4654 dc
705 4587 802 4656 aerbo
820 4587 866 4656 ad
889 4587 1022 4656 verboru
1044 4587 1128 4658 sicut
1156 4590 1193 4657 iu
1211 4593 1426 4682 praecedento
1448 4597 1619 4690 prior'lcpt'o

212 4704 273 4774 oiri
284 4705 371 4796 pared
385 4707 747 4801 bpitor:atteudeutes
759 4731 899 4804 quoque
913 4709 1018 4784 fidem
1033 4734 1155 4807 puram
1167 4723 1199 4786 et
1214 4714 1434 4790 devotionem
1450 4722 1617 4796 sinceram
