4246 5906
495 547 556 608 510
994 547 1209 608 ruinnnlcl
1240 547 1415 608 securint
1720 549 1801 628 [Au.
1821 549 1907 614 two.

495 680 580 751 dum
595 681 761 753 hactenns
776 680 852 754 dari
868 693 1136 772 consueverunt,
1150 682 1196 755 ad
1209 683 1468 777 requisitionem
1480 691 1577 755 tuam
1588 683 1715 758 debeat
1727 685 1904 760 exhibere.

493 803 535 874 Et
551 803 716 895 quoniam
732 827 795 898 pro
813 805 931 877 multis
944 805 1173 900 negotiisque
1186 805 1287 878 nobis
1302 806 1507 880 incumbunt
1520 807 1568 880 ad
1582 829 1739 903 presens,
1759 811 1908 904 pecunia

493 937 545 999 est
563 927 662 999 nobis
679 927 868 1002 admodum
890 939 1077 1024 oportuna,
1102 927 1259 1002 fidelitati
1278 939 1337 1001 tue
1359 929 1580 1025 precipiendo
1598 931 1805 1004 mandamus
1824 955 1907 1027 qua·

493 1057 594 1122 tenus
610 1049 742 1121 ambitu
766 1073 944 1122 murorum
963 1059 1152 1124 castrorum
1173 1059 1368 1124 nostrorum
1386 1052 1517 1146 ubique
1542 1055 1712 1148 completo
1730 1063 1769 1126 nt
1785 1054 1904 1126 deien-

492 1174 624 1246 sionem
637 1175 815 1248 decentem
828 1175 1013 1248 videantur
1022 1175 1172 1266 habere,
1190 1177 1313 1248 ceteris
1325 1175 1494 1248 hedificiis
1504 1177 1629 1250 nostris
1641 1178 1906 1273 supersedeatur

491 1296 538 1371 ad
553 1319 706 1391 presens.
727 1299 831 1384 Quod
847 1299 878 1371 si
892 1301 1009 1394 alique
1029 1301 1122 1373 volte
1140 1309 1254 1372 essent
1272 1301 1308 1371 in
1324 1299 1375 1373 eis
1392 1309 1453 1372 ant
1466 1301 1581 1395 aliqua
1596 1301 1732 1374 officina
1746 1323 1818 1396 que
1839 1301 1904 1375 nisi

492 1420 771 1516 cohoperirentur
783 1435 922 1518 possent
935 1423 1066 1497 destrui
1076 1425 1131 1498 vei
1145 1423 1357 1513 deteriorari,
1369 1446 1429 1497 eas
1442 1435 1614 1518 quaterms
1630 1425 1812 1499 commode
1822 1428 1904 1499 sub-

491 1545 608 1618 stineri
633 1547 774 1640 poterit,
795 1549 975 1622 commode
991 1551 1153 1622 volumus
1173 1547 1362 1643 cohoperiri
1380 1557 1415 1620 et
1440 1549 1569 1643 aptari,
1595 1571 1640 1622 ne
1664 1557 1803 1643 proptu
1821 1551 1904 1644 plu-

489 1669 582 1742 viam
597 1669 832 1763 destruantur,
847 1674 1018 1746 ommissis
1033 1682 1072 1744 ut
1083 1673 1215 1746 dictum
1226 1681 1279 1744 est
1290 1672 1365 1744 aliis
1379 1671 1592 1744 edificiorum
1606 1673 1783 1768 expensis.
1794 1675 1904 1770 Super

490 1815 560 1888 quo
588 1803 720 1867 secreto
747 1796 906 1868 Messene
933 1795 1025 1868 fideii
1053 1806 1171 1869 nostro
1196 1803 1329 1868 nostras
1354 1797 1488 1868 lieteras
1516 1795 1750 1886 destinamus,
1778 1805 1819 1868 ut
1843 1799 1904 1870 tibi

492 1939 553 2010 pro
572 1917 639 2012 hys
663 1918 856 1992 necessaria
875 1917 1013 1992 studeat
1034 1919 1283 1990 exhiberem
1299 1939 1382 1990 vero
1404 1939 1510 2014 snper
1524 1918 1591 1990 hoc
1608 1917 1772 1990 sollicitus
1787 1929 1823 1992 ct
1839 1941 1903 1993 ao-

490 2049 625 2133 tentns,
651 2042 765 2136 ipsum
784 2051 824 2112 ut
845 2042 987 2136 expedit
1007 2043 1180 2136 requirere
1196 2063 1265 2114 non
1289 2051 1487 2138 postponas.
1510 2043 1657 2116 ffimum
1674 2042 1719 2115 dc
1737 2043 1901 2116 sollicitu-

491 2163 573 2237 dine
603 2173 637 2236 et
662 2165 779 2238 labore
804 2187 910 2260 quem
929 2165 1144 2260 assumpsisti
1166 2187 1271 2262 snper
1293 2165 1514 2238 inveniendis
1535 2166 1628 2262 ayris
1651 2166 1847 2261 hayronum
1868 2177 1902 2239 et

490 2289 572 2360 locis
595 2288 655 2359 nbi
678 2287 827 2382 degunt,
852 2299 886 2362 te
903 2289 1072 2362 duximus
1091 2288 1425 2377 commendandum,
1448 2289 1545 2384 quod
1565 2291 1769 2362 excellentia
1788 2301 1901 2362 nosue

490 2411 571 2484 satis
603 2411 751 2485 delectat
784 2411 923 2501 andire,
958 2435 1022 2485 nec
1054 2413 1172 2484 minus
1200 2413 1449 2507 presentialiter
1483 2412 1602 2486 videre
1634 2423 1803 2509 peroptat.
1837 2415 1902 2487 Pro

489 2557 592 2632 opere
612 2557 693 2608 vero
709 2535 872 2609 Cathanie
891 2545 1070 2609 attractum
1088 2545 1122 2610 et
1134 2557 1354 2630 quecumque
1369 2537 1562 2610 necessaria
1584 2538 1688 2610 iacias
1706 2539 1898 2633 preparari,

490 2669 545 2750 ut,
561 2667 628 2732 otc.

537 2784 660 2855 Datum
680 2781 776 2878 apud
793 2781 964 2874 Laudem,
987 2783 1080 2854 XVII
1100 2782 1316 2872 novembris,
1328 2783 1405 2854 Xill
1422 2779 1630 2856 indictionis.

539 2905 621 2979 Item
634 2905 743 2977 eodem
756 2908 809 2978 die
823 2907 861 2976 de
875 2906 985 2978 codem
998 2906 1157 2977 mandato
1170 2907 1302 3000 scripsit
1320 2905 1407 2976 idem
1422 2929 1435 2975 :

550 3029 557 3128 Ι
578 3031 791 3123 Fredericus,
801 3029 1074 3122 etc.,Guiileimo
1085 3029 1293 3126 deAngione
1296 3029 1482 3122 justitiario
1490 3029 1663 3120 inSiciiia,
1674 3037 1739 3101 etc.
1750 3029 1901 3124 Benigne

489 3157 616 3251 recepit
628 3155 795 3228 serenitas
811 3163 927 3226 nostra
948 3153 1145 3227 devotionis
1162 3163 1221 3226 tue
1238 3155 1373 3228 lieteras
1389 3154 1526 3227 diversa
1544 3152 1589 3226 dc
1610 3153 1760 3226 servitiis
1777 3155 1900 3228 nostris

490 3281 700 3354 continentes
723 3279 891 3374 capitula,
914 3299 1003 3372 quas
1024 3287 1140 3351 nostro
1162 3278 1305 3349 culmini
1321 3277 1511 3350 destinasti.
1530 3276 1632 3362 Quod
1652 3286 1769 3348 antem
1790 3278 1899 3349 servi-

490 3407 613 3478 tiorum
637 3411 831 3475 nostrorum
849 3401 1026 3475 studiosus
1050 3411 1085 3473 et
1106 3401 1256 3495 diligens
1277 3402 1369 3474 circa
1393 3401 1641 3495 exequtionem
1657 3399 1898 3474 mandatorum

489 3537 681 3602 nostrorum
713 3535 747 3596 et
775 3525 995 3598 commodum
1024 3525 1119 3596 curie
1147 3535 1262 3596 nostre
1294 3526 1488 3620 frequenter
1517 3523 1667 3597 intendis
1696 3533 1731 3596 et
1762 3523 1898 3598 edificia

489 3661 604 3723 nostra
626 3659 660 3721 et
674 3649 741 3720 alia
763 3647 887 3720 nostris
910 3647 1041 3719 solatiis
1059 3647 1222 3742 deputata
1236 3647 1378 3719 sollicite
1395 3647 1633 3741 perscrutaris,
1659 3657 1753 3718 tuam
1773 3646 1898 3718 indus-

488 3777 589 3846 triam
604 3771 898 3860 oommendamus,
913 3779 1049 3865 gratnm
1064 3770 1167 3842 etiam
1178 3779 1374 3866 reputantes
1389 3770 1475 3844 illud
1487 3770 1584 3866 quod
1598 3769 1644 3843 de
1658 3779 1771 3842 castro
1784 3779 1897 3842 nostro

488 3899 644 3992 Auguste
658 3905 692 3970 et
709 3917 812 3992 opere
831 3895 976 3987 vivarii,
999 3903 1033 3968 et
1051 3895 1199 3967 aliorum
1217 3905 1406 3968 castrorum
1430 3906 1623 3968 nostrornm
1642 3915 1790 3989 quorum
1812 3915 1897 3990 prn-

488 4043 623 4096 cessum
643 4021 726 4094 satis
744 4020 904 4094 distincte
920 4029 979 4092 tue
1003 4019 1120 4093 lictere
1142 4019 1382 4112 continebant,
1406 4019 1574 4113 majestati
1599 4029 1714 4092 nostre
1731 4017 1897 4091 nunciare

487 4148 626 4220 curasti.
648 4146 691 4218 Et
711 4146 793 4240 qnia
810 4166 873 4242 pro
893 4145 1008 4216 multis
1027 4153 1061 4216 et
1082 4143 1200 4217 arduis
1224 4143 1371 4238 negotiis
1392 4143 1697 4240 imperii-pecunie
1721 4142 1823 4236 eopia
1846 4152 1898 4213 est

487 4273 585 4345 nobis
607 4269 653 4343 ad
674 4291 814 4365 presens
831 4269 1017 4364 plurimum
1038 4277 1226 4362 oportuna,
1245 4269 1407 4340 volumus
1425 4277 1460 4340 et
1481 4267 1686 4341 mandamns
1700 4273 1739 4336 ut
1765 4264 1895 4336 ambitu

486 4405 618 4467 tantum
638 4413 813 4464 murorum
838 4401 1026 4464 castrorum
1049 4401 1243 4464 nostrorum
1269 4391 1400 4486 ubique
1423 4393 1591 4486 completo
1609 4389 1704 4482 quod
1729 4387 1897 4459 munitio-

486 4539 565 4588 nem
591 4515 769 4588 deccntsm
798 4513 984 4588 videantur
1012 4515 1158 4603 habere,
1189 4525 1225 4586 et
1253 4515 1445 4609 cohopsrtis
1470 4515 1574 4586 voltis
1601 4523 1636 4585 et
1654 4511 1802 4584 officinis
1827 4531 1896 4604 que

485 4650 622 4736 propter
644 4639 797 4735 pluviam
821 4639 949 4711 destrui
974 4639 1029 4711 vei
1053 4639 1252 4712 deteriorari
1272 4647 1427 4734 possent,
1456 4638 1577 4712 octaris
1600 4635 1746 4710 edificiis
1769 4643 1806 4706 et
1825 4655 1896 4706 ex-
