4278 5920
231 582 329 646 lcum.
345 575 407 662 lu]
680 571 878 636 HISTORIA
902 569 1196 634 nlrnounnlcn

271 1107 522 1218 ¹liridericus,
549 1107 810 1192 Romanorum
839 1106 1059 1215 imperator,
1087 1103 1272 1214 magistro
1302 1104 1441 1187 domus
1470 1105 1646 1188 Thente-
1691 1182 1706 1215 ,
1788 1183 1810 1214 ,

236 1242 407 1324 nieorum
426 1238 558 1324 scribit
574 1241 624 1324 de
640 1247 763 1324 morte
779 1237 881 1348 regis
898 1237 1079 1322 Iohannis
1102 1236 1221 1320 soceri
1241 1235 1315 1342 sui,
1335 1237 1524 1320 mandans
1541 1237 1647 1344 quod

235 1373 310 1457 dno
327 1371 411 1482 ejus
428 1372 497 1454 filii
516 1373 566 1454 ad
585 1396 695 1455 snam
710 1374 963 1479 praesentiam
980 1371 1231 1452 deducantur.

314 1594 412 1674 (lldlt.
429 1611 480 1672 ap.
498 1593 582 1656 Patr.
599 1590 634 1654 da
658 1591 755 1652 Vincis
772 1587 969 1671 epotot.,1tb.
993 1591 1046 1666 lv,
1061 1607 1127 1668 cap.
1147 1591 1214 1668 XV,
1235 1591 1303 1652 coll.
1324 1607 1394 1654 cnm
1415 1591 1484 1657 cod.
1506 1591 1645 1656 Blbllotb.

354 1699 452 1762 coar.
467 1701 578 1776 Parin,
592 1694 690 1759 Foeda
702 1694 948 1760 Sciat-Gamla
957 1693 1081 1774 notua,
1096 1707 1129 1758 n·
1144 1693 1228 1776 ⁴⁵5.)

282 1891 490 1982 Fridericns,
508 1901 591 1980 etc,
610 1890 800 1964 venerabili
813 1890 976 1984 magistro
993 1890 1117 1963 domos
1130 1889 1429 1982 Tbeotonicorum,
1445 1899 1511 1964 etc.
1526 1893 1648 1966 Gravis

236 2015 423 2090 admodum
444 2025 480 2088 ot
497 2015 661 2088 molestus
687 2033 806 2086 rumor
825 2013 927 2086 nobis
949 2013 1115 2104 occurrit,
1139 2013 1184 2088 de
1211 2013 1307 2086 obitu
1332 2013 1472 2088 illustris
1490 2015 1582 2110 mgis
1596 2013 1648 2111 (a)

236 2139 397 2212 Iohannis
411 2139 590 2232 qnondam
606 2137 721 2210 dilecti
733 2137 843 2209 soceri
859 2135 982 2227 nostri,
1001 2135 1137 2210 noviter
1150 2136 1335 2210 nunciatus
1350 2136 1413 2234 (l),
1434 2159 1499 2210 nec
1516 2139 1648 2234 absque

237 2263 386 2336 maxima
408 2262 586 2357 potuimus
603 2260 708 2333 animi
727 2261 922 2334 turbatione
946 2261 1109 2350 transire,
1132 2258 1228 2354 qnod
1246 2259 1282 2330 in
1300 2269 1390 2332 statu
1417 2261 1534 2334 minus
1549 2284 1649 2359 pros-

236 2407 317 2481 pero
334 2387 517 2480 contigerit
540 2383 766 2458 intortunium
782 2385 901 2457 mortis
916 2385 1004 2476 ejus.
1021 2383 1103 2456 Erat
1126 2383 1219 2455 enim
1240 2383 1346 2456 nostri
1364 2385 1546 2480 propositi,
1560 2387 1649 2460 'sicut

237 2509 295 2580 tibi
310 2509 486 2581 credimus
501 2529 571 2582 non
587 2509 765 2602 ignotum,
784 2507 814 2580 si
834 2507 1028 2581 ulteriorem
1048 2505 1183 2580 dierum
1202 2493 1387 2580 torminum
1402 2507 1468 2580 sibi
1482 2510 1649 2586 Dominus

236 2632 447 2724 indulsisset,
458 2633 570 2730 ipsius
585 2632 763 2706 nobiscum
777 2632 905 2706 babere
916 2633 1122 2728 presentiam
1135 2641 1175 2704 nt
1192 2652 1257 2704 suo
1270 2631 1531 2726 provideremus
1544 2637 1649 2709 statui

236 2755 474 2831 condecenter.
495 2739 563 2830 Sed
581 2757 683 2852 qnia,
700 2767 739 2829 ut
755 2757 901 2830 Domino
926 2757 1070 2854 placuit,
1091 2765 1207 2830 nostro
1223 2755 1396 2831 desiderio
1419 2766 1472 2830 ast
1490 2781 1554 2832 sna
1576 2761 1649 2836 vita

236 2881 386 2973 sublata,
408 2881 620 2978 propositum
644 2881 739 2976 quod
757 2879 804 2954 ud
824 2881 933 2976 ipsius
947 2879 1239 2954 honorificentiam
1255 2901 1344 2976 puro
1357 2882 1649 2976 compatiebamur

237 3005 383 3095 affectu,
411 3015 614 3080 convertere
639 3006 803 3079 volumus
830 3004 877 3080 ad
904 3004 1085 3079 commoda
1113 3002 1275 3078 liliorum.
1306 3005 1396 3090 Quia
1426 3006 1531 3096 igitur
1558 3008 1648 3081 duos

237 3127 323 3203 lilios
337 3153 440 3223 snos,
455 3153 545 3225 quos
560 3129 763 3204 audivimus
779 3150 856 3203 esse
869 3129 1038 3220 Venetiis,
1053 3129 1233 3202 nobiscum
1249 3129 1412 3202 volumus
1427 3129 1555 3206 babere
1567 3153 1648 3226 pre·

237 3263 367 3344 santes,
396 3253 603 3327 mandamus
630 3251 806 3326 devotioni
830 3261 889 3325 tue
916 3261 1089 3348 quatenus
1115 3252 1162 3324 ita
1185 3251 1327 3326 studeas
1349 3253 1525 3348 ordinare,
1550 3255 1649 3350 qood

238 3376 378 3450 cosdem
404 3397 531 3472 pueros
552 3375 683 3450 habeas
705 3385 741 3449 et
763 3374 808 3447 ad
833 3374 1040 3470 presentiam
1063 3385 1215 3448 nostram
1242 3376 1368 3468 ducas,
1395 3397 1477 3472 erga
1500 3401 1648 3474 quornm

238 3499 475 3574 educationem
499 3501 678 3598 peniteret
700 3501 891 3596 proiectum
913 3507 1090 3595 paternam
1117 3521 1180 3572 nos
1196 3520 1316 3594 gerare
1336 3502 1497 3574 volumus
1516 3505 1648 3577 volun-

240 3633 353 3696 latum.

283 3749 429 3840 Datum,
448 3758 515 3822 etc.

278 3913 319 3995 (a)
339 3916 374 3978 n
388 3917 456 3978 ooo.
471 3918 566 3979 non.
582 3924 653 3996 ass,
666 3917 860 3998 tomam.

272 4193 308 4268 (l)
326 4193 462 4256 lohannes
475 4195 510 4252 dc
521 4194 638 4253 brionna
649 4193 716 4254 obiit
728 4194 858 4252 vicesimo
872 4193 953 4251 tortio
967 4191 1011 4250 die
1023 4192 1111 4250 martii
1125 4195 1207 4250 ηπ.
1220 4193 1304 4267 liupo
1317 4201 1406 4254 tamen
1417 4199 1512 4258 mortis
1522 4201 1649 4260 nuncium

240 4305 290 4347 nou
300 4296 364 4348 ante
376 4290 471 4362 julium
482 4305 603 4350 mensem
614 4307 664 4366 per
676 4290 779 4349 ltaliam
794 4289 878 4348 luisse
892 4289 1058 4363 divulgatum
1078 4305 1112 4348 ex
1125 4289 1256 4349 Biccardo
1268 4292 1303 4350 de
1314 4292 1412 4352 Sancto
1425 4295 1561 4356 Germano
1573 4315 1650 4357 com-

241 4387 365 4460 perimus.
381 4389 559 4447 Praeteraasi
576 4389 637 4462 quis
647 4387 840 4463 computaverit
855 4393 963 4462 tempus
978 4402 1033 4461 quo
1051 4387 1182 4445 lobannis
1194 4387 1268 4444 liliis
1281 4388 1577 4466 constantinopolitanis
1589 4413 1649 4469 par·

242 4480 310 4540 liban
326 4482 455 4541 venetias
472 4484 777 4560 uppcllercpotnerint,
798 4483 902 4542 litteras
921 4483 1091 4558 imperatoris
1108 4497 1162 4540 non
1180 4493 1243 4543 anta
1260 4501 1381 4544 mensem
1400 4497 1546 4562 angustum
1566 4491 1649 4551 luisse

241 4577 351 4652 scriptas
362 4593 523 4653 persuasum
541 4581 667 4654 babebit,
679 4581 825 4656 quostiam
837 4587 959 4656 tempora
971 4580 1100 4655 magister
1112 4581 1337 4642 'theutonicorum
1350 4601 1443 4644 rursus
1455 4587 1559 4645 ltaliam
1568 4604 1648 4663 anpo·

241 4673 334 4734 doram
347 4676 501 4750 repetierat.
