4224 5898
472 577 535 642 298
973 572 1186 635 salvantes
1211 572 1384 634 SECUNili
1695 568 1773 654 [Eva.
1792 569 1878 632 ΗΒΘ.

474 711 611 802 celatis,
636 717 753 782 contra
783 727 1000 780 communem
1026 705 1226 800 opinionem
1250 703 1452 799 hujusmodi
1480 703 1656 798 gentium,
1685 725 1774 797 quos
1800 703 1880 776 belli

474 835 585 910 socios
598 843 633 906 et
647 831 833 928 participes
847 828 965 905 statuit
981 851 1050 905 non
1067 829 1228 922 relinqui,
1249 827 1350 904 fedus
1363 828 1442 902 iniit
1457 849 1537 900 oum
1551 827 1726 916 llomanis,
1743 849 1805 921 per
1818 849 1881 900 nos

474 956 520 1029 ad
547 955 747 1030 mandatum
769 953 861 1044 ejus,
891 961 930 1023 ut
952 951 1127 1040 diximus,
1156 952 1338 1036 diffidatie;
1362 973 1432 1027 non
1458 959 1587 1024 attento
1611 949 1709 1043 quod
1734 971 1798 1024 nos
1815 951 1880 1024 sub

475 1078 583 1152 dubia
610 1077 679 1151 lide
705 1087 738 1148 et
763 1075 903 1148 honoris
923 1075 1029 1148 nostri
1055 1076 1208 1164 fortuna,
1241 1075 1329 1148 inter
1350 1075 1497 1148 rebelles
1525 1082 1561 1145 et
1582 1071 1763 1146 seditiosos
1789 1073 1882 1168 ipsos

474 1209 688 1276 remanentes
706 1200 876 1287 inermes,
892 1198 1066 1293 copiosam
1089 1207 1125 1270 et
1143 1207 1318 1272 strenuam
1343 1197 1501 1270 militiam
1525 1207 1734 1270 armatorum
1754 1197 1790 1268 in
1808 1198 1883 1289 ejus

475 1323 670 1398 subsidium
696 1322 918 1411 miseramus,
939 1341 1138 1414 quanquam
1167 1321 1389 1416 personaliter
1415 1319 1675 1414 nequiverimus
1701 1321 1879 1394 interesse.

475 1445 600 1518 Adbuc
617 1455 731 1518 amen
752 1442 959 1516 conscientie
981 1453 1096 1516 nostre
1121 1441 1234 1516 fidelis
1253 1444 1430 1538 integritas
1449 1452 1485 1518 et
1500 1463 1588 1538 pura
1606 1441 1762 1532 devotio,
1778 1465 1882 1536 qnam

475 1568 522 1642 ad
554 1579 696 1640 matram
720 1575 969 1638 sacrosanctam
995 1565 1184 1637 itomanam
1211 1565 1398 1638 Ecclesiam
1428 1565 1660 1652 habebamus,
1690 1567 1885 1637 novercalia

476 1691 700 1766 deliramenta
715 1690 821 1784 patris
835 1709 1020 1782 agnoscere
1036 1685 1145 1758 filium
1164 1709 1235 1760 non
1252 1689 1412 1760 sinebant
1431 1714 1439 1758 :
1459 1688 1544 1781 quin
1558 1687 1654 1780 quod
1669 1697 1741 1758 erat
1754 1689 1885 1779 justitie

477 1814 608 1886 crimini
641 1814 868 1908 imputantes,
897 1811 1136 1884 satisfactionis
1163 1819 1278 1884 nostre
1303 1833 1443 1884 causam
1473 1811 1509 1883 in
1536 1810 1753 1883 novercantis
1777 1812 1885 1906 patris

476 1937 617 2010 arbitrio
642 1955 866 2030 poneremus,
896 1933 958 2026 qui
984 1943 1081 2006 tanto
1107 1933 1209 2006 nobis
1233 1935 1310 2006 vioe
1334 1935 1489 2028 qnalibet
1515 1932 1682 2006 illudebat
1705 1933 1883 2024 acerbius,

475 2068 606 2154 quanto
620 2057 831 2130 constantius
849 2056 1018 2130 uberioris
1036 2078 1133 2151 spem
1147 2057 1278 2129 arbitrii
1294 2055 1523 2152 promittebat.
1540 2055 1655 2130 bledio
1669 2057 1786 2152 itaque
1802 2066 1887 2130 tem-

477 2203 580 2275 pore,
609 2181 692 2253 dum
721 2181 757 2250 in
784 2179 930 2270 negocio
954 2177 1050 2250 ltalia
1077 2199 1139 2272 per
1162 2200 1286 2274 papam
1309 2178 1355 2252 ad
1387 2179 1551 2252 bonorem
1582 2179 1717 2274 imperii
1742 2199 1887 2274 compo-

477 2304 616 2392 nendo,
635 2324 681 2376 ex
706 2303 943 2396 preteritorum
967 2303 1164 2394 conjectura
1185 2301 1424 2374 discriminum
1449 2301 1543 2374 nulla
1570 2323 1649 2396 spes
1670 2303 1887 2376 remansisset

477 2427 577 2500 nobis
593 2427 629 2498 in
655 2434 830 2520 posterum
850 2424 908 2496 vel
926 2423 1045 2516 exilis,
1063 2445 1105 2496 ac
1123 2425 1395 2520 prosecutionem
1416 2425 1564 2499 eandem
1586 2435 1780 2520 opportuno
1799 2435 1885 2500 tem·

477 2551 551 2645 pori
578 2570 814 2638 servaremus,
839 2547 1136 2642 expectationibus
1158 2549 1283 2621 nostris
1310 2557 1451 2644 repente
1476 2548 1686 2622 credidimus
1708 2550 1887 2624 adluxiese

478 2675 674 2761 fortunam,
703 2670 859 2742 reiterata
883 2668 1055 2742 discordia
1085 2671 1173 2742 inter
1196 2671 1383 2744 Ecclesiam
1409 2681 1443 2743 et
1468 2671 1658 2760 Romanos,
1680 2671 1716 2743 in
1741 2695 1812 2766 qua
1839 2673 1887 2746 sic

480 2793 663 2888 magnifice
689 2793 868 2865 thesauros
890 2801 1025 2864 nostros
1047 2791 1233 2864 effudimus
1257 2802 1291 2866 et
1313 2813 1511 2887 personam,
1533 2793 1629 2888 quod
1656 2815 1793 2868 omnem
1808 2817 1889 2869 om-

480 2920 564 2991 nino
588 2917 797 2990 conscientie
810 2937 917 3011 prave
933 2915 1129 3008 rubiginem
1148 2915 1192 2990 de
1207 2915 1479 2990 malivolentium
1495 2915 1659 2990 cordibus
1679 2917 1888 2992 credidimus

481 3041 623 3115 eruisse.
644 3041 704 3111 ilis
721 3037 882 3112 omnibus
905 3059 972 3110 non
994 3039 1161 3131 contenti,
1186 3047 1225 3110 ut
1245 3037 1291 3113 da
1308 3038 1409 3112 nobis
1426 3061 1565 3134 prorsus
1580 3040 1773 3116 indubitata
1791 3063 1890 3116 aecu-

481 3165 564 3238 ritas
579 3162 732 3236 Ecclesia
747 3161 966 3256 preberetur,
983 3161 1075 3232 circa
1091 3162 1202 3256 ipsam
1220 3162 1294 3236 zelo
1319 3183 1455 3234 summe
1473 3161 1670 3236 devotionis
1686 3167 1838 3254 accensi,
1856 3177 1891 3238 et

482 3287 657 3359 incentivo
674 3285 822 3379 perlecta
848 3283 1020 3356 charitatis
1036 3283 1186 3371 inducti,
1207 3284 1369 3356 edistius
1393 3306 1483 3379 pape
1500 3287 1705 3380 presentiam
1726 3308 1891 3382 persona-

482 3411 560 3482 liter
583 3408 728 3496 ivimus,
756 3407 859 3480 etiam
884 3428 954 3480 non
979 3407 1109 3497 vocati,
1138 3407 1304 3480 ducentas
1327 3408 1509 3480 nobiscum
1527 3407 1565 3480 C.
1591 3407 1701 3482 filium
1717 3421 1887 3502 nostrum,

483 3554 578 3604 nunc
602 3531 639 3602 in
662 3532 892 3604 Romanorum
918 3551 1035 3625 regem
1059 3531 1224 3622 electum,
1251 3531 1348 3625 regni
1373 3531 1672 3628 Hierosolymitani
1695 3533 1888 3608 heredem:

485 3676 591 3749 wem
609 3653 710 3726 nobis
730 3661 813 3725 tunc
835 3654 998 3748 temporis
1021 3653 1134 3726 fratris
1156 3653 1211 3724 sui
1234 3653 1412 3726 manifesta
1434 3655 1660 3747 transgressio
1687 3655 1796 3728 lilium
1813 3659 1892 3730 uni·

485 3799 565 3849 cum
588 3777 624 3848 in
644 3787 784 3870 paterne
802 3775 996 3850 dulcedinis
1017 3777 1194 3849 affectione
1215 3777 1442 3870 relinquerat,
1460 3799 1503 3850 ec
1525 3779 1675 3852 eundem
1698 3791 1776 3874 post
1798 3781 1894 3854 obla·

485 3909 556 3972 tam
582 3899 734 3972 Ecclesia
750 3919 933 3993 personam
952 3909 1105 3972 nostram
1122 3900 1158 3971 in
1174 3909 1301 3990 mlum,
1324 3899 1481 3973 obsidem
1501 3923 1639 3974 summo
1659 3903 1810 3996 pontifici
1832 3927 1895 3977 nos

486 4021 608 4095 offerre
637 4041 706 4092 nen
732 4020 878 4115 puduit,
907 4022 1068 4096 unionem
1096 4022 1329 4096 omnimodam
1358 4023 1538 4097 internos
1566 4034 1601 4098 et
1622 4025 1808 4100 Ecclesiam
1828 4027 1895 4100 sub

487 4143 701 4218 attestatione
726 4142 837 4216 divini
851 4144 974 4236 judicii
994 4146 1224 4240 postulantes,
1250 4145 1511 4239 quamdudum
1535 4148 1637 4221 nobis
1663 4149 1728 4221 iste
1748 4150 1897 4244 prelatus

487 4265 640 4338 Ecclesia
654 4267 840 4359 generalis,
860 4267 945 4340 dum
961 4277 1051 4340 esset
1067 4267 1249 4363 episcopus
1264 4268 1466 4361 Hostiensis,
1482 4279 1636 4344 suaserat
1652 4271 1894 4367 expetendam.

489 4389 698 4483 Propterque
723 4391 839 4465 omnia
859 4391 943 4463 dum
972 4411 1127 4464 serenam
1157 4390 1257 4464 nobis
1278 4392 1382 4466 totivm
1410 4393 1506 4466 curie
1527 4395 1650 4467 taciem
1675 4394 1810 4468 affectio
1834 4394 1894 4467 de·

490 4522 675 4586 monstrata
696 4515 931 4608 protenderet,
959 4523 994 4586 et
1017 4513 1125 4586 verba
1147 4514 1339 4608 gratissima
1358 4523 1428 4588 ῑιιιι
1450 4517 1577 4588 summi
1597 4516 1769 4611 pontificis
1791 4541 1896 4611 quam

491 4636 673 4707 eumalium
684 4636 836 4708 omnium
849 4655 1028 4730 synceram
1041 4635 1259 4710 ostenderent
1270 4637 1374 4710 etiam
1388 4639 1612 4728 voluntatem,
1625 4661 1704 4712 cum
1716 4640 1766 4712 eis
1779 4641 1896 4713 omnia
