4226 5900
498 587 560 648 ast
997 585 1213 648 saloaatct
1237 585 1411 648 sactum
1722 586 1804 664 [an.
1822 585 1907 648 1239.

498 721 528 792 si
547 719 679 792 tamdiu
694 717 762 792 hoc
777 717 936 792 debuerit
949 721 1078 815 negligi
1096 722 1151 796 vel
1165 721 1313 818 potuerit
1329 721 1449 815 aliqua
1462 719 1596 794 ratione
1612 719 1785 816 permicti.
1800 719 1910 794 Audi-

498 844 614 916 vimus
626 843 729 915 etIam
740 863 787 914 ex
798 843 1029 916 insinuatione
1039 845 1215 918 castellani
1228 843 1385 938 ejusdem
1399 843 1501 916 castri
1518 840 1615 938 quod
1630 851 1782 916 castrum
1796 845 1910 940 ipsum

498 965 534 1036 in
553 964 728 1060 plerisque
749 964 805 1036 sui
832 966 990 1061 partibus
1009 965 1100 1040 adeo
1117 969 1270 1040 minatur
1293 969 1449 1057 ruinam,
1470 965 1566 1062 quod
1589 966 1658 1040 nisi
1684 967 1911 1042 subveniatur

498 1085 630 1177 eidem,
647 1086 838 1183 dampnum
854 1087 983 1162 exinde
999 1091 1124 1185 poterit
1140 1111 1210 1164 non
1223 1089 1397 1163 modicum
1411 1089 1608 1185 provenire.
1627 1091 1744 1174 Quare
1757 1089 1910 1163 fidelitati

497 1221 558 1284 tue
569 1210 789 1308 precipiendo
802 1211 1009 1284 mandamus
1020 1222 1193 1306 quatenus
1206 1213 1236 1286 si
1249 1223 1302 1286 est
1316 1213 1376 1306 ita,
1391 1213 1502 1286 dictas
1511 1213 1632 1286 domos
1646 1221 1748 1286 extra
1757 1221 1909 1285 casuum

498 1343 709 1408 constructas
729 1335 843 1407 statim
865 1334 958 1408 dirui
978 1335 1084 1408 iacias
1105 1345 1140 1408 et
1165 1335 1375 1409 habitatores
1394 1337 1457 1432 qui
1476 1337 1512 1407 iu
1527 1335 1578 1408 eis
1592 1344 1675 1408 sunt
1697 1335 1910 1409 descendere

497 1458 582 1532 iude
603 1459 799 1553 compellas.
816 1459 974 1553 Inquiras
990 1467 1144 1554 preterea
1161 1481 1224 1555 per
1245 1459 1402 1533 homines
1422 1467 1573 1532 contrate
1590 1459 1648 1531 vel
1666 1457 1733 1531 loci
1753 1458 1908 1552 ejusdem

497 1603 561 1678 per
576 1603 665 1677 quos
680 1593 830 1654 castrum
854 1582 968 1676 ipsum
986 1582 1168 1655 consuevit
1188 1591 1223 1656 et
1238 1580 1362 1656 debeat
1379 1583 1552 1680 reparari,
1573 1591 1607 1654 et
1626 1582 1742 1677 ipsum
1758 1582 1907 1677 reparati

498 1707 604 1780 iacias
616 1705 706 1778 sicut
718 1703 861 1799 expedit
872 1727 935 1800 per
947 1726 1108 1799 eosquos
1120 1705 1228 1778 teneri
1243 1707 1449 1802 compereris
1462 1706 1509 1782 ad
1521 1705 1772 1801 reparationem
1784 1705 1904 1801 ipsius,

498 1840 538 1903 ut
551 1829 595 1903 de
609 1839 719 1902 castro
732 1829 808 1923 ipso
822 1829 1068 1902 inconvenieus
1085 1849 1156 1902 non
1169 1829 1358 1923 contingat.

546 1957 671 2027 Datum
691 1953 728 2024 in
744 1952 864 2025 castris
882 1973 990 2048 prope
1004 1951 1255 2047 Mediolanum,
1273 1953 1396 2026 XVIIII
1414 1952 1583 2036 octobris,
1599 1951 1678 2024 XIII
1694 1949 1903 2024 indictionis.

362 2503 386 2534 η
549 2433 728 2520 Mandata
762 2433 868 2518 varia
896 2457 967 2542 pro
999 2431 1189 2516 solvendis
1222 2431 1414 2516 beneficiis
1445 2429 1679 2540 quibusdam
1701 2429 1904 2535 Romanis,

496 2569 709 2680 specialiter
728 2594 799 2676 pro
823 2565 1063 2678 assignandis
1091 2565 1206 2649 leudo
1231 2573 1269 2650 et
1292 2563 1474 2648 beneficio
1497 2563 1650 2650 Oddoni
1677 2571 1715 2647 et
1744 2561 1905 2650 Manueli

495 2699 735 2812 Frangipaue
760 2695 904 2780 civibus
929 2694 1124 2778 Romanis.

577 2901 701 2982 (nepot
715 2899 817 2980 tam.
833 2894 953 2958 llud«.
966 2895 1007 2970 11,
1022 2893 1074 2957 tol.
1093 2903 1130 2955 tt
1143 2898 1239 2968 rector
1255 2895 1287 2953 lu
1300 2891 1361 2953 edit
1371 2891 1507 2968 caream,
1519 2906 1553 2968 p.¹
1566 2887 1652 2968 tet.)

544 3077 592 3146 Ile
614 3069 785 3168 tmpestali
801 3067 957 3140 modulo
972 3067 1062 3158 [acto
1073 3087 1138 3160 per
1154 3066 1352 3160 magistram
1369 3063 1503 3136 Petrum
1520 3061 1561 3134 de
1579 3062 1678 3134 Vinea
1695 3060 1827 3155 scripsit
1841 3059 1905 3132 da-

495 3197 589 3294 qelttt
606 3197 646 3270 de
660 3195 777 3289 Capta
794 3220 805 3264 .·

545 3318 760 3406 Fredericus,
775 3323 859 3406 etc,
871 3311 1036 3406 magistro
1050 3309 1198 3384 Iohanni
1211 3306 1256 3382 de
1268 3309 1393 3382 Sancto
1405 3307 1574 3382 Germano
1584 3303 1716 3377 notario
1729 3324 1807 3376 suo.
1822 3301 1905 3376 Cum

495 3442 665 3518 beneficia
685 3437 821 3513 dudum
843 3433 1055 3531 quibusdam
1080 3433 1218 3507 civibus
1240 3431 1401 3505 Romanis
1425 3427 1587 3504 fidelibus
1609 3425 1733 3501 nostris
1760 3425 1906 3520 singulis

496 3567 598 3642 annis
616 3565 661 3638 ab
678 3561 883 3636 excellentia
899 3567 1015 3632 nostra
1028 3578 1192 3632 concessa
1207 3555 1339 3628 eisdam
1351 3553 1439 3628 solvi
1452 3552 1618 3645 velimus,
1635 3550 1681 3623 de
1700 3548 1831 3643 quibus
1846 3569 1906 3644 per

497 3690 708 3765 Gualterium
731 3684 776 3759 de
798 3683 909 3756 Cioala
936 3681 1076 3756 fidelem
1099 3689 1257 3753 nostrum
1284 3677 1352 3751 sibi
1379 3673 1536 3750 satisfieri
1565 3673 1770 3748 excellentia
1791 3681 1907 3744 nostra

495 3812 692 3900 mandavit,
722 3807 879 3883 fidelitati
907 3816 967 3878 tue
1001 3801 1223 3900 precipiendo
1248 3799 1457 3873 mundaum
1476 3807 1647 3894 quatenus
1679 3795 1726 3870 de
1757 3795 1906 3890 pecunia

495 3938 591 4013 curie
609 3943 724 4008 nostre
737 3951 807 4028 que
820 3939 873 4005 est
883 3949 945 4026 per
960 3924 1252 4001 manuslliccardi
1264 3924 1309 3997 de
1321 3923 1483 4014 Pulcaro‚
1502 3921 1560 3994 cui
1577 3939 1680 4016 super
1693 3919 1761 3991 hoc
1773 3926 1906 3991 nostras

493 4063 628 4136 licteras
638 4058 864 4145 destinamus,
877 4053 1032 4150 recipere
1042 4049 1183 4124 studeas
1198 4053 1262 4144 [et]
1276 4045 1483 4143 supradictis
1494 4041 1656 4118 Romanis
1668 4039 1796 4135 quibus
1808 4041 1906 4114 satiss-

495 4187 623 4258 factum
634 4203 704 4256 non
713 4189 765 4254 cst
778 4177 823 4251 de
834 4176 996 4274 predictis
1007 4171 1264 4270 beneficiisper
1275 4170 1486 4245 Gualterium
1497 4166 1732 4264 supradictum
1740 4185 1803 4260 pro
1814 4185 1905 4236 auno

493 4308 645 4408 presenti
667 4305 865 4380 satisfacere
885 4323 954 4375 non
974 4309 1178 4397 postponas,
1202 4296 1402 4372 certioratus
1424 4303 1539 4367 tamen
1561 4290 1657 4388 prius
1673 4309 1734 4384 per
1754 4285 1903 4362 eundem

494 4433 536 4506 G.
553 4433 683 4529 quibus
698 4451 761 4526 per
776 4449 857 4502 eum
872 4422 1043 4500 beneficia
1061 4425 1141 4520 ipsa
1158 4422 1272 4497 soluta
1291 4420 1361 4494 sint
1378 4429 1413 4494 et
1432 4416 1561 4514 quibus
1578 4413 1682 4488 etiam
1706 4409 1902 4485 exolvendo

493 4567 528 4633 et
542 4557 586 4632 de
604 4554 788 4650 cujuslibet
802 4549 1007 4648 quantitate.

541 4684 667 4756 Datum
685 4679 722 4753 in
741 4676 860 4753 castris
874 4695 979 4772 prope
994 4672 1250 4765 Mediolanum,
1272 4667 1395 4744 Xllllll
1410 4664 1573 4754 octobrIs,
1593 4661 1671 4736 XIII
1690 4657 1898 4733 indictionis.
