4350 5922
969 561 1182 626 FRIDRRICI
1207 561 1377 624 saeuum
1691 557 1771 638 [Ass.
1790 557 1875 619 1237.

684 873 1662 887 ”ut—-u--u-—o--n-——n—-a--an———n-

288 1193 408 1292 ,3²:22³
524 1163 732 1271 Mathildis,
752 1165 1026 1248 marchionissa
1044 1166 1092 1248 de
1109 1164 1359 1274 Hohenburg,
1387 1162 1659 1272 inpraesentia
1681 1161 1877 1266 Friderici‚

401 1275 409 1288 ¹
471 1297 732 1381 Romanorum
749 1297 1002 1406 imperatoris,
1023 1297 1228 1380 Bertholdo
1245 1307 1283 1378 et
1300 1293 1490 1403 Dicpuldo
1507 1294 1595 1376 filiis
1613 1295 1693 1376 suis
1710 1293 1879 1404 ejusdem

472 1431 710 1538 imperatoris
728 1430 874 1512 valletis
887 1429 1009 1539 juset
1029 1431 1217 1514 actionem
1234 1429 1333 1510 cedit
1348 1454 1448 1538 quoe
1466 1427 1538 1509 sibi
1556 1437 1687 1510 contm
1704 1428 1880 1510 comitem

473 1561 521 1643 de
538 1560 798 1672 Wasserburg
817 1561 972 1646 fratrem
992 1589 1106 1645 suum
1123 1571 1356 1671 competunt.

555 1813 709 1893 (missu.
723 1815 841 1876 Wiener
851 1813 1009 1876 losbach.
1023 1813 1189 1893 sermm„
1203 1821 1227 1876 t.
1238 1813 1303 1888 XL,
1315 1831 1346 1892 p.
1360 1820 1410 1892 u,
1421 1831 1460 1875 ex
1474 1815 1640 1876 Munehner
1650 1814 1879 1892 nachorem.)

522 2051 560 2122 lu
587 2051 728 2125 nomine
756 2051 906 2124 Domini.
934 2052 1058 2124 Amen.
1084 2053 1158 2145 Ego
1185 2051 1377 2142 Muthildis,
1402 2053 1648 2127 marchionissa
1673 2052 1719 2125 do
1745 2051 1881 2125 Hoheu-

473 2175 578 2266 burc,
601 2197 662 2269 per·
679 2196 819 2268 presens
839 2176 1003 2270 scriptum
1026 2185 1145 2247 notum
1161 2175 1250 2247 facio
1274 2175 1448 2248 universis
1468 2177 1564 2271 quod
1582 2177 1618 2248 iu
1632 2176 1803 2270 presentia
1820 2175 1883 2248 do-

474 2299 560 2371 mini
587 2299 767 2389 Friderici‚
793 2299 854 2372 Dei
884 2300 993 2392 gratia
1015 2299 1222 2371 serenissimi
1245 2300 1477 2372 Romanorum
1508 2301 1724 2396 imperatoris
1749 2320 1884 2395 semper

473 2423 1019 2518 augusti,1erusalemetSicilic
1040 2423 1152 2515 regis,
1175 2424 1275 2495 sicuti
1302 2423 1386 2495 mihi
1410 2445 1601 2516 congruum
1629 2423 1710 2514 fuit,
1737 2424 1828 2496 bona
1850 2434 1884 2495 ct

474 2547 624 2642 gratuita
643 2547 821 2620 voluntate
836 2569 914 2619 mea
936 2546 1120 2619 Berthoido
1133 2557 1167 2619 et
1181 2547 1354 2642 Diupoldo
1371 2547 1451 2618 filiis
1474 2549 1561 2620 meis
1575 2548 1732 2640 ejusdem
1753 2545 1884 2620 domiui

475 2671 689 2768 imperatoris
720 2671 856 2744 valletis
876 2673 964 2745 cessi
986 2681 1021 2744 et
1043 2673 1170 2746 tradidi
1192 2694 1296 2745 omne
1320 2674 1377 2766 jus
1403 2680 1438 2746 et
1459 2695 1597 2745 omnem
1624 2672 1791 2745 actionem
1816 2692 1885 2765 qua

474 2796 559 2869 mihi
576 2819 670 2868 nuuc
692 2799 854 2891 competit
875 2797 932 2868 vei
954 2797 1071 2890 aliquo
1093 2796 1198 2870 modo
1223 2805 1418 2890 competere
1441 2797 1566 2892 poterit
1587 2806 1704 2870 contra
1727 2796 1884 2869 comitem

476 2920 521 2994 de
538 2920 767 3012 Wasuerburg
790 2917 842 3014 (a)
867 2920 1003 2992 fratrem
1027 2941 1142 2992 meum
1161 2941 1266 3014 super
1283 2919 1351 2991 hiis
1370 2941 1439 3014 que
1462 2919 1508 2992 de
1530 2920 1630 2992 bonis
1650 2919 1806 3012 ejusdem
1828 2941 1886 2992 co-

475 3043 568 3116 mitis
594 3042 707 3114 fratris
727 3041 794 3113 mei
815 3063 872 3114 me
890 3041 1096 3114 hereditario
1118 3045 1196 3135 jure
1224 3043 1280 3116 vel
1307 3065 1529 3138 quocumque
1555 3045 1623 3116 alio
1646 3045 1727 3136 jure
1753 3043 1886 3116 contiu-

475 3176 563 3262 gnut
578 3167 634 3238 vel
646 3167 843 3260 contingere
856 3175 1014 3260 possent,
1032 3174 1071 3236 ut
1086 3165 1191 3239 iidem
1212 3165 1273 3238 filii
1291 3167 1358 3239 mci
1372 3165 1531 3240 eumdem
1545 3189 1650 3262 quam
1666 3187 1733 3261 ego
1751 3188 1886 3263 possem

476 3299 594 3363 contra
618 3289 776 3362 cornicem
797 3305 1022 3360 memoratum
1043 3309 1148 3381 super
1176 3289 1280 3362 bonis
1304 3291 1444 3385 prefatis
1471 3292 1633 3386 prosequi
1663 3292 1803 3364 valeant
1828 3311 1887 3364 ac·

477 3417 618 3486 tionem.
643 3412 744 3486 Unde
764 3413 811 3485 ad
836 3414 986 3484 fusuram
1011 3413 1208 3484 memoriam
1237 3423 1271 3486 at
1295 3415 1528 3510 predictorum
1558 3415 1706 3488 filiorum
1732 3435 1887 3488 meorum

477 3547 679 3633 perpetuam
696 3536 908 3620 firmitatem,
931 3558 1072 3632 presens
1092 3537 1257 3632 scriptum
1284 3537 1355 3610 fieri
1379 3539 1430 3611 eis
1448 3540 1513 3612 feci
1534 3539 1636 3634 sigilli
1657 3540 1724 3612 mei
1744 3541 1888 3634 impres·

478 3663 575 3735 sione
602 3662 786 3733 munitum.
814 3663 931 3733 Testes
953 3670 1063 3732 suut:
1091 3659 1252 3734 domiuus
1270 3662 1418 3735 Sifridus
1440 3663 1649 3736 venerabilis
1667 3665 1889 3758 Maguutiuus

400 3777 404 3784 ’
478 3781 775 3879 archiepiscopus,
811 3785 851 3855 B.
884 3781 1139 3878 aquilegiensis
1164 3785 1378 3879 patriarcha,
1409 3789 1451 3858 E.
1479 3787 1774 3882 Babeubergensis
1808 3787 1889 3882 epi-

480 3929 625 4004 scopus,
650 3910 693 3979 Η.
721 3929 837 3982 comes
863 3908 908 3981 de
934 3907 1109 3994 Audecse,
1135 3911 1177 3981 Η.
1198 3910 1244 3982 de
1264 3912 1432 4002 Viliberc,
1462 3912 1643 3985 Heiuricus
1666 3911 1713 3984 de
1738 3911 1890 3984 Grelleu-

481 4031 590 4122 stein,
613 4033 691 4104 Otto
712 4031 756 4103 de
775 4032 1017 4126 Kungssivelt‚
1046 4033 1226 4106 Heinricus
1246 4035 1565 4129 Huibeschmanus,
1588 4035 1631 4109 Α.
1651 4035 1697 4108 de
1711 4037 1891 4108 Rummes·

481 4177 598 4252 perge,
616 4155 723 4228 etalii
740 4156 974 4249 quamplures.

531 4278 656 4350 Actum
678 4279 844 4368 Wienna,
864 4291 960 4350 ¹auno
982 4277 1156 4353 dominice
1181 4280 1423 4354 inmmatiouis
1448 4282 1627 4356 millesimo
1655 4281 1890 4356 ducentesimo

481 4401 653 4475 tricesimo
669 4403 831 4495 septimo,
850 4423 969 4474 mense
986 4403 1164 4488 februarii,
1185 4404 1318 4478 decime
1336 4405 1547 4481 indictionis.

524 4664 566 4744 (a)
588 4665 704 4728 Scilicet
721 4662 871 4727 Conradm
885 4661 919 4726 de
937 4663 1135 4747 trasserourq.
