4226 5900
498 561 559 622 tao
1000 557 1216 622 Fltlnslttct
1240 559 1414 622 sscortot
1722 559 1803 645 [An.
1820 561 1907 626 1239.

503 744 877 766 ..........
905 713 988 787 erga
1016 694 1257 768 lombardiam
1289 695 1477 791 plurimum
1501 703 1744 792 opportunam.
1775 751 1785 770 .
1814 753 1825 770 .
1856 752 1867 770 .
1898 752 1907 770 .

503 868 876 889 ..........
905 815 1071 890 duximus
1086 818 1343 914 providendum
1357 827 1396 892 ut
1408 819 1499 911 sing.
1531 873 1541 890 .
1571 872 1582 890 .
1612 872 1623 890 .
1652 873 1662 890 .
1693 873 1703 890 .
1733 871 1743 892 .
1772 874 1782 892 .
1815 875 1825 892 .
1855 875 1866 894 .
1897 877 1907 894 .

543 948 832 1036 .nostrossupcr
836 994 1412 1016 ...............
1439 952 1650 1016 astracorom
1654 997 1908 1017 .......

504 1122 512 1138 .
543 1121 552 1138 .
583 1119 592 1138 .
622 1074 661 1138 ut
683 1065 728 1138 de
731 1117 902 1138 .....
930 1085 997 1138 ene
1018 1065 1187 1160 aliquast
1212 1067 1405 1141 necessaria
1408 1120 1577 1140 .....
1604 1065 1785 1141 babere..

542 1188 775 1283 ..pluviam
797 1209 917 1261 omncs
940 1189 1063 1262 astraei
1068 1243 1319 1264 .......
1347 1191 1572 1286 requisitione
1575 1243 1837 1264 .......
1815 1112 1912 1266 ..ad

499 1243 733 1442 predictorum
747 1311 987 1386 hedificiorum
992 1365 1163 1386 .....
1182 1335 1245 1408 pro
1263 1312 1467 1387 hedeficiis
1457 1313 1771 1408 ipsishactenns..
1801 1324 1908 1388 ..etc

553 1489 1130 1509 ...............
1151 1431 1299 1536 [Maj0ri]
1314 1436 1359 1512 da
1374 1437 1579 1510 Planeatona
1591 1446 1722 1512 secrato
1737 1439 1908 1528 Messana,

499 1561 559 1634 illa
580 1561 734 1636 clausula
747 1558 866 1636 addita
883 1570 923 1632 ut
936 1560 981 1633 ds
996 1560 1142 1656 pecnnia
1147 1613 1724 1635 ...............
1753 1583 1911 1637 neeessa-

500 1685 587 1758 riam
606 1694 640 1758 et
658 1687 777 1758 utilem
794 1707 856 1782 pro
872 1685 957 1782 ipsis
976 1684 1143 1759 faciendis
1159 1683 1287 1759 debeat
1301 1683 1352 1782 (a)
1369 1683 1546 1758 exhibere.

725 2017 1662 2033 ’ἡκ-...Μ

352 2335 426 2428 Ρ,;·;
553 2306 775 2394 Mandatum
807 2307 857 2390 ad
885 2315 1070 2390 secretum
1094 2306 1289 2390 Messanae
1319 2307 1368 2390 de
1394 2307 1637 2417 inquisitione
1671 2302 1845 2387 iacienda
1871 2301 1910 2382 in

362 2441 412 2472 ⁰⁸¹¹
399 2443 465 2496 ”¹³¹⁰
458 2443 689 2551 quosdam
715 2441 864 2550 bajulos
889 2441 1036 2524 Siciliae
1058 2449 1096 2524 et
1118 2443 1222 2552 quod
1250 2443 1470 2552 stratigotus
1496 2441 1689 2526 Messanae
1717 2433 1912 2545 composi-

501 2575 643 2659 tionem
664 2600 734 2684 pro
753 2573 959 2658 homicidio
980 2573 1216 2658 clandestino
1242 2575 1292 2658 ad
1315 2599 1356 2659 se
1376 2573 1564 2683 pertinere
1585 2597 1663 2656 non
1690 2569 1907 2656 contendat.

584 2787 713 2870 (depost.
726 2789 830 2869 smper.
842 2785 930 2850 died.
942 2788 980 2860 11,
995 2789 1047 2852 lol.
1061 2797 1080 2850 s
1092 2795 1186 2866 racto;
1200 2792 1233 2850 ln
1244 2790 1315 2852 cdlt.
1328 2791 1518 2866 munim,
1531 2806 1562 2868 p.
1576 2787 1660 2868 244.)

549 2976 673 3048 Eodem
690 2976 744 3048 die
763 2975 803 3046 de
819 2973 930 3047 eodem
946 2976 1105 3048 mandato
1120 2977 1250 3070 scripsit
1263 2977 1375 3048 Mem:

548 3099 766 3190 Fredericus,
783 3107 866 3189 cte,
881 3107 1011 3171 secreto
1028 3099 1204 3190 Messana,
1220 3107 1287 3172 etc.
1305 3097 1479 3172 intellexit
1496 3097 1664 3172 serenitas
1678 3103 1796 3170 nostra
1815 3091 1910 3190 qnod

501 3223 611 3316 aliqui
628 3223 824 3314 bajulorum
842 3229 1035 3295 nostrorum
1059 3230 1182 3295 euntes
1201 3244 1264 3318 per
1285 3233 1393 3295 terras
1415 3223 1507 3317 ipsas
1527 3221 1602 3295 sine
1618 3219 1813 3293 summariis
1833 3238 1910 3312 pro·

501 3347 601 3442 priis‚
630 3346 811 3419 occasione
833 3353 970 3439 sumpla
999 3346 1044 3418 de
1072 3345 1290 3419 inveniendis
1315 3345 1518 3419 custodibus
1542 3345 1743 3418 animalium
1772 3351 1910 3415 noseo-

501 3492 597 3561 rum,
617 3493 638 3544 a
657 3468 818 3543 fidelibus
836 3469 961 3542 nostris
984 3470 1126 3543 multam
1149 3469 1329 3563 pecuniam
1353 3479 1559 3564 extorquere
1578 3475 1798 3564 presumant,
1824 3465 1909 3540 alias

501 3593 568 3664 sibi
586 3593 789 3685 gravamus
809 3603 844 3666 et
861 3593 1032 3666 molestias
1055 3593 1251 3687 irrogando.
1273 3593 1376 3679 Quod
1397 3615 1476 3665 cum
1499 3603 1614 3667 nostre
1634 3591 1815 3688 displiceat
1838 3609 1909 3662 ma-

498 3717 630 3809 jestati,
653 3715 806 3791 fidelitati
826 3727 885 3791 tue
903 3717 1125 3814 precipiendo
1147 3717 1353 3792 mandamus
1371 3727 1542 3813 quatenus
1565 3739 1669 3812 super
1685 3717 1750 3810 hys
1765 3715 1908 3788 veritate

501 3842 701 3934 diligentius
722 3841 905 3936 inquisita,
921 3861 1009 3935 quos
1028 3842 1215 3937 culpabiles
1233 3842 1407 3916 inveneris
1423 3843 1540 3937 capias
1560 3864 1622 3937 par
1640 3859 1826 3935 personas,
1849 3859 1909 3910 ue-

502 3974 596 4038 tanta
611 3965 751 4038 materia
766 3965 974 4060 etqualitate
987 3965 1190 4038 delictorum
1207 3967 1377 4059 maiestati
1395 3973 1509 4038 nostre
1524 3985 1587 4060 per
1602 3975 1680 4037 tuas
1693 3963 1830 4036 lieteras
1842 3982 1911 4033 res·

502 4090 686 4184 cripturus.
707 4089 751 4160 Et
773 4088 856 4182 quia
875 4088 1106 4161 intelleximus
1127 4089 1222 4182 quod
1236 4091 1435 4184 stratigotus
1455 4091 1610 4162 ldessane
1631 4086 1910 4182 compositionem

501 4213 770 4303 Caugustalinm
784 4232 848 4306 pro
864 4213 976 4284 occiso
989 4211 1204 4285 clandestino
1216 4213 1262 4286 ad
1275 4235 1313 4285 se
1330 4213 1499 4308 pertinere
1514 4211 1701 4301 contendit,
1720 4231 1800 4282 cum
1817 4205 1908 4280 istud

502 4335 547 4408 de
563 4357 655 4409 novo
668 4336 712 4407 sit
728 4333 854 4407 nostris
869 4334 1168 4408 constitutionibus
1183 4335 1392 4428 ordinatum,
1410 4333 1551 4407 firmiter
1561 4334 1628 4406 sibi
1642 4331 1800 4405 inhibeas
1813 4339 1847 4404 et
1858 4330 1907 4401 in·

497 4461 626 4552 jungas
646 4469 685 4529 ut
707 4457 751 4530 de
771 4457 969 4550 hujusmodi
987 4479 1025 4529 se
1046 4459 1239 4532 nullatcnus
1256 4459 1474 4532 intromietat.
1495 4457 1548 4531 Ad
1566 4457 1796 4549 cognitionem
1815 4453 1906 4528 enim

542 4667 583 4748 (α)
605 4669 775 4730 Steincod.
787 4668 912 4746 Philipp.
927 4667 1121 4747 produxerit.
