4226 5900
209 599 312 660 troam.
329 597 393 676 ld]
659 595 855 657 HISTORIA
880 593 1172 657 utlbortattctt
1562 595 1620 654 tet

209 731 342 826 ubique
354 752 417 828 per
430 728 704 825 jurisdictionem
722 751 824 804 snam
840 739 1035 826 presentem
1052 731 1199 824 gratiam
1213 735 1365 802 nostram
1381 737 1416 801 et
1428 727 1624 823 omniaque

209 854 377 931 miese'ad
394 878 455 930 eos
470 865 587 930 nostre
598 857 715 930 lictore
733 857 909 932 continent
920 867 1042 931 curent
1056 857 1291 954 sollempniter
1308 855 1485 953 publicare
1496 877 1538 930 ac
1555 879 1622 952 pu·

208 980 301 1053 blioe
326 981 512 1076 probibere
532 1002 578 1055 ne
597 981 762 1055 victualia
781 982 838 1053 vel
861 982 1022 1054 animalia
1039 982 1151 1073 licita,
1171 990 1211 1054 ut
1234 991 1287 1054 est
1310 979 1460 1072 dictum,
1483 978 1529 1052 de
1547 981 1625 1053 aliis

209 1125 315 1199 mam
331 1103 376 1176 de
398 1104 535 1178 statutis
556 1104 741 1202 portubus,
766 1104 812 1177 de
829 1113 1036 1178 statutorum
1060 1116 1177 1178 tamen
1199 1105 1337 1178 licentia
1360 1113 1395 1177 et
1415 1105 1527 1178 soluto
1545 1108 1625 1197 jure

208 1229 306 1300 curie
317 1237 435 1302 nostre
450 1229 485 1301 in
500 1249 620 1300 eorum
636 1229 809 1320 manibus,
827 1229 872 1300 ab
889 1230 1007 1324 aliquo
1020 1230 1259 1318 extrahantur,
1275 1250 1367 1325 pena
1383 1229 1538 1300 omnium
1556 1229 1622 1302 bo·

209 1371 334 1425 norum
352 1352 389 1423 in
407 1359 674 1446 transgressores
690 1354 864 1448 quoslibet
885 1363 955 1427 tam
972 1352 1169 1427 venditores
1185 1375 1291 1448 mam
1310 1361 1481 1447 emptores
1503 1375 1544 1427 ac
1563 1375 1622 1427 eos

208 1475 270 1570 qui
289 1475 336 1549 de
355 1476 432 1549 aliis
452 1476 535 1550 locis
553 1476 687 1571 aliquid
703 1477 935 1572 predictorum
949 1477 1098 1572 propriis
1111 1485 1172 1550 aut
1190 1476 1311 1550 alienis
1329 1477 1484 1549 vassellis
1504 1486 1622 1550 extra·

207 1598 332 1672 herent
352 1600 582 1696 promulgata.
598 1603 794 1675 statuentes
816 1601 913 1696 quod
940 1601 1087 1695 quilibet
1115 1601 1282 1674 venditor.
1295 1601 1497 1674 victualium
1522 1625 1621 1674 snm-

209 1743 303 1796 mam
322 1734 382 1797 aut
399 1725 602 1798 animalium
620 1747 805 1798 numerum
821 1736 857 1797 et
875 1726 1024 1820 pretinm
1042 1734 1151 1798 totum
1173 1725 1275 1798 vobis
1293 1725 1489 1815 denuntiet,
1506 1727 1624 1820 prius-

208 1867 314 1941 quam
344 1847 488 1941 emptori
513 1868 569 1919 res
595 1844 831 1920 extrahendas
856 1847 1009 1938 assignet
1038 1848 1096 1920 vel
1119 1846 1301 1918 extrahere
1333 1845 1407 1939 ipse
1435 1861 1620 1939 presumat.

208 1968 400 2061 Nullusque
428 1969 485 2042 vel
506 1979 639 2064 emptor
666 1970 723 2042 vel
745 1969 836 2042 alins
863 1990 919 2042 res
944 1969 1180 2043 extrahendas
1207 1969 1283 2041 sine
1307 1979 1422 2041 vestra
1448 1970 1567 2042 notitia
1590 1982 1625 2044 et

210 2091 348 2163 licentia
367 2100 488 2164 oneret
508 2091 546 2162 in
567 2092 745 2184 vassallis,
767 2103 807 2164 ut
829 2093 1073 2166 mensurandis
1093 2093 1302 2166 victualibus
1325 2093 1381 2164 vel
1401 2095 1625 2168 numerandis

211 2215 418 2286 animalibus
436 2235 500 2310 pro
522 2215 674 2289 sciendis
699 2217 826 2289 certius
849 2239 1003 2309 summa,
1021 2239 1168 2290 numero
1185 2227 1220 2289 et
1239 2217 1348 2312 pretio
1372 2216 1462 2288 sicut
1482 2218 1626 2312 expedit

211 2338 392 2426 intersitis,
419 2359 461 2412 ac
480 2339 527 2412 ita
539 2361 602 2434 per
619 2362 836 2435 consequens
853 2341 1033 2436 septimam
1052 2349 1184 2435 partem
1200 2362 1316 2412 rerum
1331 2339 1623 2413 extrahendarum

210 2459 257 2534 de
268 2470 370 2556 portu
387 2461 501 2534 Veteri
518 2463 575 2535 vel
592 2465 697 2536 totius
713 2485 831 2537 aarum
851 2465 965 2558 pretii,
981 2465 1071 2536 sicut
1083 2464 1149 2537 erit
1165 2485 1229 2558 pro
1246 2464 1342 2535 curia
1360 2472 1476 2536 nostra
1491 2465 1621 2550 utilius,

210 2585 326 2658 scinde
344 2594 379 2658 et
404 2607 469 2681 pro
484 2587 564 2678 jure
584 2595 701 2660 nostro
719 2588 899 2682 'recipiatis
924 2588 970 2660 ab
990 2597 1182 2660 extractore
1203 2607 1318 2659 rerum
1337 2587 1509 2680 ipsarum,
1536 2590 1624 2662 reci·

210 2707 343 2801 pientes
358 2707 602 2782 nichilominus
617 2709 815 2800 abeodem,
834 2711 924 2782 laeta
942 2709 1087 2803 quidem
1103 2710 1235 2783 ratione
1251 2709 1296 2781 de
1310 2718 1380 2781 tota
1396 2732 1544 2803 summa,
1563 2735 1626 2808 pro

212 2831 365 2925 qualibet
379 2833 483 2906 uncia
497 2855 605 2926 grana
620 2835 692 2908 duo
708 2835 832 2908 vestris
847 2836 1011 2931 expensis
1028 2834 1223 2930 specialiter
1245 2834 1462 2929 deputanda,
1478 2858 1625 2930 quorum

212 2962 246 3026 et
262 2955 417 3049 predicte
440 2957 545 3029 totius
569 2959 718 3052 pecunie
733 2980 925 3050 summam,
944 2959 1085 3032 nomina
1108 2958 1332 3031 vendentium
1353 2969 1389 3030 et
1411 2969 1623 3054 emptorum,

210 3079 436 3172 quantitatem
455 3089 490 3153 et
509 3103 694 3154 numerum
716 3082 937 3155 venditorum
963 3103 1005 3154 ac
1028 3082 1177 3176 pretinm
1194 3081 1397 3154 earumdem
1420 3083 1534 3156 dictus
1559 3107 1626 3158 no-

210 3202 318 3273 tarius
341 3212 375 3274 te
396 3203 526 3278 sciente
544 3205 579 3276 in
602 3206 829 3299 quaternione
849 3205 946 3278 curie
962 3215 1077 3278 nostre
1094 3205 1238 3296 scribat;
1260 3214 1420 3278 ettotam
1443 3210 1625 3303 pecuniam

210 3325 381 3420 integram
406 3327 497 3398 sicut
514 3336 549 3399 et
568 3350 675 3422 qnam
701 3329 769 3400 cito
797 3328 844 3401 ad
861 3349 986 3401 manus
1005 3337 1140 3401 vestras
1156 3331 1367 3424 pervenerit,
1387 3331 1559 3425 Soepbano
1582 3332 1627 3405 de

209 3449 399 3524 ltomoatdo
417 3451 462 3524 de
485 3451 574 3524 Baro
598 3451 807 3524 recollectori
825 3452 979 3546 ipsarum
1002 3452 1152 3547 partium
1174 3462 1209 3525 et
1231 3453 1393 3547 magistro
1414 3457 1627 3549 particularis

210 3573 312 3646 erarii
325 3574 360 3644 in
378 3582 490 3647 castro
506 3575 667 3670 Neapolis
680 3575 845 3648 curabitis
858 3575 1048 3668 assignare,
1065 3576 1271 3670 recipientes
1286 3578 1331 3650 ab
1349 3599 1391 3650 co
1409 3577 1453 3652 de
1464 3581 1628 3654 omnibus

207 3719 280 3792 que
301 3697 368 3770 sibi
392 3699 651 3792 assignaveritis
669 3699 828 3772 idoneam
850 3699 1057 3794 apodixam3
1076 3709 1111 3774 et
1133 3700 1215 3794 quia
1232 3722 1296 3794 pro
1317 3703 1481 3796 expensis
1502 3705 1627 3777 vestris

210 3820 327 3894 eidem
352 3821 525 3894 mictimus
546 3822 671 3916 scripta
697 3830 831 3913 nostra,
850 3844 916 3895 vos
938 3823 983 3896 de
1007 3824 1083 3920 ipsa
1101 3824 1248 3918 pecnnia
1270 3825 1450 3919 provehis
1472 3838 1532 3899 ant
1549 3829 1628 3902 aliis

209 3943 345 4038 aliquid
365 3945 582 4043 aliquatenus
597 3966 668 4019 non
682 3946 851 4039 tangetis,
872 3954 1030 4022 caventes
1048 3946 1189 4018 omnino
1206 3967 1251 4018 ne
1267 3966 1330 4040 per
1348 3947 1491 4020 modum
1509 3953 1628 4024 remis·

210 4069 319 4142 sionis
332 4078 394 4142 ant
409 4070 547 4142 subtilis
562 4070 710 4160 astutio,
730 4069 858 4164 privati
871 4070 957 4141 lucri
971 4071 1064 4142 trans
1078 4091 1125 4142 ex
1143 4069 1427 4166 promissionibus
1447 4073 1559 4147 tacitis
1572 4077 1626 4148 vel

211 4211 233 4264 a
248 4192 373 4264 nostris
391 4191 551 4267 fidelibus
571 4193 724 4266 extorsio
746 4215 793 4266 ex
811 4193 1041 4266 delationibus
1064 4202 1099 4265 et
1118 4193 1379 4287 gravaminibus
1397 4209 1623 4290 presumatur.

212 4314 372 4388 Ceterum
388 4337 469 4388 cum
487 4315 631 4411 expedit
647 4316 758 4390 dictos
774 4317 938 4389 officiales
957 4317 1018 4406 A„
1041 4315 1105 4388 Tb.
1130 4326 1166 4388 et
1185 4317 1224 4388 lt.
1245 4319 1300 4390 vel
1325 4339 1433 4388 unum
1453 4340 1574 4393 eorum
1591 4323 1627 4395 in

212 4438 360 4510 aliorum
385 4439 559 4513 delectum
582 4441 729 4513 sollicite
754 4441 939 4535 requiratis
962 4449 1001 4512 nt
1024 4441 1173 4534 quilibet
1190 4441 1293 4532 juxta
1321 4443 1558 4516 anctoritatem
1581 4469 1628 4518 ex

212 4547 326 4632 officio
339 4559 405 4632 sibi
417 4562 636 4634 commissam
649 4562 696 4634 ad
708 4563 915 4655 requirenda
924 4564 1004 4655 jura
1016 4572 1156 4652 statuta,
1168 4561 1215 4636 ad
1227 4563 1481 4659 compellendos
1491 4587 1552 4638 eos
1566 4570 1627 4661 qui

212 4679 358 4754 libenter
376 4704 416 4756 ea
439 4705 508 4757 non
527 4685 694 4758 solverint
710 4695 748 4757 ut
764 4685 909 4774 debent,
926 4684 973 4758 ad
986 4685 1183 4781 puniendos
1199 4708 1259 4760 eos
1273 4686 1333 4781 qui
1351 4690 1543 4781 transgredi
1562 4692 1627 4765 hec
