4242 5904
188 615 285 674 tianter.
304 609 365 693 tu]
616 609 814 671 tttsrouta
838 597 1132 671 utrtottartctt.
1548 614 1605 675 173

189 719 295 794 etde
320 717 463 790 Borenis
484 727 519 790 ct
543 717 588 788 de
613 717 769 808 Petraea,
793 719 955 791 ccclesias
980 718 1025 792 de
1052 718 1205 788 Ftariaco
1232 726 1266 789 ot
1288 715 1333 790 de
1357 719 1494 792 viriaco
1524 744 1602 794 cnm

191 841 345 936 prioratu
370 850 406 912 et
431 839 561 934 capelia
588 837 633 912 de
656 838 861 934 Antigniaco
879 849 914 912 et
935 839 980 914 de
1005 841 1090 912 Rucl
1118 861 1198 912 curn
1220 840 1393 936 prioratu,
1424 845 1603 918 ecclesiam

191 961 238 1036 dc
261 965 352 1035 Vitta
375 961 573 1036 monasterii
597 983 677 1034 cnm
702 964 856 1058 prioratu
884 973 917 1036 ot
945 963 1076 1058 capella
1100 963 1216 1035 Sancti
1239 963 1427 1062 Germani,
1445 969 1605 1042 ecclosias

190 1086 305 1158 Sancti
333 1085 478 1180 Remigii
507 1084 553 1158 de
579 1087 695 1158 Monte
722 1096 757 1158 et
783 1087 828 1160 de
847 1086 1026 1160 Coloniaco
1052 1109 1130 1158 cum
1156 1086 1307 1180 prioratu
1337 1097 1372 1159 et
1399 1091 1528 1185 capella
1559 1091 1604 1164 do

191 1209 344 1298 Petreio,
370 1208 552 1280 ecclesiam
576 1209 621 1282 de
642 1209 877 1304 Cnrmougon,
906 1209 1086 1282 ecclesiam
1111 1209 1155 1281 de
1180 1209 1380 1282 Martiniaco
1405 1235 1485 1284 cum
1508 1214 1606 1309 prio-

191 1341 267 1404 ratu
286 1341 322 1404 et
339 1332 469 1426 capella
492 1331 537 1404 de
555 1332 751 1422 Grossiaoc,
772 1333 936 1405 ecclesias
952 1331 998 1406 de
1014 1333 1192 1423 Dionaeo,
1215 1333 1260 1404 de
1276 1333 1433 1426 viriaco,
1457 1336 1503 1409 de
1517 1338 1605 1409 Dor·

192 1455 289 1548 tingo
307 1463 343 1526 et
361 1454 503 1550 capellis
520 1455 566 1528 de
582 1455 726 1528 Vesiaoo
739 1466 774 1528 et
793 1457 908 1528 Monte
922 1454 1061 1528 Aisetlo.
1085 1456 1123 1525 In
1138 1476 1226 1550 pago
1242 1457 1428 1530 Viennensi
1444 1460 1606 1533 ecclosias

192 1577 237 1650 de
251 1577 473 1662 Quintiniacu
492 1599 572 1650 cum
593 1579 745 1672 prioratu
762 1589 797 1651 et
815 1578 860 1651 de
875 1577 1018 1652 liutiaoo
1035 1587 1069 1649 et
1083 1577 1128 1650 de
1149 1578 1289 1650 Ardolio
1308 1601 1388 1652 cum
1409 1582 1539 1676 capella
1562 1584 1607 1657 de

192 1699 307 1790 Oriol,
334 1701 497 1772 ecclesias
522 1701 638 1772 Sancti
663 1701 789 1772 Albani
812 1711 847 1774 ot
871 1701 986 1774 Sancti
1008 1701 1145 1795 Georgii
1169 1711 1204 1774 ct
1226 1703 1342 1774 Sancti
1359 1704 1502 1776 Romani
1527 1727 1606 1777 cum

192 1822 324 1917 capella
343 1822 388 1895 de
413 1821 531 1918 Agyo,
549 1822 727 1894 ecclesiam
747 1821 793 1895 da
812 1823 981 1896 Salicibus
1004 1845 1083 1894 cunr
1102 1824 1256 1918 prioratu
1280 1833 1315 1896 ct
1332 1826 1494 1898 omnihus
1510 1827 1606 1901 deci·

193 1946 260 2016 mie
287 1956 322 2018 et
350 1945 559 2040 appenditiis
584 1946 657 2016 suis
684 1955 719 2018 et
746 1947 909 2018 ecclesias
938 1945 984 2018 de
1007 1947 1232 2042 Lycaoniam,
1266 1947 1312 2020 do
1339 1949 1526 2042 verniaco,
1562 1951 1627 2024 de'

193 2067 355 2158 Catnaoo,
377 2068 421 2140 de
436 2069 567 2140 Altasio
582 2078 616 2140 et
632 2069 678 2142 da
692 2067 869 2141 Atentiaco
891 2091 971 2141 cum
987 2071 1116 2164 capella
1136 2069 1181 2142 dc
1197 2069 1408 2164 flussitione,
1428 2075 1607 2148 ecclesiam

193 2190 240 2264 de
253 2192 479 2264 Kamuniaoo.
504 2194 543 2264 In
564 2213 655 2286 pago
674 2191 890 2264 Gobannensi
908 2193 1070 2264 ecclesias
1095 2192 1140 2265 de
1162 2193 1356 2266 Arreniaco
1380 2205 1415 2268 et
1432 2195 1478 2270 de
1493 2196 1607 2270 Clusia

193 2324 228 2386 ot
255 2316 300 2387 de
326 2315 537 2388 Bellomonte
567 2337 645 2387 cum
672 2315 827 2410 prioratu
855 2325 890 2387 et
912 2314 957 2388 de
982 2314 1186 2388 Landouino
1211 2325 1245 2388 et
1270 2316 1316 2390 de
1339 2318 1500 2392 Pauliacu
1528 2343 1607 2394 curu

195 2439 345 2531 prioratu
369 2447 404 2510 et
426 2439 565 2534 capeliis
586 2439 700 2512 Sancti
718 2439 854 2512 Genesii
871 2449 906 2510 et
923 2439 968 2512 dc
990 2440 1163 2532 Sergiacn,
1188 2440 1367 2512 ecclesiam
1390 2441 1436 2514 de
1453 2443 1608 2518 Sessiaco

192 2583 273 2632 cnm
292 2563 464 2657 prioratu,
490 2563 668 2636 ecclesiam
693 2561 739 2634 dc
763 2562 897 2635 Divona
926 2584 1005 2634 cum
1029 2563 1198 2657 prioratu,
1218 2563 1394 2636 ecclesiam
1418 2562 1464 2638 do
1488 2567 1607 2639 Gena-

191 2684 280 2758 tiaoo
301 2707 379 2758 curn
406 2685 578 2780 prioratu,
597 2685 776 2759 ecclesiam
797 2682 843 2758 de
857 2685 1033 2760 Nividnno
1057 2709 1135 2758 cnm
1162 2688 1314 2782 prioratu
1337 2697 1372 2760 et
1399 2690 1538 2783 capellis
1563 2691 1609 2763 de

192 2809 364 2903 Pregnino
378 2820 414 2884 et
438 2809 484 2883 de
498 2811 725 2882 Premoncoro
744 2819 780 2882 et
803 2809 849 2882 de
864 2810 1058 2904 Coltonray.
1077 2811 1116 2882 lu
1137 2832 1226 2904 pago
1243 2811 1477 2885 Bisnntinensi
1494 2815 1608 2888 cccle-

192 2930 279 3006 siam
307 2933 463 3006 Cosantie
492 2955 572 3005 curu
598 2933 752 3028 prioratu
779 2943 813 3005 et
836 2933 970 3028 capella
993 2934 1107 3006 Sancti
1124 2933 1324 3028 Lecdegarii
1345 2944 1379 3006 et
1400 2936 1609 3030 appenditiis

191 3059 286 3149 suis,
314 3058 493 3130 ecclesiam
522 3059 567 3131 de
593 3057 819 3146 Landresses,
840 3057 1018 3130 ecclesiam
1043 3057 1087 3130 de
1112 3057 1273 3147 Servius,
1293 3058 1472 3129 ecclesiam
1494 3060 1606 3132 Sancti

191 3181 280 3254 Iusti
302 3180 347 3254 de
369 3181 517 3254 Arbosio
541 3203 620 3252 cum
647 3182 798 3276 prioratu
820 3189 855 3252 et
878 3181 1039 3254 omnibus
1059 3180 1203 3253 decimis
1228 3181 1377 3274 aliisque
1397 3183 1607 3278 appenditiis

191 3304 327 3376 suiset
355 3325 434 3375 curn
463 3303 602 3398 capeliis
630 3304 675 3377 de
702 3303 877 3396 Changius
900 3313 935 3376 et
960 3303 1005 3376 de
1025 3303 1174 3398 Pupillin
1197 3313 1231 3375 et
1261 3303 1306 3376 de
1334 3305 1476 3402 Mesuay
1500 3315 1534 3377 et
1561 3306 1607 3379 de

193 3427 400 3518 castellana,
421 3427 600 3500 ecclesiam
618 3427 663 3499 de
681 3427 824 3518 villeta,
851 3427 1029 3500 ecclesiam
1048 3427 1165 3498 Sancti
1185 3427 1337 3522 cyriaci,
1361 3429 1540 3500 ecclesiam
1562 3430 1608 3503 de

192 3551 391 3641 villanova,
419 3550 599 3622 ecclesiam
624 3549 670 3621 de
699 3549 898 3645 Sygurosis,
922 3550 1036 3621 locum
1063 3550 1108 3622 de
1134 3551 1261 3622 Maltua
1290 3573 1368 3622 cum
1392 3551 1607 3645 appendiciis

192 3675 284 3766 suis,
304 3673 484 3746 ecclesiam
501 3672 546 3746 de
565 3673 764 3746 Martiniano
785 3694 864 3744 cum
884 3672 1054 3767 prioratu,
1076 3673 1255 3744 ecclesiam
1278 3673 1393 3744 Sancti
1408 3673 1603 3766 Saturnini,

194 3797 372 3870 ecclesiam
385 3798 489 3870 Bletis
505 3806 539 3870 ct
558 3797 678 3869 ambas
698 3797 861 3870 ecclesias
880 3794 925 3868 de
939 3796 1087 3868 Rocheta
1103 3817 1182 3867 cum
1197 3797 1329 3890 capella
1348 3795 1392 3868 de
1405 3796 1603 3886 Baroaiaco,

192 3921 371 3994 ecclesiam
390 3922 505 3994 Sancti
517 3920 675 4016 Lupicini
689 3942 769 3992 cum
789 3919 942 4014 prioratu
957 3929 991 3990 et
1010 3919 1102 3992 villis
1121 3918 1358 4012 adjacentibus
1372 3941 1453 3990 cum
1466 3921 1606 4014 capellis

193 4052 227 4114 et
238 4043 313 4115 suis
324 4044 547 4138 appenditiis,
561 4044 739 4116 ecclesiam
755 4043 801 4116 de
817 4041 993 4138 Moyrinco
1010 4063 1090 4114 cum
1107 4043 1260 4139 prioratu
1271 4051 1306 4116 et
1323 4043 1415 4114 villis
1428 4051 1463 4114 et
1478 4065 1605 4137 appen-

193 4165 294 4238 diciis
309 4166 399 4258 ejus,
416 4167 595 4238 ecclesiam
613 4165 658 4238 de
674 4165 917 4256 Cherohitiaoo,
937 4165 1114 4238 ecclesiam
1130 4165 1175 4239 do
1189 4165 1349 4262 Meyseis,
1365 4166 1543 4238 ecclesiam
1561 4165 1606 4238 da

192 4289 347 4385 Autnoys
366 4299 401 4362 et
417 4289 462 4362 de
475 4293 608 4363 nonno
620 4291 718 4362 Petro
737 4311 816 4361 cum
835 4289 987 4384 prioratu
1001 4299 1036 4361 et
1051 4290 1181 4384 capella
1198 4290 1312 4362 Sancti
1328 4289 1478 4384 Georgii,
1495 4291 1604 4361 ecole-

193 4411 279 4484 siam
303 4411 350 4484 de
371 4413 571 4486 Vallenante
597 4435 676 4484 curn
702 4413 854 4510 prioratu
881 4423 916 4486 et
939 4413 1132 4508 capellada
1161 4413 1332 4504 Bornaco,
1352 4412 1531 4484 ecclesiam
1560 4410 1604 4482 do

194 4537 380 4609 Ausiniaco
404 4559 483 4610 curn
508 4538 677 4632 prioratu,
699 4537 878 4610 ecclesiam
903 4535 1133 4628 devincens,
1157 4537 1333 4608 ecclesiam
1353 4535 1468 4608 Sancti
1486 4534 1602 4604 Albini

195 4661 239 4734 de
255 4661 440 4736 Anuoircs.
467 4662 523 4735 Ad
543 4673 768 4755 augmentum
792 4681 934 4757 quoque
955 4660 1141 4755 imperialis
1161 4660 1269 4753 gratio
1290 4667 1324 4731 et
1345 4658 1391 4730 ad
1419 4677 1514 4752 spem
1540 4677 1602 4727 sa-
