4278 5920
247 573 342 630 rrae.
361 565 421 648 rr}
678 537 887 626 'nrsronra
914 564 1204 628 urruouarrca
1592 565 1649 628 155

246 713 442 799 presentare
466 701 637 787 lecerunt,
659 697 833 772 humiliter
852 699 1084 794 supplicantes
1106 709 1145 772 nt
1169 700 1256 772 illud
1284 701 1449 773 innovare
1469 709 1503 773 et
1522 700 1649 773 contir-

246 847 340 900 mare
356 825 401 900 de
416 833 533 898 nostra
547 822 656 916 gratia
669 821 909 916 dignaremur,
931 823 1032 914 cnjus
1045 831 1142 896 tenor
1160 832 1212 896 est
1227 845 1289 919 per
1305 825 1421 896 omnia
1439 825 1515 897 talis
1532 852 1540 896 :

292 950 482 1045 Philippus,
494 947 556 1020 Dei
570 946 678 1040 gratia
690 947 922 1020 Romanorum
930 968 993 1018 rex
1005 955 1040 1018 et
1050 967 1185 1042 semper
1198 955 1377 1042 angustus.
1390 949 1525 1042 Regalis
1536 949 1650 1022 excel·

247 1074 349 1147 lentie
375 1074 543 1144 immensa
569 1071 764 1165 benignitas
791 1091 871 1142 cum
900 1069 1054 1142 omnium
1077 1070 1296 1143 eeclesiarum
1325 1071 1391 1143 sibi
1420 1071 1651 1164 subjectarum

247 1196 479 1269 commoditati
507 1195 631 1270 debent
656 1193 854 1289 providere,
881 1193 1061 1287 specialius
1083 1203 1196 1266 tamen
1220 1195 1296 1266 loca
1313 1193 1470 1288 religioni
1488 1194 1652 1290 deputata

246 1321 366 1414 regalis
378 1316 634 1413 magnificentie
650 1317 839 1412 patrocinio
855 1317 952 1411 pium
970 1325 1005 1390 et
1014 1319 1145 1408 justum
1162 1326 1214 1390 est
1226 1317 1457 1390 indesinenter
1478 1319 1649 1410 gaudere,

247 1465 289 1516 ue
313 1465 480 1539 personas
501 1441 780 1537 contemplationi
799 1440 933 1514 deditas
949 1440 1130 1514 occasione
1153 1441 1358 1512 secularium
1387 1443 1595 1514 tumultuum
1615 1445 1652 1514 iu

246 1577 363 1641 saneto
385 1566 559 1662 proposito
583 1565 760 1656 contingat
776 1564 997 1658 aliquatenus
1015 1564 1188 1638 vacillare.
1211 1563 1296 1637 lude
1311 1573 1363 1636 est
1382 1566 1478 1658 quod
1494 1564 1540 1637 ed
1557 1567 1653 1638 noti·-

246 1693 327 1766 tiam
347 1692 503 1764 omnium
518 1701 586 1764 tam
608 1690 775 1786 presentis
791 1711 896 1783 quam
912 1711 1111 1764 successuro
1132 1689 1339 1784 posteritatis
1356 1689 1525 1762 duximus
1542 1692 1654 1786 perle-

247 1816 393 1890 reudum
412 1815 507 1911 quod
521 1837 585 1890 nos
597 1816 643 1888 ob
655 1815 749 1911 piam
762 1815 1060 1888 commonitionem
1078 1814 1194 1886 dilecti
1211 1814 1318 1886 nostri
1334 1813 1529 1886 Chnonradi
1547 1816 1654 1888 ebba·

247 1941 517 2014 tisllictoriensis
532 1939 714 2014 cenobium
729 1937 932 2032 jamdictum
950 1961 1028 2010 cnm
1041 1939 1201 2012 omnibus
1220 1939 1433 2033 pertinentiis
1444 1941 1529 2028 suis,
1545 1941 1651 2025 villis,

245 2065 366 2160 sylvis,
383 2067 503 2161 pratis,
518 2063 661 2152 mansis,
677 2063 777 2157 aquis
788 2084 1026 2158 aquarumque
1039 2061 1285 2136 decursibuset
1296 2063 1569 2158 possessionibus
1582 2065 1655 2138 suis

245 2189 540 2282 qualitercumque
559 2187 755 2260 donationis
772 2187 838 2258 sub
852 2185 1035 2280 specialem
1049 2187 1144 2278 regie
1161 2187 1347 2279 majestatis
1362 2186 1540 2258 tuitionem
1556 2209 1654 2260 rece-

246 2311 376 2406 pimus,
398 2312 495 2406 regio
513 2310 667 2384 districto
689 2309 884 2382 inhibentes
906 2330 950 2381 ne
972 2309 1134 2404 cuiquam
1159 2309 1329 2382 innostro
1354 2308 1492 2403 degenti
1513 2311 1655 2404 imperio

245 2434 381 2506 licitum
405 2435 449 2506 sit
472 2456 599 2507 nomen
619 2434 801 2508 advocatie
823 2433 979 2525 ejusdem
999 2433 1134 2506 cenobii
1157 2455 1220 2506 seu
1237 2433 1431 2527 aliquorum
1455 2434 1655 2506 reddituum

246 2559 312 2630 sibi
338 2579 518 2654 usurpare.
546 2556 775 2633 inhibendum
800 2557 1127 2651 quoquoduximus
1151 2557 1404 2650 nequisquam
1433 2557 1591 2648 judicum
1620 2558 1656 2628 in

248 2683 394 2755 clanstro
418 2683 494 2756 sive
514 2682 667 2776 grangiis
693 2683 768 2754 sive
790 2682 1066 2775 quibuscumque
1088 2681 1363 2776 possessionibus
1383 2681 1455 2752 suis
1479 2681 1547 2752 nlla
1566 2682 1656 2753 cclc-

246 2806 346 2878 brare
360 2807 484 2900 placita
501 2815 678 2900 attemptet
695 2815 731 2876 et
743 2825 786 2877 ne
805 2804 960 2876 homines
974 2805 1126 2899 ipsorum
1139 2804 1205 2876 nisi
1222 2801 1438 2876 solummodo
1451 2811 1501 2874 ter
1513 2804 1548 2873 in
1566 2824 1657 2876 anno

248 2928 463 3021 njndicibus
485 2930 559 3000 suis
584 2928 630 3000 ad
652 2928 777 3020 placita
801 2938 969 3000 vocentur
995 2951 1058 3000 seu
1077 2927 1250 3021 aliquibus
1276 2927 1485 3000 inconsuetis
1509 2927 1658 3019 angariis

250 3051 541 3144 constringantur3
566 3061 751 3124 statuentes
777 3061 811 3124 et
835 3052 928 3145 regio
955 3051 1068 3124 edicto
1094 3051 1234 3122 firmiter
1257 3051 1480 3146 precipientes
1508 3061 1547 3122 ot
1570 3050 1657 3122 nulli

250 3197 403 3269 unquam
425 3175 606 3246 homiuum
630 3174 721 3246 hauc
739 3182 857 3248 nostre
881 3174 1147 3248 confirmationis
1169 3173 1320 3246 divalem
1342 3173 1504 3268 paginam
1526 3172 1658 3244 licitum

251 3300 295 3370 sit
305 3299 495 3391 infringere
510 3321 571 3372 seu
584 3299 700 3393 aliquo
713 3299 745 3370 ci
762 3299 989 3394 improbitatis
1005 3322 1093 3371 ausu
1110 3298 1269 3388 obviare,
1290 3298 1453 3392 qnoniam
1467 3297 1527 3392 qui
1547 3299 1659 3370 lacere

250 3425 495 3518 presumpserit
510 3423 604 3518 regie
621 3423 868 3516 indignationis
890 3422 1053 3496 offensam
1073 3445 1111 3495 se
1133 3423 1267 3496 noverit
1289 3423 1441 3515 graviter
1459 3421 1655 3494 incurrisse.

251 3548 293 3620 Ut
307 3557 424 3620 autem
439 3547 504 3618 beo
522 3559 637 3620 nostre
651 3547 918 3620 confirmationis
931 3547 1056 3641 pagina
1071 3549 1106 3619 in
1123 3569 1228 3620 evum
1243 3546 1483 3620 iuviolabiliter
1496 3545 1659 3618 observe-

250 3681 318 3759 tur,
339 3679 533 3765 presentem
559 3670 689 3742 exinde
716 3673 879 3766 paginam
906 3671 1075 3743 conscribi
1100 3671 1265 3764 jussimus
1293 3679 1327 3742 et
1355 3669 1449 3764 regie
1474 3670 1660 3762 majestatis

252 3795 448 3867 charactere
470 3794 678 3889 consignari.
835 3777 840 3788 ⁵

299 3919 411 4010 Hujus
424 3919 473 3990 rei
495 3927 599 3990 testes
623 3927 703 3990 sont
717 3917 925 4011 Wolffgerus
946 3917 1139 4014 patriarcha
1154 3915 1424 4012 Aquilegiensis,
1440 3915 1661 3990 Eberhardus

254 4041 509 4135 Salzburgensis
531 4039 823 4136 archiepiscopus,
846 4040 1007 4115 Albertos
1022 4041 1343 4132 ldaidenburgensis
1364 4041 1657 4138 archiepiscopus,

255 4163 479 4258 Manegoldos
506 4165 717 4238 Pataviensis
744 4165 949 4260 episcopus,
983 4165 1059 4238 Otto
1091 4165 1366 4258 Wirzburgensis
1397 4166 1598 4260 episcopus,
1629 4175 1662 4238 et

258 4291 372 4384 plures
389 4289 462 4362 alii.

302 4416 427 4486 Datum
443 4412 539 4509 opud
555 4413 778 4508 Herbipolim,
797 4436 888 4487 anno
900 4414 1036 4486 Domini
1053 4413 1235 4487 millesimo
1253 4413 1487 4486 ducentesimo
1502 4414 1659 4509 septimo,

258 4547 355 4611 sexto
371 4537 451 4610 idus
468 4539 622 4633 augusti,
643 4539 830 4612 indictione
845 4539 991 4613 decime.

302 4663 371 4735 Nos
398 4662 503 4757 igitur
528 4663 589 4756 qui
617 4685 780 4759 personas
806 4672 841 4735 st
864 4666 939 4736 loca
961 4663 1118 4758 religiosa
1144 4661 1252 4756 digno
1277 4664 1391 4736 lavore
1408 4663 1660 4758 prosequimur,
