4278 5920
248 599 348 662 lttntct.
366 599 429 678 ll.]
698 599 893 661 tttstontt
918 597 1216 661 ntrtoltartclt.

470 881 826 896 ffl---u--m
831 884 939 896 umen-no
945 885 1035 895 ..ιιι-ιιι
1043 887 1050 896 ι
1063 885 1076 894 0
1082 883 1204 894 ..ο-υ..-
1209 883 1428 896 anan—m

296 1161 533 1268 Fridericus,
567 1161 827 1246 Romanorum
858 1161 1077 1272 imperator,
1104 1175 1229 1274 grates
1252 1165 1332 1275 agit
1357 1165 1510 1248 cuidam
1541 1191 1657 1250 rom·

243 1295 425 1377 mnnitati
456 1295 516 1406 (1)
544 1297 649 1406 qnod
676 1297 958 1406 opportunitate
984 1307 1096 1380 necta
1125 1299 1174 1380 ad
1206 1309 1332 1408 partes
1360 1325 1449 1382 suas
1480 1301 1656 1408 redierit,

241 1425 496 1538 hortaturque
513 1436 557 1510 ut
578 1429 778 1538 insurgant
799 1429 838 1510 in
861 1429 1087 1512 offensiones
1108 1430 1367 1540 inimicorum,
1390 1457 1429 1514 se
1456 1432 1506 1514 ad
1532 1441 1658 1540 partes

242 1561 349 1670 ipsas
367 1559 614 1670 personaliter
633 1587 874 1644 accessurum
891 1563 1128 1670 promittens.

328 1795 453 1875 (lncdlt.
469 1795 583 1857 excod.
598 1795 737 1857 Btbllotb.
748 1796 846 1858 Cesar.
862 1795 1068 1877 Paris.,sondr
1079 1797 1110 1860 S.
1126 1799 1235 1871 Germ„
1250 1806 1284 1858 n⁰
1297 1807 1367 1872 455,
1383 1814 1413 1874 p.
1429 1797 1471 1868 11,
1487 1815 1518 1876 p.
1533 1796 1597 1878 ⁵5.)

294 2000 516 2100 [Fridericus,
532 2001 615 2102 ete]
631 2003 706 2076 Non
723 2004 837 2076 minus
854 2005 995 2101 ylariter
1016 2027 1121 2098 qnam
1139 2004 1290 2098 benigne
1307 2004 1436 2099 recepit
1457 2005 1659 2078 excellentia

243 2137 367 2200 nostra
379 2127 602 2220 litterasqnas
612 2127 766 2218 misistis,
782 2127 866 2200 dum
876 2149 920 2200 ex
934 2129 1087 2222 ipsarum
1098 2138 1215 2200 tenore
1226 2127 1443 2223 percepimus
1451 2136 1571 2199 votum
1583 2148 1660 2200 ves·

242 2261 338 2322 trum
351 2259 384 2321 et
394 2249 568 2322 laudabile
577 2249 658 2323 lidei
670 2259 783 2323 vestre
792 2251 1004 2346 propositum
1014 2250 1336 2346 comprehendimus
1346 2273 1424 2324 cum
1437 2251 1573 2323 ellectu.
1585 2250 1661 2335 Que

242 2373 324 2444 licet
348 2371 411 2445 diu
435 2373 651 2446 inimicorum
673 2373 827 2468 nequitia
845 2375 1094 2469 comprimente
1109 2374 1219 2448 invita
1238 2375 1395 2466 latuerit,
1414 2383 1534 2470 utpote
1551 2395 1660 2468 quum

244 2507 354 2590 capnt
369 2505 523 2570 vestrum
539 2496 636 2590 quod
646 2506 700 2570 eet
716 2497 899 2591 imperium
919 2499 954 2568 in
973 2499 1110 2570 remotis
1123 2498 1266 2591 agebat,
1283 2497 1397 2569 statim
1415 2497 1511 2592 qnod
1526 2497 1661 2571 deside·

244 2629 359 2691 ratum
370 2619 540 2692 adventus
554 2622 706 2714 potentie
718 2632 833 2694 nostre
844 2631 980 2718 tempus
994 2622 1084 2694 votis
1099 2621 1223 2694 vestris
1238 2621 1397 2712 accessit,
1412 2621 1529 2714 rejecit
1537 2622 1661 2717 jugum

243 2741 402 2815 indebite
410 2743 585 2815 servitutis
596 2755 631 2816 et
643 2743 689 2816 ad
697 2743 915 2818 devotionem
924 2753 958 2818 et
972 2745 1077 2819 fidem
1088 2754 1238 2818 nostram
1252 2745 1298 2818 ad
1312 2767 1416 2840 qnam
1431 2755 1510 2818 vota
1525 2767 1662 2842 semper

246 2865 393 2960 gerebat
414 2866 535 2940 invida
561 2867 706 2940 totaliter
728 2869 955 2942 consurrexit.
977 2867 1225 2963 Amplectimur
1249 2869 1284 2940 in
1310 2869 1404 2942 omni
1429 2869 1661 2942 benivolentia

247 2989 353 3062 corda
368 3003 481 3063 vestra
493 2999 527 3062 et
537 2991 630 3064 omni
645 2992 753 3086 gratia
769 3015 839 3087 qne
857 2992 902 3066 de
916 3014 1023 3065 manu
1034 2993 1166 3066 Cesaris
1179 2993 1265 3066 solet
1280 2991 1327 3064 ad
1343 2993 1509 3088 populum
1526 2993 1608 3066 fidei
1626 3003 1662 3068 ct

247 3113 477 3188 benemeritos
492 3137 664 3205 emanare,
686 3127 756 3188 tam
773 3115 955 3189 laudabilis
972 3116 1164 3189 devotionis
1178 3127 1210 3188 et
1230 3117 1362 3189 virtutis
1375 3118 1605 3188 constanciam
1623 3116 1660 3188 in

246 3236 348 3308 vobis
372 3236 586 3332 disponimus
609 3239 788 3333 prevenire
808 3249 846 3310 ut
866 3239 927 3334 qni
950 3239 1108 3310 allectum
1134 3239 1179 3311 ad
1196 3239 1430 3311 excellentiam
1455 3249 1662 3312 nostramet

248 3357 499 3456 decusimperii
511 3383 647 3457 semper
656 3363 848 3454 obtentum,
860 3385 905 3435 ex
913 3363 981 3435 alia
991 3365 1071 3435 licet
1081 3362 1438 3458 insolentiapressum,
1451 3373 1551 3434 nacta
1560 3383 1661 3458 opor·

248 3484 395 3556 tunitate
413 3487 577 3579 temporis
590 3485 800 3574 ostendistis,
815 3509 861 3558 ex
876 3487 1061 3581 imperialis
1074 3485 1308 3558 munificentia
1322 3487 1508 3578 majestatis
1521 3487 1660 3581 signum

250 3605 402 3700 gratifice
415 3608 648 3681 retributionis
665 3610 700 3680 in
720 3611 919 3704 exemplum
937 3610 1140 3682 trahendum
1156 3632 1176 3682 a
1194 3609 1338 3705 posteris
1355 3611 1551 3703 eorpuiratis.
1570 3611 1662 3684 Ecce

250 3730 356 3822 igitur
367 3739 502 3826 tempus
516 3741 682 3820 vestrum,
694 3753 773 3804 ecce
787 3733 862 3806 dies
874 3733 918 3806 ad
929 3754 1018 3828 quos
1031 3743 1144 3805 vestra
1158 3731 1330 3804 desideria
1341 3732 1571 3828 suspirabant.
1583 3734 1663 3804 Sur-

250 3853 321 3948 gite
336 3875 418 3947 ergo
435 3854 470 3925 in
482 3855 703 3950 opprobrium
714 3877 833 3927 eorum
850 3857 910 3949 qni
924 3879 1001 3928 curn
1015 3857 1105 3928 servi
1122 3865 1236 3928 essent
1250 3863 1285 3926 et
1300 3853 1444 3949 perfidio
1459 3855 1534 3943 filii,
1550 3855 1662 3929 domi·

249 3977 324 4049 nari
342 3977 459 4050 liberis
476 3989 511 4049 et
527 3979 721 4051 animorum
739 3980 933 4053 sinceritate
955 3979 1155 4070 vigentibus
1171 3979 1383 4072 satagebant.
1407 3979 1497 4051 Ecce
1518 3979 1661 4072 quidem

250 4099 387 4192 gladius
410 4101 548 4174 ultionis
570 4112 684 4175 nostre
708 4103 863 4176 imminet
881 4105 917 4174 in
941 4104 1092 4176 cervices
1112 4125 1231 4175 eorum
1253 4112 1288 4174 et
1308 4102 1486 4174 brachium
1505 4105 1662 4198 potencie

251 4231 364 4296 nostre
378 4225 429 4295 sic
444 4245 503 4296 eos
516 4226 719 4298 comminuit
735 4227 885 4300 evicino
900 4238 938 4299 nt
956 4229 1071 4299 nullus
1085 4230 1156 4321 jam
1171 4227 1216 4299 sit
1233 4227 1284 4299 eis
1302 4227 1420 4300 salutis
1436 4227 1552 4300 aditus
1568 4226 1662 4301 unde

285 4507 326 4581 (t)
345 4509 420 4566 lianc
435 4511 573 4584 epistolam
592 4513 718 4588 scriptam
732 4512 815 4571 luisse
828 4514 990 4571 arbitramur
1000 4511 1217 4572 vercellensibus
1231 4512 1289 4571 sive
1301 4513 1526 4584 Novaricnsibus,
1544 4529 1577 4572 eo
1590 4519 1661 4572 tem·

253 4617 318 4675 pure
330 4619 384 4677 quo
396 4605 440 4664 bis
453 4607 606 4668 civitatibus
625 4611 652 4666 in
665 4609 746 4668 tidem
759 4610 862 4684 imperii
876 4611 1065 4682 redeuntibus,
1080 4609 1230 4668 Fridericus
1246 4609 1281 4667 ad
1299 4615 1391 4685 partes
1410 4611 1580 4669 Pedemontis
1597 4626 1661 4669 suos

254 4715 361 4771 mesum
375 4702 512 4762 intendere
523 4707 646 4779 parabat.

331 4797 368 4860 V.
1460 4813 1499 4865 ao
