4224 5898
230 577 406 666 turmas]
673 573 871 637 HISTORIA
897 573 1189 636 llll'hohlh'l'lssll.
1574 579 1635 642 325

227 713 405 810 hospitalis
422 711 538 787 Sancti
551 709 716 786 iohannis
727 709 1028 807 iherosolimitani,
1039 709 1204 783 videlicet
1216 717 1287 782 tam
1301 709 1337 782 in
1354 709 1510 806 partibus
1525 721 1636 788 trans-

226 838 370 918 marinis
382 858 487 936 quam
502 844 537 908 et
551 834 682 928 ubique
696 843 864 908 terrarum
876 835 910 906 in
928 834 1082 908 advenas
1099 844 1134 907 et
1147 835 1346 930 peregrinos
1363 833 1468 932 atque
1482 833 1635 915 infirmos

226 960 352 1038 cotidie
369 967 586 1052 exercentur,
607 957 770 1032 habendo
784 967 997 1054 respectum3
1015 958 1232 1032 intendentes
1246 980 1329 1052 ergo
1345 958 1449 1032 lidern
1465 983 1588 1056 puram
1600 974 1636 1036 et

229 1083 448 1158 devotionem
474 1083 641 1156 sinceram
657 1103 763 1176 quarn
781 1082 884 1153 irater
900 1081 1110 1154 bertrandus
1129 1080 1174 1153 de
1196 1081 1331 1172 Barros,
1350 1083 1444 1176 prior
1457 1083 1635 1179 hospitalis

226 1208 339 1282 Sancti
358 1205 523 1280 Iohannis
543 1204 832 1279 iherosolimitani
850 1204 885 1276 in
904 1204 1055 1300 prioratu
1075 1204 1188 1277 Sancti
1208 1203 1337 1298 Egidii,
1365 1203 1478 1278 fidelis
1502 1217 1630 1298 noster,

224 1331 271 1408 ad
289 1331 478 1426 majestatis
500 1339 616 1428 nostre
633 1351 817 1425 personam
839 1337 875 1400 et
895 1350 1032 1402 sacrum
1052 1328 1236 1423 imperium
1257 1327 1386 1401 habere
1405 1328 1630 1423 dignoscitur,

224 1464 258 1531 et
272 1476 337 1550 pro
351 1454 458 1550 gratis
476 1452 582 1526 etiam
603 1453 840 1546 servitiisque
857 1451 959 1524 nobis
977 1460 1012 1522 et
1028 1451 1174 1546 imperio
1192 1451 1353 1524 exhibuit
1376 1451 1543 1525 hactenus
1563 1463 1631 1527 tam

222 1575 371 1650 fideliter
384 1600 490 1672 quam
509 1575 634 1650 devote
649 1589 684 1650 et
699 1598 770 1671 qne
790 1575 958 1649 exhibere
978 1575 1102 1670 poterit
1119 1575 1155 1647 in
1175 1584 1276 1648 antea
1291 1575 1457 1669 gratiora3
1477 1576 1523 1650 ad
1542 1600 1632 1675 sup·

223 1699 442 1795 plicationem
459 1701 586 1795 ipsius,
609 1699 731 1774 domos
755 1699 936 1794 hospitalis
961 1696 1116 1791 ejusdem
1133 1699 1344 1794 ubicumque
1365 1721 1426 1796 per
1448 1700 1631 1796 imperium

222 1833 378 1898 nostrum
400 1824 483 1896 sitas
505 1845 676 1896 unacum
699 1822 880 1912 fratribus,
899 1822 1008 1911 villis,
1029 1824 1302 1916 possessionibus
1320 1832 1354 1896 et
1376 1824 1536 1897 omnibns
1555 1825 1632 1898 aliis

222 1947 323 2020 bonis
340 1947 501 2040 suisque
518 1946 820 2042 inpresentiarum
834 1947 927 2038 juste
944 1953 1063 2018 tenent
1080 1955 1115 2019 et
1133 1945 1310 2040 possident
1322 1957 1357 2018 et
1373 1946 1409 2020 in
1421 1955 1523 2020 antea
1537 1951 1631 2041 justo

223 2071 322 2142 titulo
341 2080 503 2166 poterunt
528 2070 693 2165 adipisci,
721 2069 788 2142 sub
814 2069 1025 2165 protectione
1048 2091 1090 2142 ac
1113 2069 1313 2144 defensione
1340 2071 1500 2144 culminis
1524 2074 1630 2146 nostri

223 2195 419 2289 recepimus
444 2195 604 2290 speciali;
636 2215 678 2266 ea
704 2193 819 2267 omnia
843 2192 929 2287 ipsis
958 2192 1004 2266 de
1031 2193 1217 2288 imperialis
1247 2194 1495 2288 praeminentis
1522 2195 1632 2288 gralia

223 2316 478 2411 confirmamus,
497 2316 703 2391 mandantes
723 2325 757 2389 et
772 2314 912 2388 firmiter
927 2316 1154 2410 precipientes
1170 2327 1342 2412 quatenus
1367 2319 1484 2391 nullus
1501 2320 1546 2392 sit
1569 2321 1631 2415 qui

221 2441 258 2513 in
285 2440 408 2514 domos
431 2440 605 2537 predictas
625 2449 660 2513 et
678 2441 770 2512 bona
794 2461 912 2512 earum
939 2449 973 2512 et
998 2440 1102 2514 etiam
1130 2441 1167 2512 in
1193 2441 1434 2514 mansionibus
1458 2443 1496 2514 in
1523 2464 1631 2538 regno

221 2563 414 2638 Arelatensi
443 2575 478 2638 et
495 2565 682 2639 Viennensi
705 2564 856 2658 aliquam
878 2563 1152 2656 Juriediotionem
1177 2575 1337 2638 exereeat
1359 2567 1416 2638 vel
1437 2567 1629 2640 molestiam

222 2689 374 2784 aliquam
393 2690 444 2762 eis
457 2689 669 2782 iudicialiter
683 2688 812 2761 inferre
826 2696 1013 2783 presumat.
1037 2689 1232 2762 Sanctimns
1252 2689 1357 2762 etiam
1380 2699 1415 2762 et
1439 2691 1476 2761 in
1502 2713 1631 2786 perpe-

220 2821 319 2886 tuum
353 2812 597 2888 confirmamus
624 2821 665 2886 ut
689 2833 910 2908 quecumque
933 2833 1081 2907 persona
1110 2811 1231 2885 divino
1255 2813 1383 2884 intuitu
1411 2813 1568 2885 habitum
1596 2824 1631 2888 et

220 2939 421 3030 religionem
435 2937 615 3034 hospitalis
632 2937 789 3026 ejusdem
809 2937 964 3031 professa
983 2938 1039 3009 vel
1064 2936 1140 3027 ejus
1157 2937 1349 3030 patrocinio
1367 2935 1517 3031 legitime
1535 2959 1629 3011 com·

219 3061 322 3134 missa
339 3062 443 3135 luerit
459 3071 495 3134 et
511 3082 549 3134 se
564 3069 599 3134 et
620 3061 712 3134 bona
733 3082 798 3132 sua
825 3059 873 3133 ad
898 3081 1002 3132 nsum
1022 3059 1126 3132 etiam
1152 3082 1343 3155 pauperum
1369 3059 1550 3134 devoverit
1573 3064 1629 3136 vel

219 3185 465 3258 rationabiliter
495 3183 723 3275 commiserit,
755 3183 823 3256 sub
849 3192 966 3257 nostra
1001 3183 1211 3277 protectione
1246 3183 1357 3279 posita
1389 3184 1434 3254 ab
1467 3187 1628 3260 omnibus

219 3308 457 3380 exactionibus
483 3317 587 3402 atque
605 3306 756 3400 angariis
778 3315 813 3378 et
831 3306 877 3379 ab
901 3307 997 3380 omni
1015 3328 1121 3380 onere
1146 3307 1345 3402 pecuniaria
1365 3307 1562 3382 tributionis
1584 3311 1628 3383 li·

218 3429 302 3504 bera
324 3432 465 3506 omnino
489 3431 671 3520 consistat,
703 3438 892 3503 statuentes
916 3429 1144 3502 nihilominus
1167 3439 1202 3502 et
1230 3430 1399 3525 imperiali
1422 3433 1629 3508 sanctientee

219 3554 330 3628 edicto
347 3561 521 3649 quatenns
544 3553 661 3626 nullus
679 3553 890 3647 patriarcha,
910 3554 1026 3626 nullus
1048 3553 1327 3648 archiepiscopus
1349 3553 1404 3626 vel
1423 3555 1625 3651 episcopus,

218 3680 332 3752 nullus
359 3677 453 3770 dux,
482 3677 599 3750 nullus
625 3676 800 3768 marchio,
830 3678 948 3750 nullus
973 3699 1109 3766 comes,
1136 3677 1232 3750 nulla
1259 3685 1409 3770 potestas
1444 3679 1630 3775 nullusque

219 3805 432 3900 capitaneus,
449 3803 544 3876 nulla
557 3802 711 3898 denique
727 3823 873 3899 persona
887 3803 955 3876 alta
969 3803 1027 3875 vel
1037 3801 1191 3888 humilis,
1208 3801 1435 3874 ecclesiastica
1454 3805 1510 3876 vel
1523 3826 1630 3878 seen-

216 3929 313 4022 laris,
335 3929 437 4002 uillas
460 3937 520 4000 aut
542 3936 652 4002 castra
679 3949 741 4001 seu
765 3927 858 4001 bona
882 3928 949 4000 alia
974 3927 1157 4002 domorum
1181 3926 1333 4022 ipsarum
1360 3927 1486 4001 audeat
1512 3929 1630 4006 illicite

214 4053 417 4150 perturbare
429 4073 494 4126 nec
508 4073 691 4148 personam
707 4052 859 4147 aliquam
874 4051 1074 4143 religionem
1088 4049 1267 4146 hospitalis
1280 4049 1426 4146 predicti
1440 4053 1630 4146 professam

156 4269 160 4276 Ι
214 4189 274 4251 aut
293 4177 481 4273 patrocinio
500 4179 575 4270 ejus
590 4179 682 4271 juste
700 4177 916 4250 commissam
935 4174 1115 4269 angariare
1139 4175 1196 4247 vel
1211 4175 1361 4270 plectere
1380 4175 1436 4248 vel
1452 4176 1499 4249 ad
1515 4197 1631 4272 expe-

215 4303 383 4377 ditionem
397 4322 520 4394 cogere
533 4323 597 4376 seu
612 4300 660 4374 ad
680 4321 785 4396 opera
805 4299 946 4372 servilia
960 4301 1165 4393 compellere
1183 4300 1240 4372 rel
1257 4299 1387 4372 datiam
1411 4300 1547 4372 solvere
1569 4309 1630 4373 aut

213 4430 352 4502 scnium
369 4429 483 4502 iacere
498 4429 556 4501 rel
577 4427 614 4499 in
632 4433 797 4522 portuum
813 4424 889 4498 sire
905 4423 1049 4496 navium
1066 4434 1129 4496 aut
1147 4433 1325 4520 portarurn
1347 4424 1492 4498 transitu
1510 4445 1629 4518 passa·

213 4555 311 4649 ginm
332 4553 435 4627 abea
453 4553 605 4648 recipere
622 4560 684 4625 aut
704 4551 740 4622 in
757 4550 840 4624 ioris
857 4549 1056 4622 theloneum
1071 4551 1129 4623 vel
1143 4551 1277 4644 aliquid
1295 4550 1392 4622 aliud
1418 4549 1536 4621 illicite
1562 4569 1628 4620 ex·

211 4687 375 4774 torquere
400 4686 594 4776 presumat,
623 4678 721 4751 salva
741 4675 778 4748 in
807 4675 969 4749 omnibus
996 4683 1030 4748 et
1055 4696 1118 4772 per
1143 4676 1258 4748 omnia
1287 4673 1453 4769 imperiali
1477 4672 1626 4766 justitia,
