4278 5920
477 553 536 614 138
980 557 1186 617 Fllllillllldl
1213 555 1388 616 SECUNDI
1699 554 1777 638 [Anu.
1795 557 1878 618 1237.

475 687 555 760 dem
581 689 763 783 prudentia
787 689 952 784 principis
976 713 1040 763 usa
1059 692 1200 764 consilio
1223 691 1368 782 saniori,
1397 688 1447 760 ibi
1479 688 1630 762 dimissis
1659 689 1819 762 hostibus
1847 693 1880 763 in

474 811 640 884 Cremona
658 813 811 905 partibus
824 811 894 908 (a),
911 835 990 885 cnm
1005 815 1115 886 veloci
1129 837 1233 886 cnrsn
1249 814 1382 887 lolium
1398 815 1629 908 pertransivit.
1647 814 1704 886 Sic
1714 814 1810 908 quod
1823 836 1882 909 per

450 1024 453 1031 Ι
473 932 674 1025 hujusmodi
692 933 844 1006 fluminis
859 935 1063 1028 marginem,
1081 936 1171 1008 ultra
1186 935 1305 1008 decem
1324 935 1417 1006 milia
1431 935 1486 1006 sui
1499 935 1672 1007 exercitus
1684 957 1802 1008 secum
1815 947 1882 1009 tra·

474 1052 573 1146 bens,
594 1055 629 1126 in
648 1067 754 1152 ponte
769 1058 885 1130 Rrixie
907 1059 1006 1151 signa
1027 1057 1155 1130 direxit
1177 1059 1343 1148 victricia,
1371 1067 1409 1129 nt
1422 1058 1574 1130 hostium
1594 1080 1787 1152 regressum
1806 1081 1881 1154 pre·

474 1179 619 1251 veniens
642 1200 701 1252 eos
728 1161 907 1252 invaderet
931 1190 1169 1272 transeuntes3
1192 1182 1376 1275 statimqne
1401 1203 1464 1275 per
1488 1190 1617 1276 septem
1646 1181 1737 1254 acies
1770 1181 1881 1255 diviso

473 1303 626 1375 exercitu
636 1355 646 1393 ,
658 1303 829 1394 inimicos,
843 1305 904 1397 qui
917 1306 987 1396 jam
998 1305 1228 1376 transiverant
1240 1301 1387 1393 lolium,'
1404 1305 1440 1376 in
1455 1305 1586 1399 prediis
1597 1305 1754 1398 Pergami
1768 1327 1882 1400 pugna

473 1448 579 1520 qnam
598 1436 779 1521 paraverat
800 1427 922 1499 acriter
940 1428 1083 1499 insilivit
1098 1428 1160 1524 (l).
1180 1429 1222 1499 Et
1238 1429 1286 1500 ita
1298 1429 1512 1523 imperatoris
1527 1429 1650 1500 militia
1667 1450 1705 1500 se
1724 1450 1881 1523 prepara-

473 1551 526 1622 vit
548 1551 593 1622 ad
618 1551 765 1646 prelium
789 1551 967 1645 expedite,
985 1561 1149 1644 tanquam
1169 1553 1305 1642 leones,
1328 1573 1416 1645 quos
1432 1557 1540 1624 fames
1563 1552 1734 1641 stimulat,
1755 1553 1800 1625 ad
1815 1562 1882 1624 sta·

474 1673 557 1745 bula
580 1675 746 1746 cursitant
765 1685 995 1745 armentorum
1014 1699 1022 1743 :
1044 1697 1109 1746 nec
1130 1675 1273 1746 ulterius
1293 1696 1388 1746 mora
1410 1683 1601 1769 protracta,
1623 1676 1682 1748 die
1697 1675 1881 1769 vigesimo·

474 1797 621 1892 septimo
648 1798 777 1869 mensis
803 1798 999 1869 novembris
1018 1799 1202 1870 undecime
1223 1797 1421 1871 indictionis
1443 1799 1627 1892 utriusque
1654 1799 1760 1892 partis
1783 1799 1882 1870 cnnei

474 1941 692 2016 precursurus
709 1943 771 2016 per
788 1921 900 1992 Curtia
913 1922 1010 1996 Nove
1024 1943 1164 2016 campos
1180 1923 1318 1994 alternis
1332 1921 1492 1994 cursibus
1509 1923 1702 2017 impetuose
1719 1925 1879 2015 furentes,

474 2043 654 2116 hincinde
678 2045 892 2116 consortibus
910 2046 1090 2128 manibus,
1112 2046 1262 2118 invicem
1283 2047 1445 2139 clangore
1467 2046 1629 2118 tubarum
1655 2044 1780 2119 milites
1804 2047 1884 2118 ani-

474 2175 605 2258 mante,
633 2168 762 2239 bellum
787 2169 935 2240 terribile
958 2169 1161 2264 inceperunt
1184 2196 1193 2240 :
1216 2179 1250 2240 et
1268 2168 1559 2262 subseqnentibus
1585 2169 1708 2240 turmis
1729 2169 1883 2263 undique

474 2291 687 2382 commixtis,
711 2293 912 2362 alterutrum
932 2313 1012 2363 cum
1032 2292 1114 2363 binc
1135 2291 1217 2364 inde
1239 2295 1326 2364 foret
1342 2291 1403 2364 diu
1427 2291 1585 2384 dureque
1601 2300 1785 2383 certatum,
1809 2304 1883 2365 tan·

474 2413 554 2486 dem
569 2415 834 2488 Mediolanensis
853 2417 974 2488 militia
993 2417 1127 2488 Cesaris
1145 2417 1278 2488 viribus
1294 2417 1425 2488 fortiter
1450 2417 1639 2511 interrupta
1656 2427 1691 2488 et
1710 2416 1883 2510 usquead

474 2559 616 2610 suornm
645 2549 831 2610 castrorum
858 2537 1007 2634 hospitia
1033 2540 1181 2634 impulsa
1201 2541 1362 2626 viriliter,
1390 2540 1517 2634 incepit
1538 2539 1638 2634 qnasi
1656 2561 1760 2611 cursu
1785 2541 1884 2611 ruine

474 2663 654 2756 multiplici
669 2663 741 2753 jam
762 2663 896 2748 labare;
922 2685 1002 2735 nam
1024 2664 1209 2736 multifarie
1225 2663 1320 2736 cedis
1341 2663 1495 2758 pernicie
1512 2663 1698 2756 imperialis
1711 2663 1884 2735 exercitus

354 2845 356 2851 .
474 2785 626 2878 ignobile
639 2787 767 2874 vulgus
784 2785 990 2878 flagellando
1005 2808 1196 2881 perurgens
1217 2809 1375 2881 campum
1399 2787 1627 2881 sanguineum
1645 2787 1801 2882 precipiti
1820 2809 1883 2882 po-

474 2911 558 3004 pulo
572 2909 783 2981 cumulabat.
799 2909 867 2982 Sed
883 2911 962 3002 quis
978 2918 1095 3005 posset
1113 2909 1204 2982 illius
1223 2910 1294 2983 diei
1308 2932 1446 2984 narrare
1464 2910 1642 3006 pericula?
1656 2910 1742 2994 Quis
1755 2913 1884 2984 valeret

475 3033 625 3104 hostium
641 3054 783 3105 acervos
797 3032 1007 3106 cadaverum
1025 3034 1194 3106 scribere?
1208 3035 1293 3119 Quis
1310 3035 1526 3130 captivorum
1542 3034 1799 3106 multitudinem
1814 3057 1883 3105 nu-

475 3158 634 3229 merare?
657 3157 809 3230 Tandem
832 3159 924 3228 enim
949 3161 1041 3230 Deus
1057 3159 1172 3250 justus
1189 3159 1301 3250 judex
1320 3161 1400 3251 jura
1423 3159 1575 3254 respexit
1594 3158 1750 3254 imperii,
1777 3168 1812 3230 et
1837 3156 1882 3230 ad

475 3280 560 3351 tanti
585 3301 685 3352 casus
710 3281 885 3352 interitum
911 3281 1025 3353 subito
1043 3280 1165 3372 dejecit
1180 3283 1376 3378 superbiam
1395 3283 1576 3355 rebellium
1591 3282 1879 3372 Lombardorum,

475 3402 571 3494 qnod
591 3403 665 3496 ipso
691 3402 749 3474 die
772 3403 868 3474 triste
892 3403 1123 3475 Mediolanum
1143 3427 1222 3476 cum
1239 3406 1311 3476 suis
1336 3406 1529 3478 fautoribus
1544 3405 1663 3478 florem
1679 3404 1800 3475 militie
1820 3423 1882 3498 po·

473 3526 638 3620 polique,
665 3526 837 3598 carnelum
866 3547 946 3596 cum
975 3535 1140 3619 potestate
1163 3528 1329 3600 vilissime
1354 3531 1558 3616 amiserunt,
1591 3537 1627 3600 et
1654 3550 1701 3600 ex
1727 3527 1883 3599 hostibus

473 3659 643 3744 quotquot
661 3651 771 3722 voluit
787 3649 937 3743 quisque
955 3649 999 3722 de
1018 3653 1143 3723 nostris
1159 3652 1284 3724 occidit
1302 3662 1336 3724 et
1356 3653 1556 3747 captivavit.
1575 3652 1729 3724 Tandem
1754 3650 1883 3722 relictis

474 3774 595 3864 111110,
615 3774 768 3846 tentoriis
780 3781 816 3844 et
827 3773 998 3857 curribus,
1013 3774 1093 3845 lerri
1111 3785 1253 3846 mortem
1267 3774 1522 3870 irreparabilem
1538 3763 1686 3869 populus
1702 3771 1877 3864 fugiebat:

474 3898 521 3970 ita
544 3898 639 3989 qnod
655 3897 765 3988 major
783 3917 902 3968 eurum
921 3918 1002 3991 pars
1023 3897 1061 3968 in
1086 3898 1286 3971 fluminibus
1304 3920 1342 3972 00
1363 3898 1558 3970 submersit.
1581 3899 1677 3969 Tunc
1702 3895 1804 3970 Cesar
1821 3916 1883 3990 pre

474 4021 634 4092 omnibus
660 4021 732 4091 0110
754 4019 921 4090 militibus
943 4041 1006 4092 sue
1030 4021 1168 4092 virtutis
1192 4022 1379 4117 potentiam
1402 4032 1455 4095 est
1480 4030 1656 4116 expertus.
1686 4021 1764 4115 lpse
1790 4018 1880 4092 enim

474 4143 693 4215 inimicorum
711 4164 839 4216 cuneus
864 4165 968 4215 mann
982 4145 1121 4239 propria
1144 4147 1300 4219 feriebat.
1321 4147 1417 4218 Tunc
1433 4145 1634 4218 Theutonici
1650 4165 1733 4216 suos
1750 4142 1882 4238 gladius

518 4317 558 4399 (u)
579 4322 616 4380 ln
628 4321 770 4397 impresso
783 4325 812 4380 ct
825 4323 857 4380 ln
870 4319 1020 4382 codiclbus
1026 4318 1175 4400 pontibus,
1191 4322 1277 4383 11111.

510 4565 547 4641 (1)
567 4565 607 4624 Gi.
625 4565 778 4625 Oltroaiccc
789 4565 820 4623 de
831 4565 951 4623 11110111
962 4565 1049 4624 111111
1061 4569 1154 4640 pastis,
1169 4583 1185 4624 a
1197 4567 1275 4624 nobis
1288 4567 1440 4641 nuperrime
1453 4566 1487 4623 ad
1498 4565 1577 4623 fidem
1590 4565 1689 4623 codicis
1701 4563 1804 4622 blusasi
1817 4562 1882 4620 Bri·

476 4665 575 4722 tannici
589 4665 703 4736 editum,
719 4681 748 4738 p.
763 4667 824 4736 169,
840 4667 901 4736 tto,
916 4665 963 4722 ubi
974 4665 1008 4723 de
1022 4665 1074 4724 istc
1088 4665 1188 4740 praello
1201 4666 1277 4740 qnasi
1289 4665 1325 4723 ab
1336 4667 1441 4724 oculato
1452 4669 1519 4722 teste
1531 4665 1590 4721 1101
1603 4663 1698 4736 agitur.
