<?xml version="1.0" encoding="UTF-8"?>
<!DOCTYPE html PUBLIC "-//W3C//DTD XHTML 1.0 Transitional//EN"
    "http://www.w3.org/TR/xhtml1/DTD/xhtml1-transitional.dtd">
<html xmlns="http://www.w3.org/1999/xhtml" xml:lang="en" lang="en">
 <head>
  <title>
</title>
<meta http-equiv="Content-Type" content="text/html;charset=utf-8" />
  <meta name='ocr-system' content='tesseract 3.04.00' />
  <meta name='ocr-capabilities' content='ocr_page ocr_carea ocr_par ocr_line ocrx_word'/>
</head>
<body>
  <div class='ocr_page' id='page_1' title='image "./historiadiploma02fredgoog_0533.png"; bbox 0 0 4246 5906; ppageno 0'>
   <div class='ocr_carea' id='block_1_1' title="bbox 528 583 1933 682">
    <p class='ocr_par' dir='ltr' id='par_1_1' title="bbox 528 583 1933 682">
     <span class='ocr_line' id='line_1_1' title="bbox 528 583 1933 682; baseline 0.018 -36"><span class='ocrx_word' id='word_1_1' title='bbox 528 583 590 646; x_wconf 66' lang='lat'>520</span> <span class='ocrx_word' id='word_1_2' title='bbox 1028 593 1240 658; x_wconf 71' lang='lat' dir='ltr'>Fulnssutcl</span> <span class='ocrx_word' id='word_1_3' title='bbox 1267 597 1442 660; x_wconf 71' lang='lat' dir='ltr'>seccato!</span> <span class='ocrx_word' id='word_1_4' title='bbox 1749 607 1829 682; x_wconf 75' lang='lat' dir='ltr'>[Aac.</span> <span class='ocrx_word' id='word_1_5' title='bbox 1848 608 1933 672; x_wconf 73' lang='lat'>12:39.</span> 
     </span>
    </p>
   </div>
   <div class='ocr_carea' id='block_1_2' title="bbox 523 709 1935 1446">
    <p class='ocr_par' dir='ltr' id='par_1_2' title="bbox 523 709 1935 1446">
     <span class='ocr_line' id='line_1_2' title="bbox 527 709 1935 830; baseline 0.016 -39"><span class='ocrx_word' id='word_1_6' title='bbox 527 727 694 793; x_wconf 83' lang='lat' dir='ltr'>tormenta</span> <span class='ocrx_word' id='word_1_7' title='bbox 722 729 858 796; x_wconf 84' lang='lat' dir='ltr'>extorta</span> <span class='ocrx_word' id='word_1_8' title='bbox 884 724 1060 800; x_wconf 88' lang='lat' dir='ltr'>invenisse</span> <span class='ocrx_word' id='word_1_9' title='bbox 1089 737 1123 802; x_wconf 90' lang='lat' dir='ltr'>te</span> <span class='ocrx_word' id='word_1_10' title='bbox 1146 731 1291 820; x_wconf 83' lang='lat' dir='ltr'>asseris,</span> <span class='ocrx_word' id='word_1_11' title='bbox 1317 709 1398 804; x_wconf 89' lang='lat' dir='ltr'>cum</span> <span class='ocrx_word' id='word_1_12' title='bbox 1428 733 1578 806; x_wconf 90' lang='lat' dir='ltr'>nolimus</span> <span class='ocrx_word' id='word_1_13' title='bbox 1606 736 1703 830; x_wconf 87' lang='lat' dir='ltr'>quod</span> <span class='ocrx_word' id='word_1_14' title='bbox 1734 737 1935 830; x_wconf 87' lang='lat' dir='ltr'>hujusmodi</span> 
     </span>
     <span class='ocr_line' id='line_1_3' title="bbox 524 839 1935 956; baseline 0.017 -44"><span class='ocrx_word' id='word_1_15' title='bbox 524 839 670 914; x_wconf 88' lang='lat' dir='ltr'>crimina</span> <span class='ocrx_word' id='word_1_16' title='bbox 696 852 868 919; x_wconf 88' lang='lat' dir='ltr'>transeant</span> <span class='ocrx_word' id='word_1_17' title='bbox 888 847 1075 942; x_wconf 89' lang='lat' dir='ltr'>impunita,</span> <span class='ocrx_word' id='word_1_18' title='bbox 1100 849 1257 928; x_wconf 85' lang='lat' dir='ltr'>fidelitati</span> <span class='ocrx_word' id='word_1_19' title='bbox 1282 862 1341 928; x_wconf 88' lang='lat' dir='ltr'>tna</span> <span class='ocrx_word' id='word_1_20' title='bbox 1364 856 1588 952; x_wconf 77' lang='lat' dir='ltr'>precipiendo</span> <span class='ocrx_word' id='word_1_21' title='bbox 1611 859 1820 934; x_wconf 86' lang='lat' dir='ltr'>mandamus</span> <span class='ocrx_word' id='word_1_22' title='bbox 1842 884 1935 956; x_wconf 87' lang='lat' dir='ltr'>qna-</span> 
     </span>
     <span class='ocr_line' id='line_1_4' title="bbox 525 965 1933 1078; baseline 0.017 -44"><span class='ocrx_word' id='word_1_23' title='bbox 525 971 626 1036; x_wconf 88' lang='lat' dir='ltr'>tenus</span> <span class='ocrx_word' id='word_1_24' title='bbox 643 965 840 1042; x_wconf 89' lang='lat' dir='ltr'>sacerdotes</span> <span class='ocrx_word' id='word_1_25' title='bbox 865 970 958 1064; x_wconf 90' lang='lat' dir='ltr'>ipsos</span> <span class='ocrx_word' id='word_1_26' title='bbox 982 981 1017 1044; x_wconf 93' lang='lat' dir='ltr'>et</span> <span class='ocrx_word' id='word_1_27' title='bbox 1038 972 1248 1048; x_wconf 87' lang='lat' dir='ltr'>monachum</span> <span class='ocrx_word' id='word_1_28' title='bbox 1272 978 1335 1072; x_wconf 87' lang='lat' dir='ltr'>qni</span> <span class='ocrx_word' id='word_1_29' title='bbox 1350 978 1412 1052; x_wconf 85' lang='lat' dir='ltr'>Dei</span> <span class='ocrx_word' id='word_1_30' title='bbox 1441 979 1564 1052; x_wconf 88' lang='lat' dir='ltr'>timore</span> <span class='ocrx_word' id='word_1_31' title='bbox 1585 989 1621 1054; x_wconf 89' lang='lat' dir='ltr'>et</span> <span class='ocrx_word' id='word_1_32' title='bbox 1641 982 1806 1076; x_wconf 82' lang='lat' dir='ltr'>religione</span> <span class='ocrx_word' id='word_1_33' title='bbox 1829 1006 1933 1078; x_wconf 87' lang='lat' dir='ltr'>quam</span> 
     </span>
     <span class='ocr_line' id='line_1_5' title="bbox 524 1087 1934 1200; baseline 0.018 -42"><span class='ocrx_word' id='word_1_34' title='bbox 524 1087 732 1180; x_wconf 85' lang='lat' dir='ltr'>portendunt</span> <span class='ocrx_word' id='word_1_35' title='bbox 748 1090 899 1182; x_wconf 89' lang='lat' dir='ltr'>omissis,</span> <span class='ocrx_word' id='word_1_36' title='bbox 919 1095 1137 1188; x_wconf 80' lang='lat' dir='ltr'>commictere</span> <span class='ocrx_word' id='word_1_37' title='bbox 1161 1098 1244 1172; x_wconf 92' lang='lat' dir='ltr'>talia</span> <span class='ocrx_word' id='word_1_38' title='bbox 1256 1110 1561 1195; x_wconf 88' lang='lat' dir='ltr'>presumpserunt,</span> <span class='ocrx_word' id='word_1_39' title='bbox 1579 1105 1792 1200; x_wconf 85' lang='lat' dir='ltr'>mancipatos</span> <span class='ocrx_word' id='word_1_40' title='bbox 1807 1109 1934 1182; x_wconf 72' lang='lat' dir='ltr'>eruci</span> 
     </span>
     <span class='ocr_line' id='line_1_6' title="bbox 524 1209 1934 1318; baseline 0.013 -35"><span class='ocrx_word' id='word_1_41' title='bbox 524 1209 706 1304; x_wconf 79' lang='lat' dir='ltr'>diligenter</span> <span class='ocrx_word' id='word_1_42' title='bbox 728 1213 834 1286; x_wconf 81' lang='lat' dir='ltr'>iacias</span> <span class='ocrx_word' id='word_1_43' title='bbox 855 1217 1033 1306; x_wconf 89' lang='lat' dir='ltr'>custodiri,</span> <span class='ocrx_word' id='word_1_44' title='bbox 1055 1229 1094 1290; x_wconf 92' lang='lat' dir='ltr'>ut</span> <span class='ocrx_word' id='word_1_45' title='bbox 1111 1221 1252 1316; x_wconf 90' lang='lat' dir='ltr'>culpam</span> <span class='ocrx_word' id='word_1_46' title='bbox 1267 1243 1367 1296; x_wconf 88' lang='lat' dir='ltr'>suam</span> <span class='ocrx_word' id='word_1_47' title='bbox 1385 1245 1476 1318; x_wconf 91' lang='lat' dir='ltr'>pena</span> <span class='ocrx_word' id='word_1_48' title='bbox 1488 1225 1608 1316; x_wconf 89' lang='lat' dir='ltr'>jndice</span> <span class='ocrx_word' id='word_1_49' title='bbox 1623 1229 1794 1300; x_wconf 72' lang='lat' dir='ltr'>fateantur</span> <span class='ocrx_word' id='word_1_50' title='bbox 1809 1239 1845 1300; x_wconf 86' lang='lat' dir='ltr'>et</span> <span class='ocrx_word' id='word_1_51' title='bbox 1860 1251 1934 1302; x_wconf 86' lang='lat' dir='ltr'>ma·</span> 
     </span>
     <span class='ocr_line' id='line_1_7' title="bbox 523 1337 1932 1446; baseline 0.014 -40"><span class='ocrx_word' id='word_1_52' title='bbox 523 1341 683 1406; x_wconf 80' lang='lat' dir='ltr'>cenentur</span> <span class='ocrx_word' id='word_1_53' title='bbox 704 1337 865 1430; x_wconf 83' lang='lat' dir='ltr'>squalore</span> <span class='ocrx_word' id='word_1_54' title='bbox 889 1341 1052 1432; x_wconf 89' lang='lat' dir='ltr'>carceris,</span> <span class='ocrx_word' id='word_1_55' title='bbox 1074 1343 1138 1435; x_wconf 93' lang='lat' dir='ltr'>qni</span> <span class='ocrx_word' id='word_1_56' title='bbox 1165 1346 1346 1418; x_wconf 74' lang='lat' dir='ltr'>caracteris</span> <span class='ocrx_word' id='word_1_57' title='bbox 1370 1355 1406 1418; x_wconf 89' lang='lat' dir='ltr'>et</span> <span class='ocrx_word' id='word_1_58' title='bbox 1429 1347 1602 1442; x_wconf 74' lang='lat' dir='ltr'>religionis</span> <span class='ocrx_word' id='word_1_59' title='bbox 1626 1348 1726 1422; x_wconf 90' lang='lat' dir='ltr'>abusi</span> <span class='ocrx_word' id='word_1_60' title='bbox 1751 1351 1932 1446; x_wconf 86' lang='lat' dir='ltr'>privilegio</span> 
     </span>
    </p>
   </div>
   <div class='ocr_carea' id='block_1_3' title="bbox 521 1455 1931 1654">
    <p class='ocr_par' dir='ltr' id='par_1_3' title="bbox 521 1455 1931 1654">
     <span class='ocr_line' id='line_1_8' title="bbox 521 1455 1931 1564; baseline 0.013 -37"><span class='ocrx_word' id='word_1_61' title='bbox 521 1463 658 1550; x_wconf 91' lang='lat' dir='ltr'>sumpta</span> <span class='ocrx_word' id='word_1_62' title='bbox 689 1455 734 1530; x_wconf 90' lang='lat' dir='ltr'>ds</span> <span class='ocrx_word' id='word_1_63' title='bbox 765 1458 966 1554; x_wconf 87' lang='lat' dir='ltr'>impunitate</span> <span class='ocrx_word' id='word_1_64' title='bbox 999 1463 1206 1542; x_wconf 86' lang='lat' dir='ltr'>confidentia</span> <span class='ocrx_word' id='word_1_65' title='bbox 1235 1478 1476 1564; x_wconf 79' lang='lat' dir='ltr'>apparuerunt</span> <span class='ocrx_word' id='word_1_66' title='bbox 1501 1469 1722 1544; x_wconf 85' lang='lat' dir='ltr'>scelestorum</span> <span class='ocrx_word' id='word_1_67' title='bbox 1750 1473 1931 1546; x_wconf 74' lang='lat' dir='ltr'>cuminum</span> 
     </span>
     <span class='ocr_line' id='line_1_9' title="bbox 522 1599 771 1654; baseline 0.012 -2"><span class='ocrx_word' id='word_1_68' title='bbox 522 1599 771 1654; x_wconf 79' lang='lat' dir='ltr'>commisceres.</span> 
     </span>
    </p>
   </div>
   <div class='ocr_carea' id='block_1_4' title="bbox 568 1702 1670 1802">
    <p class='ocr_par' dir='ltr' id='par_1_4' title="bbox 568 1702 1670 1802">
     <span class='ocr_line' id='line_1_10' title="bbox 568 1702 1670 1802; baseline 0.012 -29"><span class='ocrx_word' id='word_1_69' title='bbox 568 1703 693 1774; x_wconf 89' lang='lat' dir='ltr'>Datum</span> <span class='ocrx_word' id='word_1_70' title='bbox 710 1702 806 1798; x_wconf 89' lang='lat' dir='ltr'>apud</span> <span class='ocrx_word' id='word_1_71' title='bbox 821 1705 987 1799; x_wconf 85' lang='lat' dir='ltr'>Laudem,</span> <span class='ocrx_word' id='word_1_72' title='bbox 1003 1709 1111 1781; x_wconf 88' lang='lat' dir='ltr'>XVlll</span> <span class='ocrx_word' id='word_1_73' title='bbox 1132 1711 1346 1802; x_wconf 84' lang='lat' dir='ltr'>novembris,</span> <span class='ocrx_word' id='word_1_74' title='bbox 1365 1713 1443 1786; x_wconf 83' lang='lat' dir='ltr'>Xlll</span> <span class='ocrx_word' id='word_1_75' title='bbox 1462 1713 1670 1788; x_wconf 88' lang='lat' dir='ltr'>indictionis.</span> 
     </span>
    </p>
   </div>
   <div class='ocr_carea' id='block_1_5' title="bbox 517 2233 1926 2846">
    <p class='ocr_par' dir='ltr' id='par_1_5' title="bbox 517 2233 1926 2846">
     <span class='ocr_line' id='line_1_11' title="bbox 572 2233 1925 2344; baseline 0.007 -28"><span class='ocrx_word' id='word_1_76' title='bbox 572 2233 733 2316; x_wconf 88' lang='lat' dir='ltr'>Litterae</span> <span class='ocrx_word' id='word_1_77' title='bbox 750 2233 985 2340; x_wconf 82' lang='lat' dir='ltr'>responsales</span> <span class='ocrx_word' id='word_1_78' title='bbox 1004 2235 1054 2314; x_wconf 90' lang='lat' dir='ltr'>ad</span> <span class='ocrx_word' id='word_1_79' title='bbox 1071 2233 1406 2320; x_wconf 81' lang='lat' dir='ltr'>Bartholomaeum</span> <span class='ocrx_word' id='word_1_80' title='bbox 1424 2241 1685 2344; x_wconf 75' lang='lat' dir='ltr'>calariculo,</span> <span class='ocrx_word' id='word_1_81' title='bbox 1707 2267 1796 2324; x_wconf 92' lang='lat' dir='ltr'>eum</span> <span class='ocrx_word' id='word_1_82' title='bbox 1813 2268 1925 2325; x_wconf 89' lang='lat' dir='ltr'>com-</span> 
     </span>
     <span class='ocr_line' id='line_1_12' title="bbox 519 2365 1925 2479; baseline 0.004 -31"><span class='ocrx_word' id='word_1_83' title='bbox 519 2367 741 2448; x_wconf 88' lang='lat' dir='ltr'>mendantes</span> <span class='ocrx_word' id='word_1_84' title='bbox 760 2365 864 2474; x_wconf 92' lang='lat' dir='ltr'>quod</span> <span class='ocrx_word' id='word_1_85' title='bbox 882 2365 1058 2472; x_wconf 89' lang='lat' dir='ltr'>papalem</span> <span class='ocrx_word' id='word_1_86' title='bbox 1076 2366 1283 2448; x_wconf 86' lang='lat' dir='ltr'>exercitum</span> <span class='ocrx_word' id='word_1_87' title='bbox 1305 2367 1344 2448; x_wconf 87' lang='lat' dir='ltr'>in</span> <span class='ocrx_word' id='word_1_88' title='bbox 1367 2369 1501 2479; x_wconf 85' lang='lat' dir='ltr'>lugam</span> <span class='ocrx_word' id='word_1_89' title='bbox 1522 2373 1746 2455; x_wconf 78' lang='lat' dir='ltr'>converterit</span> <span class='ocrx_word' id='word_1_90' title='bbox 1761 2385 1800 2455; x_wconf 91' lang='lat' dir='ltr'>et</span> <span class='ocrx_word' id='word_1_91' title='bbox 1816 2373 1925 2456; x_wconf 89' lang='lat' dir='ltr'>Hen-</span> 
     </span>
     <span class='ocr_line' id='line_1_13' title="bbox 519 2495 1926 2608; baseline 0.005 -28"><span class='ocrx_word' id='word_1_92' title='bbox 519 2499 597 2580; x_wconf 91' lang='lat' dir='ltr'>ricc</span> <span class='ocrx_word' id='word_1_93' title='bbox 623 2500 672 2580; x_wconf 91' lang='lat' dir='ltr'>de</span> <span class='ocrx_word' id='word_1_94' title='bbox 698 2495 810 2578; x_wconf 86' lang='lat' dir='ltr'>Callis</span> <span class='ocrx_word' id='word_1_95' title='bbox 835 2506 961 2576; x_wconf 88' lang='lat' dir='ltr'>cestra</span> <span class='ocrx_word' id='word_1_96' title='bbox 995 2495 1066 2577; x_wconf 88' lang='lat' dir='ltr'>sibi</span> <span class='ocrx_word' id='word_1_97' title='bbox 1098 2497 1303 2580; x_wconf 87' lang='lat' dir='ltr'>commissa</span> <span class='ocrx_word' id='word_1_98' title='bbox 1334 2500 1520 2608; x_wconf 86' lang='lat' dir='ltr'>assignari</span> <span class='ocrx_word' id='word_1_99' title='bbox 1549 2502 1701 2606; x_wconf 80' lang='lat' dir='ltr'>fecerit,</span> <span class='ocrx_word' id='word_1_100' title='bbox 1731 2515 1926 2587; x_wconf 81' lang='lat' dir='ltr'>monentes</span> 
     </span>
     <span class='ocr_line' id='line_1_14' title="bbox 519 2625 1926 2738; baseline 0.007 -28"><span class='ocrx_word' id='word_1_101' title='bbox 519 2630 613 2738; x_wconf 92' lang='lat' dir='ltr'>quid</span> <span class='ocrx_word' id='word_1_102' title='bbox 630 2652 742 2736; x_wconf 87' lang='lat' dir='ltr'>agere</span> <span class='ocrx_word' id='word_1_103' title='bbox 759 2625 894 2708; x_wconf 87' lang='lat' dir='ltr'>debeat</span> <span class='ocrx_word' id='word_1_104' title='bbox 911 2651 1003 2706; x_wconf 90' lang='lat' dir='ltr'>cum</span> <span class='ocrx_word' id='word_1_105' title='bbox 1021 2626 1186 2708; x_wconf 89' lang='lat' dir='ltr'>dominis</span> <span class='ocrx_word' id='word_1_106' title='bbox 1204 2627 1337 2712; x_wconf 89' lang='lat' dir='ltr'>Petrae</span> <span class='ocrx_word' id='word_1_107' title='bbox 1355 2630 1597 2738; x_wconf 89' lang='lat' dir='ltr'>Imperatoris</span> <span class='ocrx_word' id='word_1_108' title='bbox 1615 2645 1653 2716; x_wconf 91' lang='lat' dir='ltr'>et</span> <span class='ocrx_word' id='word_1_109' title='bbox 1671 2635 1863 2719; x_wconf 83' lang='lat' dir='ltr'>Ciritcllae</span> <span class='ocrx_word' id='word_1_110' title='bbox 1880 2639 1926 2720; x_wconf 91' lang='lat' dir='ltr'>de</span> 
     </span>
     <span class='ocr_line' id='line_1_15' title="bbox 517 2759 705 2846; baseline -0.032 0"><span class='ocrx_word' id='word_1_111' title='bbox 517 2759 705 2846; x_wconf 87' lang='lat' dir='ltr'>Mazoclis.</span> 
     </span>
    </p>
   </div>
   <div class='ocr_carea' id='block_1_6' title="bbox 599 2967 1778 3058">
    <p class='ocr_par' dir='ltr' id='par_1_6' title="bbox 599 2967 1778 3058">
     <span class='ocr_line' id='line_1_16' title="bbox 599 2967 1778 3058; baseline 0.003 -22"><span class='ocrx_word' id='word_1_112' title='bbox 599 2975 723 3054; x_wconf 71' lang='lat' dir='ltr'>(licoat</span> <span class='ocrx_word' id='word_1_113' title='bbox 737 2974 840 3053; x_wconf 82' lang='lat' dir='ltr'>imper.</span> <span class='ocrx_word' id='word_1_114' title='bbox 857 2967 977 3032; x_wconf 62' lang='lat' dir='ltr'>bleda.</span> <span class='ocrx_word' id='word_1_115' title='bbox 993 2971 1034 3044; x_wconf 91' lang='lat'>11,</span> <span class='ocrx_word' id='word_1_116' title='bbox 1049 2971 1101 3032; x_wconf 86' lang='lat' dir='ltr'>iol.</span> <span class='ocrx_word' id='word_1_117' title='bbox 1118 2979 1154 3032; x_wconf 77' lang='lat'>²7</span> <span class='ocrx_word' id='word_1_118' title='bbox 1171 2987 1271 3049; x_wconf 75' lang='lat' dir='ltr'>serso3</span> <span class='ocrx_word' id='word_1_119' title='bbox 1287 2976 1319 3034; x_wconf 93' lang='lat' dir='ltr'>ln</span> <span class='ocrx_word' id='word_1_120' title='bbox 1332 2974 1401 3035; x_wconf 78' lang='lat' dir='ltr'>edit.</span> <span class='ocrx_word' id='word_1_121' title='bbox 1418 2975 1613 3056; x_wconf 51' lang='lat' dir='ltr'>Cammnnm</span> <span class='ocrx_word' id='word_1_122' title='bbox 1629 2993 1659 3054; x_wconf 90' lang='lat' dir='ltr'>p.</span> <span class='ocrx_word' id='word_1_123' title='bbox 1676 2977 1778 3058; x_wconf 77' lang='lat'><strong>275.)&#39;</strong></span> 
     </span>
    </p>
   </div>
   <div class='ocr_carea' id='block_1_7' title="bbox 472 3165 1925 4741">
    <p class='ocr_par' dir='ltr' id='par_1_7' title="bbox 516 3165 1925 3382">
     <span class='ocr_line' id='line_1_17' title="bbox 565 3165 1925 3264; baseline 0.004 -24"><span class='ocrx_word' id='word_1_124' title='bbox 565 3172 612 3240; x_wconf 82' lang='lat' dir='ltr'>lle</span> <span class='ocrx_word' id='word_1_125' title='bbox 628 3165 785 3238; x_wconf 77' lang='lat' dir='ltr'>mandato</span> <span class='ocrx_word' id='word_1_126' title='bbox 802 3165 970 3259; x_wconf 82' lang='lat' dir='ltr'>imperiali</span> <span class='ocrx_word' id='word_1_127' title='bbox 989 3167 1077 3255; x_wconf 77' lang='lat' dir='ltr'>[ceto</span> <span class='ocrx_word' id='word_1_128' title='bbox 1100 3185 1163 3258; x_wconf 88' lang='lat' dir='ltr'>per</span> <span class='ocrx_word' id='word_1_129' title='bbox 1183 3167 1380 3258; x_wconf 70' lang='lat' dir='ltr'>magistrum</span> <span class='ocrx_word' id='word_1_130' title='bbox 1400 3169 1442 3238; x_wconf 89' lang='lat' dir='ltr'>li.</span> <span class='ocrx_word' id='word_1_131' title='bbox 1468 3165 1509 3238; x_wconf 81' lang='lat' dir='ltr'>dc</span> <span class='ocrx_word' id='word_1_132' title='bbox 1529 3169 1628 3262; x_wconf 77' lang='lat' dir='ltr'>Sapie</span> <span class='ocrx_word' id='word_1_133' title='bbox 1646 3171 1777 3264; x_wconf 77' lang='lat' dir='ltr'>scripsit</span> <span class='ocrx_word' id='word_1_134' title='bbox 1788 3173 1925 3246; x_wconf 73' lang='lat' dir='ltr'>Incolae</span> 
     </span>
     <span class='ocr_line' id='line_1_18' title="bbox 516 3288 1093 3382; baseline -0.01 -16"><span class='ocrx_word' id='word_1_135' title='bbox 516 3293 556 3366; x_wconf 81' lang='lat' dir='ltr'>de</span> <span class='ocrx_word' id='word_1_136' title='bbox 580 3295 708 3364; x_wconf 82' lang='lat' dir='ltr'>Bcntrc</span> <span class='ocrx_word' id='word_1_137' title='bbox 726 3289 855 3361; x_wconf 81' lang='lat' dir='ltr'>lictores</span> <span class='ocrx_word' id='word_1_138' title='bbox 869 3288 1093 3382; x_wconf 77' lang='lat' dir='ltr'>responsales:</span> 
     </span>
    </p>

    <p class='ocr_par' dir='ltr' id='par_1_8' title="bbox 472 3409 1924 4741">
     <span class='ocr_line' id='line_1_19' title="bbox 564 3409 1924 3508; baseline 0.004 -22"><span class='ocrx_word' id='word_1_139' title='bbox 564 3413 776 3498; x_wconf 85' lang='lat' dir='ltr'>Fredericns,</span> <span class='ocrx_word' id='word_1_140' title='bbox 794 3421 876 3500; x_wconf 68' lang='lat' dir='ltr'>etc„</span> <span class='ocrx_word' id='word_1_141' title='bbox 897 3410 1136 3483; x_wconf 90' lang='lat' dir='ltr'>Bartholomeo</span> <span class='ocrx_word' id='word_1_142' title='bbox 1150 3409 1195 3482; x_wconf 94' lang='lat' dir='ltr'>de</span> <span class='ocrx_word' id='word_1_143' title='bbox 1210 3409 1385 3502; x_wconf 81' lang='lat' dir='ltr'>Anticulo,</span> <span class='ocrx_word' id='word_1_144' title='bbox 1401 3419 1467 3484; x_wconf 90' lang='lat' dir='ltr'>etc.</span> <span class='ocrx_word' id='word_1_145' title='bbox 1487 3413 1642 3508; x_wconf 78' lang='lat' dir='ltr'>deceptis</span> <span class='ocrx_word' id='word_1_146' title='bbox 1654 3423 1714 3487; x_wconf 93' lang='lat' dir='ltr'>tue</span> <span class='ocrx_word' id='word_1_147' title='bbox 1730 3414 1924 3492; x_wconf 88' lang='lat' dir='ltr'>devotionis</span> 
     </span>
     <span class='ocr_line' id='line_1_20' title="bbox 515 3534 1923 3632; baseline 0.002 -23"><span class='ocrx_word' id='word_1_148' title='bbox 515 3537 640 3610; x_wconf 83' lang='lat' dir='ltr'>lictoris</span> <span class='ocrx_word' id='word_1_149' title='bbox 658 3546 729 3608; x_wconf 88' lang='lat' dir='ltr'>tam</span> <span class='ocrx_word' id='word_1_150' title='bbox 750 3535 902 3607; x_wconf 88' lang='lat' dir='ltr'>hilariter</span> <span class='ocrx_word' id='word_1_151' title='bbox 921 3556 1027 3628; x_wconf 91' lang='lat' dir='ltr'>quam</span> <span class='ocrx_word' id='word_1_152' title='bbox 1048 3534 1203 3626; x_wconf 89' lang='lat' dir='ltr'>benigne</span> <span class='ocrx_word' id='word_1_153' title='bbox 1225 3543 1260 3607; x_wconf 92' lang='lat' dir='ltr'>et</span> <span class='ocrx_word' id='word_1_154' title='bbox 1281 3534 1453 3607; x_wconf 89' lang='lat' dir='ltr'>intellecto</span> <span class='ocrx_word' id='word_1_155' title='bbox 1477 3543 1596 3608; x_wconf 82' lang='lat' dir='ltr'>tenore</span> <span class='ocrx_word' id='word_1_156' title='bbox 1621 3537 1758 3632; x_wconf 89' lang='lat' dir='ltr'>plonius</span> <span class='ocrx_word' id='word_1_157' title='bbox 1782 3561 1923 3612; x_wconf 86' lang='lat' dir='ltr'>earum-</span> 
     </span>
     <span class='ocr_line' id='line_1_21' title="bbox 515 3656 1922 3753; baseline 0 -20"><span class='ocrx_word' id='word_1_158' title='bbox 515 3660 609 3746; x_wconf 82' lang='lat' dir='ltr'>dem,</span> <span class='ocrx_word' id='word_1_159' title='bbox 630 3659 823 3731; x_wconf 89' lang='lat' dir='ltr'>insinuatus</span> <span class='ocrx_word' id='word_1_160' title='bbox 839 3679 900 3752; x_wconf 91' lang='lat' dir='ltr'>per</span> <span class='ocrx_word' id='word_1_161' title='bbox 917 3665 952 3730; x_wconf 90' lang='lat' dir='ltr'>te</span> <span class='ocrx_word' id='word_1_162' title='bbox 970 3679 1087 3730; x_wconf 93' lang='lat' dir='ltr'>rumor</span> <span class='ocrx_word' id='word_1_163' title='bbox 1101 3657 1253 3730; x_wconf 87' lang='lat' dir='ltr'>occurrit</span> <span class='ocrx_word' id='word_1_164' title='bbox 1269 3657 1394 3730; x_wconf 90' lang='lat' dir='ltr'>nostris</span> <span class='ocrx_word' id='word_1_165' title='bbox 1409 3656 1589 3732; x_wconf 87' lang='lat' dir='ltr'>desideriis</span> <span class='ocrx_word' id='word_1_166' title='bbox 1607 3659 1691 3732; x_wconf 91' lang='lat' dir='ltr'>satis</span> <span class='ocrx_word' id='word_1_167' title='bbox 1707 3670 1844 3753; x_wconf 89' lang='lat' dir='ltr'>gratus,</span> <span class='ocrx_word' id='word_1_168' title='bbox 1868 3664 1922 3734; x_wconf 84' lang='lat' dir='ltr'>ni·</span> 
     </span>
     <span class='ocr_line' id='line_1_22' title="bbox 515 3777 1921 3876; baseline 0.002 -21"><span class='ocrx_word' id='word_1_169' title='bbox 515 3783 640 3856; x_wconf 90' lang='lat' dir='ltr'>delicet</span> <span class='ocrx_word' id='word_1_170' title='bbox 656 3779 751 3875; x_wconf 93' lang='lat' dir='ltr'>quod</span> <span class='ocrx_word' id='word_1_171' title='bbox 765 3780 899 3876; x_wconf 89' lang='lat' dir='ltr'>papalis</span> <span class='ocrx_word' id='word_1_172' title='bbox 914 3779 1087 3853; x_wconf 84' lang='lat' dir='ltr'>exercitus</span> <span class='ocrx_word' id='word_1_173' title='bbox 1103 3779 1152 3852; x_wconf 91' lang='lat' dir='ltr'>de</span> <span class='ocrx_word' id='word_1_174' title='bbox 1170 3777 1317 3852; x_wconf 89' lang='lat' dir='ltr'>diversis</span> <span class='ocrx_word' id='word_1_175' title='bbox 1333 3779 1488 3874; x_wconf 90' lang='lat' dir='ltr'>partibus</span> <span class='ocrx_word' id='word_1_176' title='bbox 1502 3793 1729 3875; x_wconf 84' lang='lat' dir='ltr'>congregatus</span> <span class='ocrx_word' id='word_1_177' title='bbox 1745 3793 1781 3856; x_wconf 89' lang='lat' dir='ltr'>et</span> <span class='ocrx_word' id='word_1_178' title='bbox 1794 3785 1921 3858; x_wconf 87' lang='lat' dir='ltr'>missus</span> 
     </span>
     <span class='ocr_line' id='line_1_23' title="bbox 472 3900 1920 4000; baseline 0 -22"><span class='ocrx_word' id='word_1_179' title='bbox 472 3901 474 3906; x_wconf 76' lang='grc'><strong>’</strong></span> <span class='ocrx_word' id='word_1_180' title='bbox 513 3903 560 3978; x_wconf 91' lang='lat' dir='ltr'>ad</span> <span class='ocrx_word' id='word_1_181' title='bbox 580 3901 853 3998; x_wconf 81' lang='lat' dir='ltr'>expugnandum</span> <span class='ocrx_word' id='word_1_182' title='bbox 872 3911 994 3974; x_wconf 81' lang='lat' dir='ltr'>terram</span> <span class='ocrx_word' id='word_1_183' title='bbox 1014 3910 1111 3973; x_wconf 87' lang='lat' dir='ltr'>tnam</span> <span class='ocrx_word' id='word_1_184' title='bbox 1131 3909 1167 3973; x_wconf 91' lang='lat' dir='ltr'>et</span> <span class='ocrx_word' id='word_1_185' title='bbox 1191 3900 1473 3995; x_wconf 77' lang='lat' dir='ltr'>aggredientibus</span> <span class='ocrx_word' id='word_1_186' title='bbox 1495 3924 1575 3976; x_wconf 90' lang='lat' dir='ltr'>eum</span> <span class='ocrx_word' id='word_1_187' title='bbox 1598 3903 1681 3976; x_wconf 88' lang='lat' dir='ltr'>viris</span> <span class='ocrx_word' id='word_1_188' title='bbox 1705 3907 1845 3978; x_wconf 88' lang='lat' dir='ltr'>armatis</span> <span class='ocrx_word' id='word_1_189' title='bbox 1862 3909 1920 4000; x_wconf 92' lang='lat' dir='ltr'>qni</span> 
     </span>
     <span class='ocr_line' id='line_1_24' title="bbox 513 4023 1921 4122; baseline 0.001 -23"><span class='ocrx_word' id='word_1_190' title='bbox 513 4038 627 4100; x_wconf 86' lang='lat' dir='ltr'>tecum</span> <span class='ocrx_word' id='word_1_191' title='bbox 645 4034 757 4115; x_wconf 88' lang='lat' dir='ltr'>erant,</span> <span class='ocrx_word' id='word_1_192' title='bbox 781 4025 955 4117; x_wconf 81' lang='lat' dir='ltr'>gressibm</span> <span class='ocrx_word' id='word_1_193' title='bbox 975 4032 1160 4096; x_wconf 88' lang='lat' dir='ltr'>recesserat</span> <span class='ocrx_word' id='word_1_194' title='bbox 1180 4023 1355 4116; x_wconf 76' lang='lat' dir='ltr'>fngidvis,</span> <span class='ocrx_word' id='word_1_195' title='bbox 1375 4025 1549 4098; x_wconf 89' lang='lat' dir='ltr'>nonnullis</span> <span class='ocrx_word' id='word_1_196' title='bbox 1566 4029 1753 4100; x_wconf 89' lang='lat' dir='ltr'>vulneratis</span> <span class='ocrx_word' id='word_1_197' title='bbox 1769 4031 1921 4122; x_wconf 84' lang='lat' dir='ltr'>graviter</span> 
     </span>
     <span class='ocr_line' id='line_1_25' title="bbox 513 4141 1914 4244; baseline 0 -22"><span class='ocrx_word' id='word_1_198' title='bbox 513 4158 548 4222; x_wconf 88' lang='lat' dir='ltr'>et</span> <span class='ocrx_word' id='word_1_199' title='bbox 567 4149 701 4236; x_wconf 84' lang='lat' dir='ltr'>occisis,</span> <span class='ocrx_word' id='word_1_200' title='bbox 721 4147 862 4220; x_wconf 89' lang='lat' dir='ltr'>minutis</span> <span class='ocrx_word' id='word_1_201' title='bbox 878 4147 982 4220; x_wconf 90' lang='lat' dir='ltr'>etiam</span> <span class='ocrx_word' id='word_1_202' title='bbox 1000 4146 1146 4219; x_wconf 83' lang='lat' dir='ltr'>succisis</span> <span class='ocrx_word' id='word_1_203' title='bbox 1168 4141 1365 4220; x_wconf 82' lang='lat' dir='ltr'>trabucclnis</span> <span class='ocrx_word' id='word_1_204' title='bbox 1387 4156 1423 4220; x_wconf 94' lang='lat' dir='ltr'>et</span> <span class='ocrx_word' id='word_1_205' title='bbox 1436 4147 1603 4220; x_wconf 90' lang='lat' dir='ltr'>machinis</span> <span class='ocrx_word' id='word_1_206' title='bbox 1617 4171 1705 4242; x_wconf 88' lang='lat' dir='ltr'>quas</span> <span class='ocrx_word' id='word_1_207' title='bbox 1725 4159 1914 4244; x_wconf 60' lang='lat' dir='ltr'>portas-ann</span> 
     </span>
     <span class='ocr_line' id='line_1_26' title="bbox 511 4269 1917 4368; baseline -0.001 -22"><span class='ocrx_word' id='word_1_208' title='bbox 511 4294 617 4368; x_wconf 90' lang='lat' dir='ltr'>super</span> <span class='ocrx_word' id='word_1_209' title='bbox 632 4292 702 4366; x_wconf 90' lang='lat' dir='ltr'>quo</span> <span class='ocrx_word' id='word_1_210' title='bbox 716 4280 829 4366; x_wconf 88' lang='lat' dir='ltr'>grates</span> <span class='ocrx_word' id='word_1_211' title='bbox 851 4271 922 4342; x_wconf 88' lang='lat' dir='ltr'>Deo</span> <span class='ocrx_word' id='word_1_212' title='bbox 939 4270 1118 4342; x_wconf 85' lang='lat' dir='ltr'>referimus</span> <span class='ocrx_word' id='word_1_213' title='bbox 1134 4269 1197 4364; x_wconf 91' lang='lat' dir='ltr'>qui</span> <span class='ocrx_word' id='word_1_214' title='bbox 1215 4289 1356 4342; x_wconf 90' lang='lat' dir='ltr'>causam</span> <span class='ocrx_word' id='word_1_215' title='bbox 1373 4269 1569 4344; x_wconf 87' lang='lat' dir='ltr'>innocentie</span> <span class='ocrx_word' id='word_1_216' title='bbox 1581 4281 1695 4344; x_wconf 87' lang='lat' dir='ltr'>nostra</span> <span class='ocrx_word' id='word_1_217' title='bbox 1709 4273 1917 4368; x_wconf 81' lang='lat' dir='ltr'>prospiciens</span> 
     </span>
     <span class='ocr_line' id='line_1_27' title="bbox 513 4389 1914 4489; baseline -0.001 -21"><span class='ocrx_word' id='word_1_218' title='bbox 513 4405 547 4468; x_wconf 90' lang='lat' dir='ltr'>et</span> <span class='ocrx_word' id='word_1_219' title='bbox 564 4395 723 4489; x_wconf 90' lang='lat' dir='ltr'>iniquum</span> <span class='ocrx_word' id='word_1_220' title='bbox 743 4393 887 4466; x_wconf 85' lang='lat' dir='ltr'>Romani</span> <span class='ocrx_word' id='word_1_221' title='bbox 913 4403 1044 4465; x_wconf 90' lang='lat' dir='ltr'>motum</span> <span class='ocrx_word' id='word_1_222' title='bbox 1062 4392 1225 4466; x_wconf 91' lang='lat' dir='ltr'>antistitis</span> <span class='ocrx_word' id='word_1_223' title='bbox 1250 4389 1412 4486; x_wconf 88' lang='lat' dir='ltr'>deprimit</span> <span class='ocrx_word' id='word_1_224' title='bbox 1433 4401 1469 4464; x_wconf 89' lang='lat' dir='ltr'>et</span> <span class='ocrx_word' id='word_1_225' title='bbox 1488 4391 1619 4486; x_wconf 90' lang='lat' dir='ltr'>ubique</span> <span class='ocrx_word' id='word_1_226' title='bbox 1641 4395 1789 4488; x_wconf 85' lang='lat' dir='ltr'>pmtogit</span> <span class='ocrx_word' id='word_1_227' title='bbox 1805 4415 1866 4468; x_wconf 92' lang='lat' dir='ltr'>uos</span> <span class='ocrx_word' id='word_1_228' title='bbox 1882 4405 1914 4467; x_wconf 91' lang='lat' dir='ltr'>et</span> 
     </span>
     <span class='ocr_line' id='line_1_28' title="bbox 512 4513 1911 4626; baseline -0.004 -36"><span class='ocrx_word' id='word_1_229' title='bbox 512 4528 658 4591; x_wconf 89' lang='lat' dir='ltr'>nostros.</span> <span class='ocrx_word' id='word_1_230' title='bbox 677 4516 818 4590; x_wconf 89' lang='lat' dir='ltr'>Gratum</span> <span class='ocrx_word' id='word_1_231' title='bbox 834 4516 937 4589; x_wconf 87' lang='lat' dir='ltr'>etiam</span> <span class='ocrx_word' id='word_1_232' title='bbox 957 4515 1110 4609; x_wconf 73' lang='lat' dir='ltr'>gedmus</span> <span class='ocrx_word' id='word_1_233' title='bbox 1123 4513 1219 4608; x_wconf 89' lang='lat' dir='ltr'>qnod</span> <span class='ocrx_word' id='word_1_234' title='bbox 1235 4514 1444 4586; x_wconf 88' lang='lat' dir='ltr'>Tholomens</span> <span class='ocrx_word' id='word_1_235' title='bbox 1461 4515 1506 4588; x_wconf 92' lang='lat' dir='ltr'>de</span> <span class='ocrx_word' id='word_1_236' title='bbox 1520 4515 1722 4590; x_wconf 87' lang='lat' dir='ltr'>Castellione</span> <span class='ocrx_word' id='word_1_237' title='bbox 1737 4517 1784 4590; x_wconf 89' lang='lat' dir='ltr'>ad</span> <span class='ocrx_word' id='word_1_238' title='bbox 1796 4517 1911 4626; x_wconf 28' lang='lat' dir='ltr'>‘requi-</span> 
     </span>
     <span class='ocr_line' id='line_1_29' title="bbox 510 4635 1909 4741; baseline -0.001 -31"><span class='ocrx_word' id='word_1_239' title='bbox 510 4641 670 4712; x_wconf 89' lang='lat' dir='ltr'>sitionem</span> <span class='ocrx_word' id='word_1_240' title='bbox 686 4648 781 4711; x_wconf 92' lang='lat' dir='ltr'>tuam</span> <span class='ocrx_word' id='word_1_241' title='bbox 803 4638 987 4710; x_wconf 86' lang='lat' dir='ltr'>Henricnm</span> <span class='ocrx_word' id='word_1_242' title='bbox 1006 4637 1051 4710; x_wconf 90' lang='lat' dir='ltr'>de</span> <span class='ocrx_word' id='word_1_243' title='bbox 1069 4635 1169 4708; x_wconf 84' lang='lat' dir='ltr'>Callis</span> <span class='ocrx_word' id='word_1_244' title='bbox 1192 4645 1227 4708; x_wconf 90' lang='lat' dir='ltr'>et</span> <span class='ocrx_word' id='word_1_245' title='bbox 1249 4636 1336 4708; x_wconf 89' lang='lat' dir='ltr'>alios</span> <span class='ocrx_word' id='word_1_246' title='bbox 1360 4635 1479 4710; x_wconf 89' lang='lat' dir='ltr'>lidclas</span> <span class='ocrx_word' id='word_1_247' title='bbox 1500 4648 1636 4712; x_wconf 89' lang='lat' dir='ltr'>nostros</span> <span class='ocrx_word' id='word_1_248' title='bbox 1656 4640 1693 4710; x_wconf 96' lang='lat' dir='ltr'>in</span> <span class='ocrx_word' id='word_1_249' title='bbox 1716 4659 1909 4741; x_wconf 85' lang='lat' dir='ltr'>succursum</span> 
     </span>
    </p>
   </div>
   <div class='ocr_carea' id='block_1_8' title="bbox 0 0 2128 5906">
    <p class='ocr_par' dir='ltr' id='par_1_9' title="bbox 0 0 2128 5906">
     <span class='ocr_line' id='line_1_30' title="bbox 0 0 2128 5906; baseline 0 7"><span class='ocrx_word' id='word_1_250' title='bbox 0 0 2128 5906; x_wconf 95' lang='lat' dir='ltr'> </span> 
     </span>
    </p>
   </div>
  </div>
 </body>
</html>
