4350 5922
468 631 507 692 18
969 625 1185 689 aaronem!
1211 629 1385 690 secutur
1700 634 1781 711 [Aru.
1800 633 1885 696 1237.

466 763 659 852 meritoria,
677 762 808 856 quippe
833 785 912 834 cum
936 763 1098 835 voluntas
1113 786 1174 858 pro
1193 765 1282 836 facto
1302 775 1498 861 reputetur;
1514 767 1551 837 in
1565 767 1785 861 magnatibus
1805 791 1890 843 varo

466 897 501 960 et
520 886 690 958 universis
704 886 833 979 quibus
848 884 948 979 copia
964 907 1079 958 rerum
1098 895 1132 958 et
1150 889 1336 960 auctoritas
1351 889 1478 982 agendi
1502 889 1673 982 quidlibet
1685 893 1890 964 amminicu-

466 1013 593 1101 lantur,
607 1010 671 1082 hec
685 1008 806 1081 eadem
819 1007 1027 1080 laudabilior
1042 1021 1095 1082 eet
1110 1021 1145 1082 et
1156 1015 1319 1104 majorem
1329 1011 1434 1084 habet
1451 1011 1637 1085 efficaciam
1652 1037 1731 1086 cum
1746 1015 1811 1110 ipsi
1824 1017 1889 1088 hoo

466 1134 561 1229 quod
577 1156 636 1229 per
650 1134 774 1206 bonam
786 1133 996 1204 voluntatem
1010 1135 1210 1230 concipiunt
1222 1137 1258 1206 in
1271 1146 1385 1208 menta
1398 1136 1719 1230 adexeequandum
1737 1139 1889 1234 inopere

467 1257 630 1330 habeant.
647 1257 754 1328 Nobis
767 1256 872 1346 igitur
884 1257 1056 1329 universis
1069 1258 1287 1353 principibus
1301 1259 1431 1352 quibus
1448 1261 1526 1354 plus
1540 1269 1592 1332 ast
1613 1261 1835 1333 commissum
1851 1272 1890 1334 ut

467 1391 503 1454 at
522 1383 600 1477 plns
620 1403 640 1452 a
659 1380 758 1453 nobis
771 1380 948 1474 exigatur,
966 1380 1108 1475 expedit
1127 1392 1163 1452 ut
1178 1382 1307 1453 bonam
1332 1384 1545 1456 voluntatem
1561 1393 1595 1456 et
1612 1406 1717 1479 opera
1739 1385 1889 1458 caritatis

466 1505 727 1576 habundantius
745 1525 849 1598 quam
872 1503 975 1575 catari
998 1503 1045 1576 ad
1062 1505 1243 1594 universos
1267 1505 1515 1594 extendamus,
1539 1507 1692 1579 maxima
1710 1517 1823 1579 amen
1843 1508 1890 1581 ad

467 1629 647 1722 religiosos
670 1638 704 1700 et
730 1629 916 1700 monastica
936 1627 1157 1722 professionis
1176 1629 1269 1700 viros
1286 1651 1376 1723 quos
1397 1631 1566 1702 secularia
1593 1631 1729 1724 negotia
1753 1642 1890 1726 postpo-

468 1765 587 1826 nentes
601 1753 644 1824 ad
664 1753 833 1846 obsequia
853 1751 972 1823 divina
988 1760 1022 1822 at
1046 1753 1176 1822 cultum
1199 1753 1377 1846 religionis
1394 1753 1650 1826 observandum
1676 1755 1888 1850 propensiori

467 1897 551 1949 cura
566 1887 601 1948 et
619 1877 852 1948 benivolentia
869 1877 987 1947 fovere
1008 1874 1177 1947 debemus
1202 1885 1237 1947 et
1259 1878 1432 1972 amplecti.
1459 1878 1621 1950 Pietatem
1645 1878 1764 1972 itaque
1787 1889 1891 1950 ante-

468 2022 643 2073 cessorum
660 2009 852 2071 nostrorum
868 2021 973 2093 qnam
987 1999 1080 2071 circa
1101 2001 1266 2072 ecclesias
1282 2015 1442 2074 accurata
1464 2003 1695 2084 sollicitudine
1711 2001 1891 2075 intendere

468 2131 740 2212 consueverunt,
762 2123 886 2193 imitari
913 2123 1107 2216 cupientes,
1127 2124 1310 2196 universas
1334 2126 1497 2198 ecclesias
1520 2126 1683 2222 precipua
1701 2135 1816 2198 tamen
1832 2147 1891 2198 aas

468 2269 615 2341 quarum
629 2246 828 2318 fundatores
842 2246 908 2340 ipsi
925 2247 1128 2328 extiterunt,
1142 2269 1205 2342 pro
1219 2269 1321 2342 possa
1335 2261 1561 2321 manutenere
1576 2261 1611 2322 et
1626 2270 1828 2344 promovere
1842 2249 1891 2319 in·

470 2372 658 2462 tendimus,
671 2371 734 2443 etsi
749 2392 818 2442 non
833 2372 933 2466 plura
947 2371 997 2442 eis
1014 2371 1236 2462 conferendo,
1248 2373 1369 2445 saltem
1379 2373 1425 2445 ab
1438 2373 1712 2446 antecessoribus
1724 2373 1892 2445 nostriset

468 2495 546 2569 aliis
563 2495 646 2590 ipsis
660 2497 781 2568 collata
795 2496 1027 2590 patrocinatus
1046 2497 1151 2566 nostri
1172 2495 1376 2568 defensione
1390 2497 1520 2569 eisdem
1534 2496 1784 2568 conservando.
1805 2497 1890 2566 Cum

469 2631 585 2692 antem
607 2641 670 2691 nos
695 2619 864 2714 quosdam
892 2620 1015 2690 exules
1038 2628 1072 2690 at
1094 2618 1267 2713 simplices
1286 2621 1404 2691 Scotos
1429 2619 1591 2692 videficet
1616 2619 1736 2691 divine
1756 2618 1892 2714 pietatis

470 2743 598 2814 intuitu
613 2742 885 2836 collegissemns,
901 2742 1050 2813 Wiennc
1066 2741 1101 2812 in
1120 2741 1239 2837 predio
1254 2752 1371 2815 nostro
1388 2744 1497 2816 libare
1511 2743 1724 2816 fundationis
1737 2743 1817 2834 jure
1833 2764 1893 2816 eos

470 2867 727 2954 collocavimus,
741 2865 988 2938 monasterium
1000 2864 1130 2937 ibidem
1146 2866 1183 2936 in
1195 2865 1324 2938 honore
1335 2867 1434 2938 beata
1446 2889 1487 2938 ao
1495 2867 1640 2960 gloriose
1648 2865 1711 2938 Dei
1719 2865 1893 2960 genitricis

471 2991 579 3064 illaria
593 3001 627 3062 et
643 2991 736 3062 beati
751 2989 903 3084 Gregorii
917 2987 1048 3060 eisdem
1063 2990 1306 3077 construendo,
1328 3001 1363 3063 et
1379 2989 1536 3064 redditus
1554 2989 1600 3063 ad
1614 2989 1810 3062 subsidium
1826 2989 1892 3061 ibi-

472 3113 553 3187 dem
567 3115 638 3186 Deo
658 3115 904 3187 famulantibus
920 3114 1052 3186 eisdam
1069 3115 1178 3186 Sentis
1199 3115 1352 3208 benigna
1375 3115 1561 3188 devotione
1582 3115 1790 3188 donavimus
1804 3135 1892 3208 qnos

472 3239 508 3312 in
522 3239 670 3335 presenti
687 3239 812 3334 pagina
826 3239 973 3334 exprimi
986 3239 1168 3331 jussimus,
1185 3263 1254 3312 una
1268 3241 1444 3335 sepulture
1457 3251 1491 3313 at
1506 3241 1766 3334 aliorumquam
1780 3249 1893 3312 essent

471 3364 622 3436 habituri
646 3363 816 3456 justitiam
838 3363 1055 3436 ascribendo.
1083 3365 1257 3436 Decimam
1278 3367 1425 3459 coquina
1444 3375 1577 3455 nostra,
1598 3365 1687 3438 duas
1714 3363 1893 3458 parochias

471 3487 576 3561 Pulca
602 3485 766 3560 uidelicet
791 3496 827 3559 et
849 3486 1050 3559 Echendorf
1072 3509 1151 3558 cum
1176 3488 1402 3560 attinentibus
1424 3495 1458 3560 et
1483 3487 1890 3583 capellasWiannenses,

472 3612 636 3708 capellam
655 3612 765 3684 sancti
777 3611 946 3683 Pancratii
967 3619 1002 3682 et
1017 3611 1183 3705 capellam
1203 3611 1295 3682 beati
1317 3612 1406 3683 Petri
1425 3621 1460 3684 et
1480 3613 1645 3707 capellam
1669 3611 1769 3684 beate
1787 3611 1894 3682 Marie

472 3743 507 3807 at
522 3735 688 3831 capellam
705 3735 796 3807 beati
813 3733 983 3806 liudberti
1001 3743 1036 3805 et
1053 3735 1089 3805 in
1102 3734 1238 3806 Cremse
1258 3735 1424 3830 capellam
1440 3736 1530 3807 beati
1546 3735 1731 3830 Stephani,
1754 3735 1790 3804 in
1804 3735 1893 3804 Tuln

473 3860 636 3954 capeliam
653 3861 777 3931 Sancte
801 3859 918 3930 Crucis
943 3868 975 3930 et
992 3879 1102 3929 unum
1128 3879 1307 3950 mansum,
1328 3859 1493 3954 capellam
1517 3859 1609 3931 beati
1632 3857 1830 3930 Cholomani
1855 3857 1891 3927 in

472 3983 582 4078 Loup,
595 3981 630 4054 in
644 3981 889 4078 Wirochparge
901 3983 964 4054 ΧΗ
978 4003 1118 4053 mansus
1132 4003 1212 4053 cum
1224 3983 1462 4074 attinentibus,
1476 3983 1512 4054 in
1524 3983 1715 4055 Ebersdorf
1724 3981 1786 4053 xil
1796 4003 1894 4052 man·

472 4128 533 4179 sus
553 4116 587 4178 et
603 4129 710 4177 unum
725 4105 948 4194 dominicale,
967 4105 1002 4178 in
1023 4105 1222 4178 Ladendorf
1232 4107 1309 4186 XVI
1329 4129 1471 4178 mausus
1496 4129 1575 4178 cum
1595 4106 1835 4194 attinentibus,
1857 4105 1893 4175 in

473 4229 723 4326 Hypelinsdorf
738 4229 844 4302 Xllfll
868 4251 1010 4301 mansus
1034 4251 1113 4301 cnm
1140 4230 1383 4321 attinentibus,
1408 4231 1443 4302 in
1466 4231 1736 4303 Grihtsansteten
1763 4229 1892 4299 curiam

473 4351 676 4426 villicariam
705 4375 785 4424 cum
811 4353 1054 4444 attinentibus,
1083 4353 1120 4423 in
1146 4354 1308 4449 Ruspach
1334 4355 1466 4426 curiam
1493 4354 1696 4426 villicariam
1724 4363 1758 4424 et
1783 4372 1893 4422 unum

474 4497 633 4548 mansum
659 4498 738 4548 oum
756 4475 997 4567 attinentibus,
1022 4477 1058 4546 in
1084 4475 1241 4568 Erpurch
1262 4479 1365 4569 juxta
1391 4477 1627 4550 Falchenstein
1644 4475 1734 4548 Villi
1753 4495 1894 4544 mansus

475 4621 554 4672 cum
568 4600 808 4693 attinentibus,
826 4602 862 4672 in
877 4597 1140 4672 Fuldramsdorf
1160 4599 1359 4692 Vmansus,
1376 4605 1412 4672 in
1431 4601 1615 4672 chchent
1626 4600 1655 4670 11
1676 4617 1834 4684 mansus,
1856 4594 1893 4664 in

474 4723 765 4820 Wolfpeizzingan
780 4725 794 4796 1
814 4747 993 4812 mansum,
1014 4723 1050 4793 in
1067 4723 1228 4795 flammat
1244 4723 1274 4796 V
1290 4745 1444 4796 mansue.
1463 4725 1530 4797 Nos
1546 4743 1686 4818 quoque
1706 4730 1741 4794 et
1756 4739 1893 4794 omnem
