4242 5904
498 597 558 658 aaa
659 551 667 570 ’
997 601 1210 665 rnrnnnrcr
1235 606 1410 666 sncuunr
1724 611 1804 687 [aa.
1825 611 1909 672 reas.

497 731 594 824 regni
622 732 813 803 Jerusalem
830 734 1100 831 tertiodecimo,
1126 741 1226 833 regni
1252 763 1335 814 vero
1358 741 1474 814 Sicilie
1494 741 1761 837 quadragesimo
1779 745 1908 840 primo,

498 855 652 926 feliciter.
674 854 795 926 Amen.

546 980 671 1049 Datum
686 978 779 1072 apnd
795 979 1017 1073 Cremonam,
1037 1005 1146 1076 anno,
1166 1007 1287 1058 mense
1304 995 1340 1058 et
1356 984 1544 1060 indictione
1559 989 1770 1086 prescriptis.

903 1281 1699 1294 ..n--.manau-Q--a—-n—-n—-oan—-nfl

317 1575 448 1630 cremonae,

337 1629 427 1671 octobri.

550 1563 781 1667 Fridericns,
811 1563 1071 1645 Romanorum
1097 1561 1319 1670 imperator,
1349 1563 1399 1646 ad
1427 1561 1740 1671 supplicationem
1770 1563 1911 1645 civium

499 1697 722 1806 aptensium
749 1693 919 1776 fidelium
947 1719 1128 1800 suorum,
1153 1694 1326 1802 ipsorum
1357 1693 1560 1802 civitatem,
1590 1693 1848 1802 possessionen
1875 1706 1912 1778 et

494 1830 583 1940 jura
602 1828 674 1911 sub
699 1843 767 1909 sna
786 1826 937 1934 speciali
956 1826 1186 1934 protectione
1210 1825 1356 1934 recipit,
1378 1850 1587 1934 eorumque
1611 1823 1734 1908 bonos
1758 1851 1851 1908 usus
1875 1837 1913 1908 ct

498 1961 789 2045 consuetudines
807 1957 1020 2041 confirmat.

500 2145 503 2150 Ι
577 2183 702 2264 (lnedlt.
726 2199 762 2242 ex
786 2181 921 2259 orlglnall
942 2184 973 2240 ln
995 2180 1115 2242 arcblro
1141 2181 1280 2258 praelect.
1305 2181 1430 2254 Massll„
1463 2180 1542 2241 Tour
1563 2179 1604 2242 du
1627 2183 1732 2258 udor,
1758 2191 1788 2243 6·
1809 2185 1909 2261 curt,

620 2297 668 2348 tt‘
680 2285 774 2358 basra
787 2284 871 2346 lettre
888 2287 928 2348 Η.
945 2287 1081 2364 Slglllum
1095 2302 1211 2347 careum
1229 2286 1338 2363 pendet
1356 2286 1416 2348 lllis
1430 2288 1528 2348 serlcis
1541 2286 1623 2348 rubri
1642 2287 1770 2366 davlque
1792 2289 1908 2351 coloris.

616 2395 806 2470 Memoratur,
819 2393 987 2468 sodlnepte,
1000 2408 1046 2468 up.
1062 2391 1153 2468 Boas,
1164 2390 1239 2451 Hitt.
1255 2387 1356 2469 d'rlpt,
1372 2408 1403 2468 p.
1423 2389 1505 2470 151.)

545 2587 755 2672 Fridericus,
777 2584 838 2654 Dei
862 2584 972 2677 gratia
990 2585 1220 2655 Romanorum
1242 2583 1439 2678 imperator,
1458 2605 1593 2679 semper
1613 2594 1796 2677 augustus,
1812 2588 1910 2659 leru-

497 2711 602 2782 salem
631 2721 664 2780 et
686 2709 801 2780 Sicilie
829 2729 903 2779 rex.
931 2707 1123 2801 Imperialis
1147 2707 1353 2780 excellentia
1380 2718 1463 2779 tnnc
1492 2709 1656 2803 precipue
1679 2710 1734 2780 sni
1760 2709 1911 2782 nominis

497 2833 614 2926 implet
639 2831 772 2920 titulos,
802 2851 881 2900 cum
909 2827 1030 2901 lideles
1053 2838 1087 2900 et
1113 2829 1258 2901 devotos
1279 2851 1362 2902 snos
1390 2831 1540 2924 benigne
1564 2832 1716 2926 respicit,
1741 2841 1776 2903 et
1798 2832 1910 2924 justas

496 2977 615 3028 eorum
636 2954 866 3026 favorabiliter
883 2952 1062 3047 petitiones
1083 2952 1239 3025 exaudit.
1262 2953 1453 3048 Eapropter
1465 2962 1584 3026 notum
1604 2955 1747 3027 tacimus
1765 2957 1911 3027 unirer·

496 3082 544 3152 sis
561 3079 692 3173 imperii
713 3078 875 3150 fidelibus
892 3089 960 3148 tam
978 3077 1194 3170 presentibus
1212 3099 1316 3171 quam
1334 3077 1457 3148 tuturis
1475 3077 1570 3171 quod
1587 3099 1650 3150 nos
1664 3079 1711 3151 ad
1730 3079 1911 3175 supplica-

495 3205 623 3275 tionem
636 3203 765 3274 civium
780 3201 983 3295 aptensium
996 3211 1188 3272 nostrorum
1204 3200 1377 3289 fidelium,
1393 3201 1564 3273 civitatem
1577 3201 1783 3297 Aptensem,
1799 3203 1906 3290 cives,

496 3327 727 3422 possessiones
739 3335 772 3396 ct
778 3327 855 3416 jura
869 3345 989 3394 eorum
1003 3324 1069 3394 sub
1080 3333 1195 3395 nostra
1205 3333 1239 3395 et
1254 3324 1389 3419 imperii
1406 3325 1615 3419 protectione
1626 3327 1817 3420 recepimus
1830 3347 1911 3420 spe-

496 3448 595 3539 ciali;
622 3449 730 3518 bonos
758 3467 842 3516 usus
872 3455 906 3517 ot
931 3444 1201 3518 consuetudines
1227 3447 1434 3541 approbatas
1459 3447 1588 3540 quibns
1618 3449 1672 3519 usi
1703 3459 1785 3520 sunt
1815 3449 1911 3522 cives

496 3571 640 3643 civitatis
656 3572 687 3662 ej
693 3569 811 3641 uadem
829 3569 1040 3662 temporibus
1059 3570 1165 3642 felicis
1187 3570 1352 3642 memorie
1371 3571 1531 3642 dirorum
1547 3580 1772 3665 augustorum
1790 3573 1911 3646 Rorna-

495 3715 619 3765 norum
638 3693 831 3787 principum
851 3692 1135 3787 predecessorum
1150 3703 1342 3765 nostrorum
1357 3693 1522 3765 hactenus
1536 3715 1647 3787 nsque
1661 3693 1707 3766 ad
1722 3693 1787 3766 hec
1798 3695 1910 3768 felicia

497 3827 651 3912 tempora
664 3825 792 3905 nostra,
814 3815 1069 3887 racionabiliter
1085 3825 1118 3886 et
1137 3815 1253 3908 quiete
1270 3815 1337 3887 sibi
1357 3817 1570 3888 auctoritatis
1588 3817 1776 3911 imperialis
1795 3819 1909 3890 muni·

496 3941 589 4010 mine
603 3937 854 4011 confirmantes.
868 3939 1057 4009 Statuimus
1075 3939 1181 4030 igitur
1195 3948 1228 4009 et
1244 3937 1415 4032 imperiali
1429 3939 1625 4012 sanccimus
1640 3939 1753 4012 edicto
1764 3949 1803 4011 nt
1814 3940 1909 4013 nulla

495 4083 640 4158 persona
659 4063 726 4134 alta
746 4061 800 4132 vel
825 4061 990 4148 humilis,
1012 4061 1241 4134 ecclesiastica
1261 4063 1317 4134 vel
1337 4063 1519 4153 secularis,
1540 4063 1668 4135 dictam
1686 4063 1909 4136 civitatem-at

496 4187 590 4258 cives
605 4188 680 4277 ejus
702 4184 822 4256 fideles
848 4197 1002 4274 nostros,
1025 4197 1142 4256 contra
1163 4186 1327 4278 presentis
1348 4185 1569 4279 protectionis
1586 4198 1621 4257 et
1642 4185 1907 4259 confirmationis

495 4321 610 4381 nostre
625 4307 865 4402 privilegium,
884 4308 920 4378 in
941 4309 1232 4400 possessionibus,
1254 4309 1411 4401 juribus,
1432 4309 1739 4382 consuetudinibus
1759 4323 1794 4383 et
1807 4313 1907 4384 bonis

496 4434 616 4504 usibus
634 4432 726 4520 suis,
743 4453 830 4502 ausu
847 4431 1025 4504 temerario
1039 4432 1223 4526 impedire,
1243 4432 1433 4521 offendere,
1449 4433 1505 4504 vel
1522 4433 1701 4506 molestare
1720 4445 1904 4528 presumat.

495 4557 595 4642 Quod
612 4557 671 4648 qui
688 4555 952 4650 presumpserit,
968 4564 1079 4648 preter
1092 4556 1363 4649 indignationem
1380 4556 1489 4626 nostri
1503 4557 1663 4628 culminis
1676 4577 1781 4650 qnam
1795 4557 1908 4629 incur·

494 4693 564 4770 ret,
584 4690 720 4751 centurn
736 4679 841 4749 libras
863 4679 939 4749 auri
954 4678 1032 4774 puri
1049 4687 1253 4773 componat,
1274 4679 1457 4751 medietate
1474 4699 1610 4752 camere
1621 4687 1755 4770 nostre,
1774 4680 1908 4774 reliqua
