4278 5920
489 518 528 580 78
987 527 1200 592 FlllDElllCl
1225 530 1399 594 sacuam
1449 535 1455 544 '
1709 531 1790 612 [lna.
1808 533 1896 597 123⁷.

535 655 574 727 ln
591 656 755 730 eumdem
771 657 916 731 modum
929 661 1094 757 scriptum
1110 673 1164 737 est
1179 667 1405 761 potestatibus
1420 676 1455 740 et
1471 667 1622 740 consiliis
1634 666 1894 760 Alexandrinis,

486 777 766 872 novariensibus,
785 782 1115 877 Mediolanensibus,
1133 789 1420 882 vercellensibus,
1439 789 1656 883 Placentinis,
1673 791 1896 864 Bononiensi·

486 899 571 992 bus,
593 903 850 996 Laudensibus,
869 907 1049 998 Cumanis,
1068 911 1267 986 Ferentinis
1286 923 1321 986 et
1339 914 1496 1010 potestati
1512 922 1547 988 et
1563 915 1704 988 consilio
1720 915 1893 988 Mantuae.

727 1232 986 1245 ..μ-ῃ..-

541 1535 746 1644 Gregorius
777 1561 877 1644 papa
908 1536 1128 1645 episcopum
1160 1536 1374 1622 Ostiensem
1405 1545 1443 1619 et
1476 1533 1710 1619 cardinalem
1739 1534 1899 1618 Sanctae

487 1666 650 1751 Sabinae
676 1677 808 1750 monet
837 1678 883 1750 ut
906 1668 1103 1752 universos
1124 1695 1192 1778 per
1212 1669 1501 1775 Lombardiam,
1525 1666 1735 1751 marchiam
1765 1666 1898 1750 Terri-

489 1800 614 1882 sinam
636 1809 673 1882 et
693 1799 960 1884 Romeniolam
988 1800 1213 1885 constitutos
1240 1801 1423 1885 inducant
1451 1827 1500 1884 ne
1527 1825 1704 1912 guerram
1730 1800 1828 1882 inter
1856 1825 1897 1881 se

486 1931 885 2043 lacerepraesumant.
1516 1937 1519 1944 ’

569 2146 689 2228 (laedit.
706 2163 745 2208 ex
760 2144 869 2210 collect.
878 2148 1006 2229 Laportc
1018 2147 1060 2211 dc
1074 2140 1168 2225 Ydeil,
1182 2165 1231 2228 ap.
1246 2145 1897 2228 amnom.mesar.1³arts.,regtst.t}reg.1x‚

605 2269 677 2315 anu.
691 2253 748 2326 XI,
763 2262 796 2314 u⁰
808 2254 872 2333 80.)

535 2447 740 2541 Gregorius,
765 2457 849 2540 eta,
875 2449 1035 2544 episeopo
1061 2449 1208 2522 Ostiensi
1228 2459 1263 2523 et
1287 2449 1326 2521 T.
1349 2447 1438 2520 tituli
1460 2449 1582 2522 Sancte
1601 2447 1728 2520 Sabine
1748 2445 1900 2544 presby-

486 2582 559 2646 tero
578 2571 760 2660 cardinali,
778 2569 972 2668 Apostolioe
988 2572 1090 2646 Sedis
1107 2573 1244 2668 legatis,
1265 2581 1332 2646 etc.
1350 2572 1564 2646 Preeentium
1579 2571 1681 2644 vobis
1697 2569 1899 2642 auctoritate

485 2695 693 2769 mandemus
715 2705 886 2789 quatenus
913 2696 1086 2770 universis
1110 2695 1353 2792 potestatibus,
1374 2695 1543 2786 consiliis,
1564 2693 1754 2768 rectoribus
1773 2703 1809 2767 et
1832 2673 1899 2788 po-

486 2820 580 2914 pulis
604 2819 784 2892 oivitatum
803 2840 865 2892 seu
883 2820 1035 2893 locorum
1056 2841 1119 2917 per
1136 2819 1397 2912 Lombardiam,
1419 2818 1607 2893 marchiam
1631 2817 1842 2890 Tarvisinam
1865 2826 1899 2889 ot

487 2943 723 3018 Romaniolam
751 2943 944 3016 constitutis
968 2939 1189 3042 [inhibeatis]
1215 2943 1311 3037 qnod
1330 2944 1418 3017 inter
1441 2965 1480 3017 se
1503 2942 1550 3017 ad
1571 2943 1721 3015 invicem
1746 2941 1897 3036 aliquam

487 3088 647 3159 guerram
663 3067 775 3140 lacere
789 3075 1007 3160 presumant;
1024 3065 1290 3139 contradictores
1305 3075 1340 3139 et
1356 3067 1499 3140 rebelles
1513 3087 1574 3161 per
1590 3085 1771 3138 censuram
1789 3063 1896 3137 ecole-

485 3189 658 3262 siastieam
674 3189 901 3285 appellatione
915 3189 1102 3284 postposita
1120 3189 1383 3286 compescendo.

533 3311 1068 3405 datumviterbii,11kalondas
1085 3313 1193 3407 iunii,
1212 3309 1319 3412 [enno
1333 3311 1408 3412 llll.

536 3955 750 4040 Fridericus
776 3955 983 4065 imperator
1014 3953 1064 4038 ab
1093 3954 1248 4038 dustria
1274 3953 1444 4038 ascendit
1476 3931 1599 4063 usqne
1628 3949 1894 4058 Ratisponam,

483 4087 719 4199 principibus
738 4088 841 4196 apud
855 4087 1026 4197 Spiream
1045 4087 1095 4170 ad
1112 4087 1348 4198 colloquium
1361 4085 1538 4170 evocatis.
1553 4083 1623 4167 Ubi
1635 4107 1724 4166 cum
1737 4077 1896 4192 quidam

483 4219 673 4330 principes
699 4220 983 4327 convenissent,
1016 4218 1067 4304 ab
1095 4245 1141 4304 eo
1173 4221 1223 4302 ad
1254 4218 1470 4304 convivium
1485 4216 1717 4301 invitantur.
1757 4211 1896 4296 Filium

484 4352 598 4435 etiam
626 4377 738 4434 snum
767 4351 988 4434 Cunradum
1019 4350 1146 4434 adhue
1174 4375 1357 4460 puerum,
1383 4349 1490 4459 prius
1519 4348 1559 4430 in
1588 4344 1740 4430 dustria
1766 4365 1908 4452 regem-

483 4485 716 4568 Tbeutoniae
733 4484 991 4595 designatum,
1012 4485 1139 4568 denuo
1158 4483 1208 4568 ab
1225 4483 1318 4594 ipsis
1334 4483 1480 4568 obtinet
1497 4478 1713 4591 approbari.
1734 4477 1892 4560 Gonnsa.

487 4617 637 4726 Conon,
657 4643 719 4726 ap.
740 4617 936 4726 Bonnam,
956 4597 1101 4716 lectas,
1119 4625 1149 4699 t.
1170 4614 1219 4725 ll,
1238 4642 1278 4725 p.
1301 4615 1396 4699 570.
1415 4612 1673 4696 -Dominus
1690 4610 1898 4718 imperator
