4246 5906
503 537 564 599 502
1000 533 1214 597 rulunnlcl
1237 535 1412 598 SECUNDI
1723 535 1802 619 [Anu.
1820 537 1903 600 12:39.

504 670 658 766 predIctc
670 667 833 742 mandatu
849 687 912 762 pro
926 668 1109 740 Laurentio
1124 669 1214 740 Petri
1226 668 1272 742 de
1289 671 1459 764 llayncrIc
1477 668 1523 742 de
1535 668 1631 742 libris
1648 671 1907 744 venetiancmm

504 815 700 888 grossorum
711 791 813 863 XLIII
827 799 862 864 et
878 789 1067 864 denarIIsV
1080 813 1144 886 pro
1161 793 1274 866 unciis
1284 794 1359 866 auri
1373 801 1512 866 centum
1525 793 1744 888 septuaginta
1754 793 1909 888 quinque

503 919 549 992 ad
561 916 718 1010 generale
730 914 869 1010 pondus
888 914 1000 1008 regni.

553 1043 650 1114 Item.
673 1040 807 1112 SImiles
827 1046 981 1132 patentes
1002 1037 1119 1112 lictere
1140 1049 1176 1110 et
1199 1040 1314 1112 clause
1337 1039 1384 1112 ad
1402 1039 1542 1114 eosdem
1564 1061 1627 1135 pru
1651 1041 1753 1113 Petro
1781 1043 1906 1131 borno,

503 1165 660 1237 Petrucio
677 1172 814 1258 nepote,
835 1171 870 1234 et
885 1163 992 1234 Bucco
1009 1163 1125 1254 fratre,
1141 1163 1388 1236 mercatoribus
1403 1165 1569 1252 romanie,
1584 1163 1629 1238 de
1646 1164 1742 1236 libris
1756 1165 1909 1238 venetia·

504 1311 629 1362 norum
643 1308 838 1382 grossorum
855 1286 1013 1358 XXXIIII
1027 1286 1146 1359 solidis
1158 1286 1233 1358 VIII
1243 1296 1278 1358 et
1290 1285 1438 1360 denariis
1449 1289 1522 1378 llll,
1533 1309 1595 1382 pru
1606 1288 1719 1360 unciis
1736 1288 1814 1360 anri
1825 1289 1905 1362 CXL

505 1413 552 1486 ad
565 1412 724 1506 generale
737 1410 886 1504 pondus.
959 1388 960 1391 ¹

554 1537 651 1608 Item.
673 1535 808 1606 Similes
824 1541 979 1627 patentes
994 1542 1028 1604 et
1047 1533 1163 1604 clause
1178 1531 1225 1605 ad
1241 1533 1381 1606 eosdem
1400 1554 1463 1628 pro
1479 1533 1611 1626 Angelc
1623 1535 1759 1608 Ruffino
1774 1556 1912 1608 mercu-

505 1672 579 1732 ture
600 1679 742 1731 romano
763 1657 808 1730 de
826 1656 921 1728 libris
939 1657 1203 1730 venetianorum
1220 1678 1416 1749 grossorum
1431 1658 1555 1730 Xllllll
1572 1657 1691 1732 solidis
1708 1659 1785 1730 XIII
1803 1669 1838 1732 et
1850 1659 1912 1732 de-

506 1784 612 1856 nariis
629 1783 688 1854 llll
706 1803 769 1876 pro
786 1781 899 1852 unciis
916 1781 992 1853 auri
1009 1779 1132 1852 LXXX
1147 1780 1194 1853 ad
1209 1783 1369 1876 generale
1382 1781 1531 1877 pondus.

554 1911 653 1981 Item.
672 1905 806 1977 Similes
823 1913 979 2000 patentes
996 1913 1030 1977 et
1045 1905 1161 1978 clause
1178 1904 1226 1979 ad
1249 1905 1409 1993 eosdem,
1429 1927 1492 2000 pro
1511 1906 1661 2002 Nycolao
1677 1905 1909 1998 biarchiam,

506 2031 682 2106 leonardo
705 2031 750 2102 de
771 2028 907 2120 Gentio,
934 2037 969 2101 et
984 2029 1111 2102 Iacobo
1135 2027 1182 2102 dc
1203 2029 1280 2119 Illa,
1301 2031 1550 2104 mercatoribus
1564 2031 1730 2117 romanie,
1751 2030 1797 2102 de
1818 2031 1912 2101 libris

505 2154 768 2231 venetianorum
787 2173 983 2245 gmsscmm
1007 2151 1080 2224 XLI
1104 2151 1225 2226 solidis
1246 2155 1310 2226 XV
1325 2163 1360 2228 et
1385 2153 1535 2228 denariis
1557 2155 1591 2226 X
1615 2175 1678 2250 pro
1702 2154 1816 2226 unciis
1839 2155 1914 2226 auri

507 2280 622 2354 CLXX
640 2277 685 2349 ad
700 2275 860 2369 generale
878 2275 1026 2369 pondus.

555 2407 651 2476 Item.
668 2401 802 2474 Similes
820 2408 974 2494 patenoes
987 2406 1022 2471 et
1035 2399 1152 2470 clause
1167 2397 1214 2470 ad
1227 2398 1369 2472 eosdem
1383 2422 1445 2494 pro
1456 2400 1583 2474 Iacobo
1597 2399 1643 2472 de
1653 2401 1754 2473 Petro
1764 2400 1911 2472 Sinibal.

507 2535 694 2600 mercatore
713 2525 864 2596 llomano
889 2523 933 2596 da
953 2523 1051 2594 librIs
1071 2521 1331 2596 venetianorum
1353 2545 1549 2617 gruseomm
1566 2523 1694 2596 XXXII
1712 2525 1828 2596 minue
1846 2523 1915 2596 de-

507 2651 613 2724 nariis
628 2649 661 2720 X
678 2669 740 2742 pro
754 2646 866 2718 unciis
880 2645 957 2718 auri
973 2645 1106 2718 CXXX.

556 2777 697 2848 Summa
714 2771 817 2844 totius
833 2769 979 2866 predicti
993 2769 1106 2840 mutui
1121 2779 1174 2844 est
1187 2767 1367 2843 unciarum
1381 2771 1444 2842 ΠΜ
1459 2769 1599 2842 CCLXX
1613 2769 1677 2866 (I).

923 3046 939 3053 ..
981 3047 1028 3053 ·--··
1037 3045 1710 3056 ammaum-*aunan*—

396 3375 411 3406 η
563 3301 721 3385 Litterae
738 3295 974 3406 responsales
993 3297 1042 3378 ad
1056 3293 1310 3404 justiciarium
1329 3293 1475 3376 Siciliae
1492 3295 1593 3376 ultre
1606 3295 1751 3378 flumen
1764 3281 1917 3380 Salsum

372 3431 387 3462 ¹²
511 3461 625 3543 super
648 3430 844 3540 diligentia
873 3453 991 3538 quam
1025 3427 1199 3509 adhibuit
1223 3427 1263 3508 in
1291 3427 1476 3538 exigenda
1500 3429 1668 3536 generali
1698 3429 1857 3513 collecta
1882 3440 1919 3514 et

512 3565 757 3650 subventione
792 3562 841 3644 ab
872 3559 1062 3665 ecclesiis,
1095 3559 1335 3670 regratiando
1371 3561 1475 3670 quod
1504 3561 1784 3672 crucesignatos
1816 3565 1917 3672 apud

512 3701 730 3808 Trapanum
749 3695 960 3777 hiemantes
976 3689 1184 3774 honorifice
1207 3692 1360 3774 tractari
1385 3691 1527 3776 iecerit.

594 3871 718 3954 (licqert.
734 3871 837 3950 imper.
852 3865 971 3927 Ibcdcr.
985 3866 1030 3939 11,
1044 3865 1097 3926 iol.
1114 3874 1151 3926 2³
1172 3872 1270 3940 rectc;
1285 3869 1318 3928 ln
1332 3867 1403 3928 cdlt.
1419 3866 1613 3946 Curccnlaue,
1628 3883 1659 3946 p.
1676 3875 1746 3930 26¹1.
1761 3869 1798 3929 In
1810 3868 1864 3932 lul.
1880 3878 1917 3929 η

632 3992 717 4039 versu
730 3976 805 4036 nibil
814 3972 979 4052 scriptum.)

549 4253 587 4324 (I)
606 4251 683 4308 Ilauc
696 4261 830 4306 summam
838 4244 927 4302 minus
938 4245 1040 4317 iustam
1051 4241 1154 4300 laellius
1167 4241 1388 4302 animadverteris
1397 4243 1421 4300 si
1429 4260 1554 4304 numerus
1564 4243 1683 4304 vicissim
1693 4253 1842 4321 computes,
1855 4249 1918 4306 dum

512 4365 616 4408 summa
638 4345 778 4403 unciamm
797 4341 940 4412 IIIIDCIV,
956 4339 1084 4413 neglectis
1102 4339 1196 4414 ulginti
1208 4341 1255 4414 qui
1276 4347 1422 4414 supersunt
1441 4343 1555 4414 tarenis,
1576 4359 1611 4400 ex
1630 4343 1763 4402 additIcne
1780 4345 1917 4403 condetur.

512 4451 654 4505 Praeterea
665 4445 688 4502 si
700 4442 792 4498 uncias
806 4439 929 4497 CCCXIII
947 4438 974 4494 in
987 4435 1081 4511 primis
1098 4435 1195 4495 litteris
1211 4437 1364 4510 patentibus
1377 4454 1519 4513 expressas
1532 4441 1765 4514 superaddideris,
1780 4457 1867 4515 usque
1883 4442 1917 4498 ad

512 4540 756 4603 IIIIDCCCCXVIII
767 4552 870 4595 summa
884 4535 970 4592 mutui
983 4540 1037 4594 tcta
1048 4535 1184 4593 ascendet.
1197 4535 1273 4592 Unde
1285 4535 1357 4592 bunc
1368 4535 1466 4594 codicis
1477 4535 1616 4610 {origimlis
1633 4537 1720 4596 Iocum
1732 4539 1822 4613 inepte
1835 4539 1916 4595 luisse

513 4629 701 4714 transcriptum
714 4635 792 4694 valde
805 4633 982 4708 suspicamur.
