4228 5892
429 683 435 688 ,
533 595 593 659 ³66
1031 593 1244 656 Flllbltlllcl
1273 595 1447 658 sttcllltbl
1750 595 1833 673 [An.
1853 595 1937 659 1239.

532 732 662 804 litteras
678 737 809 803 vostras
827 737 942 801 nostro
957 749 1067 824 nuper
1086 730 1228 802 culmini
1246 729 1436 806 destinatas
1454 729 1687 804 testimonium
1703 729 1805 803 nobis
1820 730 1939 805 lauda·

532 855 603 928 bile
620 853 854 948 presentastis,
874 851 936 924 nbi
959 853 1005 926 ad
1020 874 1083 926 voe
1100 854 1138 925 P.
1157 852 1262 927 iidele
1284 865 1401 928 nostro
1423 863 1458 928 et
1475 854 1603 926 nuncio
1625 853 1808 942 veniente,
1828 855 1940 928 statim

531 976 627 1072 quod
644 997 709 1050 vos
726 997 772 1050 ex
794 985 890 1070 parte
910 977 1016 1048 nostri
1040 977 1200 1049 culminis
1217 979 1400 1073 requisivit
1423 987 1457 1052 et
1471 987 1628 1050 nostrum
1648 976 1826 1071 adportes
1848 978 1939 1072 ipsas

531 1101 666 1174 felicem
692 1099 881 1173 adveutum
909 1100 1108 1194 proximum
1129 1101 1325 1191 nunciavit,
1350 1123 1471 1177 omnes
1493 1100 1598 1174 corde
1620 1109 1655 1172 et
1678 1121 1824 1194 corpore
1848 1102 1938 1174 eub-

530 1225 684 1298 traxistis
704 1221 793 1321 (st’c),
816 1232 850 1296 et
874 1231 914 1294 ut
936 1225 1147 1296 voluntatem
1171 1225 1276 1296 animi
1301 1226 1402 1298 claris
1420 1225 1684 1298 executionibns
1706 1226 1937 1298 monstraretis

530 1349 715 1437 continuo,
745 1345 917 1443 prosperis
945 1347 1108 1442 auspiciis
1130 1347 1280 1420 inomni
1305 1349 1531 1441 jocunditatis
1551 1348 1704 1444 tripudio
1727 1349 1937 1422 carroccium

530 1483 686 1548 vestrum
700 1479 769 1544 tam
787 1453 987 1542 strenuitate
1004 1471 1131 1542 milicie
1147 1491 1251 1564 qnam
1265 1472 1413 1546 aliorum
1426 1472 1582 1545 omnium
1598 1471 1796 1543 roboratum
1808 1471 1940 1545 viribus

529 1597 670 1671 obviam
687 1593 871 1668 eduxistis.
888 1593 931 1666 Et
948 1594 1005 1666 bic
1018 1603 1072 1666 est
1087 1605 1209 1667 nature
1223 1595 1317 1668 zelam
1333 1595 1392 1692 (l),
1408 1595 1466 1668 hic
1482 1615 1605 1668 revera
1617 1594 1820 1666 victoriosus
1841 1615 1941 1667 exer·
2005 1685 2008 1692 Ι

530 1720 618 1793 citus
634 1739 739 1812 quem
761 1715 892 1788 nedum
909 1715 992 1788 fidei
1011 1717 1115 1789 ardor
1139 1716 1230 1788 circa
1252 1739 1355 1788 suum
1373 1716 1566 1812 principem
1583 1715 1715 1788 illibate
1739 1725 1937 1804 conservat,

530 1843 594 1916 sed
613 1842 659 1916 ad
676 1839 912 1913 contritionem
931 1839 1082 1912 hostium
1101 1840 1251 1934 flagrans
1270 1841 1463 1912 animorum
1481 1839 1583 1934 vigor
1596 1837 1750 1912 adducit.
1767 1840 1861 1932 Ergo
1873 1859 1940 1932 quo

529 1975 625 2038 tauto
644 1962 746 2036 vobis
761 1962 936 2034 uberiores
952 1961 1176 2056 rependimus
1194 1963 1322 2056 gratias
1337 1976 1372 2036 et
1385 1963 1589 2036 affluentiori
1603 1961 1840 2035 munificentia
1858 1961 1942 2035 fide·

530 2091 659 2162 litatem
676 2095 826 2160 vestram
844 2085 1060 2180 disponimus
1076 2087 1276 2180 prevenire,
1297 2095 1427 2180 quanto
1444 2095 1478 2159 et
1498 2084 1545 2158 de
1558 2084 1627 2159 lide
1644 2086 1726 2158 estis
1743 2086 1844 2159 nobis
1861 2107 1940 2159 oon-

530 2213 642 2310 spicui
669 2222 704 2284 et
730 2210 776 2283 de
805 2207 969 2282 laudabili
994 2229 1098 2304 opere
1125 2209 1278 2303 gloriosi.
1304 2209 1435 2282 ldciroo
1464 2229 1509 2281 ne
1532 2218 1614 2282 vota
1640 2217 1753 2282 vestra
1778 2231 1850 2304 que
1872 2219 1938 2282 tam

530 2336 689 2410 ardenter
705 2334 750 2408 ad
774 2333 978 2428 presentiam
996 2341 1146 2406 nostram
1163 2332 1318 2425 erigitis,
1333 2331 1379 2404 de
1397 2331 1549 2406 adventu
1568 2342 1684 2406 nostro
1701 2333 1845 2404 ulterius
1861 2355 1940 2404 sus-

530 2459 743 2556 pendantur,
762 2457 879 2531 sciatis
902 2457 998 2552 quod
1019 2477 1100 2530 ecce
1119 2458 1193 2548 jam
1219 2457 1264 2530 ad
1286 2455 1501 2554 movendum
1524 2465 1683 2550 potenter
1705 2453 1936 2550 accingimur,

531 2606 610 2657 eum
630 2584 701 2674 jam
729 2581 766 2654 in
788 2579 1054 2676 depopulatione
1080 2580 1234 2654 Bononie
1253 2589 1405 2654 nostram
1428 2580 1625 2676 peregimus
1646 2581 1878 2670 voluntatem,
1904 2589 1941 2652 ut

530 2717 610 2804 pote
627 2707 711 2800 quia
726 2706 844 2778 castris
861 2715 896 2776 et
913 2705 1004 2778 villis
1022 2703 1179 2798 pluribus
1195 2705 1240 2778 de
1258 2703 1416 2776 districtu
1430 2725 1494 2776 suo
1512 2703 1602 2776 datis
1616 2705 1652 2776 in
1667 2703 1940 2776 combustionem

531 2841 567 2902 et
583 2829 719 2920 cedem,
735 2836 884 2900 castrum
899 2827 1093 2923 Crepacorii
1110 2827 1200 2900 circa
1215 2827 1312 2922 quod
1322 2837 1434 2900 castra
1450 2833 1566 2900 nostra
1581 2826 1721 2899 demum
1740 2825 1938 2918 delinimus,

531 2975 594 3050 pro
611 2975 653 3025 eo
671 2950 830 3046 quodibi
851 2953 967 3046 plures
985 2949 1029 3022 de
1047 2941 1220 3023 nobilibus
1240 2951 1393 3022 Bononie
1411 2959 1491 3022 sunt
1508 2949 1649 3040 inclusi,
1668 2971 1736 3022 non
1755 2959 1808 3022 est
1824 2973 1845 3022 a
1864 2950 1941 3021 sub·

531 3079 690 3149 versione
705 3083 891 3161 remotum,
909 3073 1013 3146 immo
1027 3075 1126 3168 quasi
1138 3076 1207 3167 Jam
1226 3074 1433 3145 subversum
1448 3081 1499 3145 est
1512 3081 1547 3144 et
1562 3072 1835 3144 combustustum
1849 3071 1937 3168 (sic),

531 3221 613 3271 cum
626 3199 810 3292 aquisque
823 3197 937 3291 ipsum
952 3197 1223 3290 circumquaque
1238 3195 1421 3289 cingebant
1434 3195 1613 3267 exhaustis
1623 3217 1664 3268 ac
1673 3195 1941 3290 propugnaculis

531 3333 566 3396 el
589 3321 838 3394 munitionibus
865 3321 973 3414 ipsius
998 3321 1033 3391 in
1064 3319 1197 3392 bellicis
1222 3319 1390 3392 machinis
1409 3317 1567 3412 undique
1591 3319 1835 3408 comminutis,
1863 3319 1940 3390 licet

494 3491 498 3505 ·
531 3445 727 3538 omnesqui
741 3445 778 3515 iu
795 3465 836 3516 eo
855 3453 935 3514 sunt
953 3443 1079 3515 cotidie
1098 3441 1367 3515 munificentiam
1386 3451 1536 3515 nostram
1554 3442 1739 3537 efflagitent
1755 3463 1860 3536 quam
1877 3441 1940 3514 mi·

532 3571 628 3643 nimo
648 3567 752 3641 modo
773 3578 965 3659 merentur,
987 3566 1107 3638 duma
1132 3566 1301 3662 principio
1319 3587 1396 3639 eam
1419 3566 1575 3660 flagitare
1590 3565 1805 3661 pertinaciter
1822 3566 1941 3638 nolue-

530 3703 631 3783 runt,
649 3692 757 3787 ipsius
773 3691 874 3762 castri
890 3689 1070 3762 subversio
1086 3690 1121 3760 in
1147 3691 1228 3782 igne
1243 3700 1278 3762 et
1298 3689 1415 3782 gladio
1431 3691 1503 3782 jam
1528 3687 1574 3761 ad
1591 3691 1669 3783 plus
1683 3688 1771 3760 inira
1789 3688 1939 3760 triduum

530 3819 575 3890 sit
592 3819 722 3888 lactura
741 3811 804 3909 (a).
824 3813 866 3884 llt
886 3813 937 3885 sic
952 3813 1066 3885 statim
1083 3834 1163 3884 cum
1184 3814 1341 3886 exercitu
1358 3813 1489 3908 potenti
1512 3811 1557 3884 ad
1576 3821 1688 3907 partes
1705 3813 1799 3906 ipsas
1815 3812 1940 3882 trium-

532 3939 677 4038 phaliter
694 3937 912 4029 accedemus,
928 3937 987 4008 ubi
1003 3959 1073 4009 una
1088 3937 1267 4010 vobiscum
1285 3947 1320 4010 et
1332 3957 1412 4008 cum
1425 3937 1502 4008 aliie
1516 3934 1679 4008 fidelibus
1694 3937 1818 4008 nostris
1834 3934 1939 4006 rebel·

531 4063 581 4134 les
602 4061 737 4156 imperii
755 4069 1024 4152 conclamemus,
1046 4055 1120 4158 [ita]
1139 4059 1235 4154 quod
1256 4059 1355 4132 vobis
1378 4069 1413 4132 et
1434 4060 1510 4132 aliis
1524 4058 1686 4132 fidelibus
1702 4059 1827 4132 nostris
1840 4057 1939 4153 quies

531 4194 648 4282 optata
665 4193 700 4257 et
713 4183 812 4256 nobis
825 4183 935 4278 glorie
949 4183 1159 4257 incrementa
1175 4181 1377 4254 succedant.

574 4451 616 4532 (a)
637 4451 706 4530 Sic,
719 4448 842 4511 ioraltan
854 4446 1051 4530 prosedendo
1059 4447 1106 4510 vel
1117 4449 1224 4508 rectius
1237 4453 1381 4508 rcmtma.
