4350 5922
471 576 513 638 oo
973 580 1188 642 rnronnrcr
1213 579 1388 640 suctum
1701 573 1777 660 [err.
1796 573 1881 636 rear.

521 684 637 778 Testes
654 693 769 758 autem
787 686 891 782 hujus
907 689 955 760 rei
972 701 1068 775 sunt,
1088 700 1171 780 ate,
1189 701 1225 761 ot
1243 711 1349 782 supro
1366 685 1429 782 (a).

520 807 665 900 Signum
683 809 815 881 domini
837 814 943 884 nostri
962 813 1125 886 Friderici
1153 813 1316 902 secundi,
1343 811 1405 884 Dei
1428 811 1537 904 gratia
1561 811 1791 882 Romanorum
1815 807 1882 880 im-

471 932 639 1024 peratoris
656 932 873 1006 invictissimi
901 957 1036 1032 semper
1053 938 1212 1029 augusti,
1232 935 1420 1008 Jerusalem
1438 947 1473 1007 et
1490 934 1606 1007 Sicilie
1622 933 1722 1026 regie.

520 1054 604 1126 Acta
632 1065 712 1126 aunt
741 1055 807 1128 hec
831 1081 924 1130 auno
953 1059 1128 1134 dominice
1155 1059 1399 1133 incarnationis
1425 1059 1470 1128 ll.
1484 1057 1546 1130 CC.
1561 1057 1735 1144 xxxvlt,
1766 1075 1883 1126 mense

470 1178 601 1271 aprilis,
621 1177 755 1251 decime
774 1181 985 1274 indictionis,
1007 1186 1198 1279 imperante
1216 1185 1357 1257 domino
1381 1192 1497 1256 nostro
1518 1179 1690 1254 Friderioo
1715 1177 1881 1266 secundo,

470 1301 532 1372 Dei
551 1303 661 1393 gratia
684 1304 929 1397 gloriosissimo
953 1309 1182 1382 Romanorum
1204 1309 1410 1404 imperatore
1432 1327 1570 1400 semper
1590 1313 1758 1402 augusto,
1779 1303 1884 1375 leru-

470 1425 577 1497 salem
593 1435 627 1498 et
642 1427 757 1500 Sicilie
774 1449 867 1522 rege,
886 1430 1020 1524 imperii
1036 1433 1112 1524 ejus
1131 1453 1223 1504 auno
1236 1432 1356 1522 XVlll,
1376 1431 1474 1524 regni
1492 1429 1679 1501 Jerusalem
1695 1427 1769 1520 Xll,
1787 1424 1881 1517 regni

470 1570 553 1621 vero
570 1549 687 1622 Sicilie
703 1551 902 1642 XXXVllll,
920 1555 1075 1627 feliciter.
1092 1555 1215 1628 Amen.

683 1852 1669 1864 mm

520 2129 628 2212 'luno
650 2129 775 2214 drutus
802 2130 1015 2216 Fridericus
1042 2134 1122 2215 dux
1147 2142 1290 2216 terrore
1314 2131 1522 2242 imperialis
1550 2129 1781 2213 lentitudinis
1804 2153 1881 2212 non

466 2286 690 2369 concussus,
704 2289 792 2346 oum
806 2265 938 2374 paucis
948 2266 1015 2376 qui
1029 2265 1102 2349 sibi
1115 2267 1368 2349 adhaeserant
1378 2265 1419 2347 in
1433 2265 1617 2374 oppidum
1626 2263 1732 2374 quod
1744 2261 1882 2345 dicitur

465 2393 569 2478 Nova
595 2395 735 2478 Civitas
759 2423 799 2479 se
826 2397 986 2506 recepit,
1011 2399 1147 2482 exinde
1173 2425 1245 2508 pro
1272 2425 1344 2482 sua
1370 2397 1589 2481 defensione
1615 2421 1714 2506 quae
1735 2405 1882 2506 poterat

465 2529 688 2610 exercendo.
708 2529 920 2638 Imperator
937 2531 1066 2640 itaque
1092 2557 1252 2614 carneus
1279 2532 1385 2641 quod
1411 2531 1624 2614 Fridericus
1647 2531 1726 2612 dux
1749 2528 1883 2638 parri-

463 2659 645 2768 penderet
661 2659 768 2743 illata
784 2688 855 2744 nec
872 2673 1024 2746 curaret
1054 2663 1217 2774 gratiam
1246 2663 1396 2772 imperii
1423 2689 1623 2774 quaerere,
1648 2663 1803 2746 recessit
1831 2661 1880 2744 ab

464 2791 642 2902 nustria,
666 2793 888 2906 relinquens
916 2795 970 2879 ibi
1000 2799 1217 2907 capitaneos
1244 2797 1500 2881 Elkebertum
1527 2797 1881 2908 Babenbergensem

464 2926 685 3036 episcopum
715 2930 828 3012 etde
866 2929 1114 3014 Heuueberch
1143 2942 1181 3014 et
1209 2931 1257 3013 de
1284 2931 1482 3015 Eberstein
1513 2944 1551 3014 et
1581 2933 1629 3014 de
1657 2929 1881 3016 Nurnbereh

465 3059 636 3142 comites.
659 3059 853 3146 Heauton.
876 3062 1072 3168 Amnem,
1088 3090 1151 3173 ap.
1173 3063 1364 3173 Boenasa,
1385 3073 1531 3164 Fontes,
1554 3075 1583 3148 t.
1605 3063 1653 3172 ΙΙ,
1673 3090 1712 3173 p.
1730 3063 1822 3144 sot.

520 3649 752 3760 blidericus,
772 3651 1033 3735 Romanorum
1051 3651 1272 3760 imperator,
1291 3649 1468 3734 fidelibus
1487 3647 1567 3732 suis
1585 3646 1751 3731 Alsatiae
1768 3670 1878 3728 uun-

467 3781 536 3864 tiat
563 3808 603 3866 se
632 3809 764 3867 versus
795 3792 921 3892 partes
951 3783 1037 3865 illas
1066 3811 1157 3866 mox
1186 3785 1459 3889 adventurum,
1488 3807 1650 3865 monens
1675 3789 1719 3863 ut
1743 3777 1815 3862 sibi
1842 3784 1879 3859 et

467 3915 646 3998 exercitui
665 3941 735 4000 suo
752 3917 883 4000 omnia
900 3917 1114 4000 necessaria
1131 3917 1348 3999 ministrare
1365 3925 1582 4026 procurent.

548 4129 671 4209 (laedit.
687 4148 725 4192 ex
739 4131 840 4194 codice
850 4131 991 4194 Biblioth.
1003 4132 1102 4194 Ceam.
1114 4131 1256 4206 Vlndob„
1274 4132 1353 4193 dloto
1367 4127 1488 4206 Plrr'lol„
1499 4143 1534 4192 n⁰
1548 4137 1617 4206 tot,
1627 4127 1681 4190 lol.
1697 4135 1752 4190 tte
1766 4124 1877 4206 verto.)

514 4316 733 4406 Frederioue,
754 4328 820 4391 etc.
843 4319 937 4392 Licet
957 4339 1002 4391 ax
1025 4319 1196 4413 presentia
1219 4328 1334 4390 nostra
1351 4315 1400 4413 (b)
1421 4317 1457 4387 in
1479 4315 1663 4388 ducatibus
1683 4312 1819 4385 Austris
1843 4317 1878 4382 et

464 4441 577 4538 Styrie
602 4462 665 4537 per
694 4463 782 4536 quos
808 4442 943 4516 noviter
967 4451 1083 4514 nostro
1111 4439 1266 4514 dominio
1292 4439 1480 4534 applicatos
1504 4437 1655 4534 potentia
1685 4445 1800 4508 nostra
1825 4442 1878 4506 est

508 4590 548 4671 (a)
570 4592 703 4654 Tostium
716 4595 836 4654 nomina
849 4593 928 4670 apud
941 4591 1090 4671 Hormayr
1102 4593 1220 4653 desunt.

506 4695 547 4778 (d)
570 4701 604 4760 ln
618 4700 719 4760 codice
732 4699 852 4761 addltur
865 4705 907 4760 ert
921 4699 974 4776 tta,
989 4715 1065 4778 quaa
1078 4699 1255 4777 interpolata
1268 4698 1415 4761 ridentur.

2150 504 2156 686 l
