4278 5920
219 608 316 668 lsutcr.
344 600 404 684 li]
488 677 490 682 k
672 597 869 660 HISTORIA
898 595 1190 656 titiiottttitca
1576 597 1634 658 lto

219 739 354 814 abiistis
369 736 415 808 ad
429 734 604 828 regionem
621 733 865 828 longinquam,
879 754 924 806 ne
941 731 1105 805 videretis
1125 731 1213 804 mala
1229 731 1341 825 gentis
1353 741 1466 804 vestre
1487 741 1521 806 et
1536 753 1636 806 sano-

220 875 352 948 torum,
371 881 417 932 nc
438 857 660 954 pulsaremini
679 857 891 951 quotidianis
914 856 1040 928 ictibus
1062 855 1190 928 crebris
1210 855 1457 950 punctionibus
1481 855 1631 930 lacerati.

222 987 402 1061 Voluimns
414 983 598 1056 reformare
610 990 735 1053 statum
753 991 793 1053 ut
806 1001 888 1076 sepe
902 979 1124 1071 tentavimus,
1139 987 1174 1052 et
1185 999 1266 1052 ecoe
1277 977 1440 1052 deformis
1458 978 1635 1053 destitutio

222 1107 444 1182 subintravit.
469 1106 644 1178 lncassum
663 1104 847 1176 traduntur
870 1103 1015 1176 consilia
1042 1102 1102 1174 ubi
1125 1103 1286 1174 voluntas
1306 1123 1374 1176 non
1391 1103 1522 1176 sistitur
1536 1100 1634 1179 lreno

223 1233 423 1329 prudentie,
439 1228 502 1302 sed
515 1228 646 1322 impetu
660 1228 788 1322 agitata
804 1227 934 1322 prosilit
950 1227 996 1300 ad
1014 1226 1202 1320 proclivia,
1220 1247 1287 1297 nec
1305 1227 1433 1320 patitur
1449 1227 1629 1300 retardari.

221 1355 364 1428 Accedit
381 1373 524 1448 qnoque
537 1349 583 1424 ad
599 1350 727 1423 doloris
745 1351 922 1423 cumulum
938 1350 1063 1422 nobilis
1079 1351 1136 1422 illa
1155 1350 1315 1422 columna
1329 1359 1481 1444 quotam
1495 1354 1630 1446 magni·

222 1477 285 1550 lice
298 1487 506 1550 structuram
518 1475 669 1550 Ecclesia
683 1475 908 1566 sustentabat,
924 1473 1105 1546 recolenda
1116 1473 1277 1547 videlicet
1290 1475 1454 1548 memorie
1469 1473 1632 1550 dominus

221 1602 420 1675 Sabinensis
437 1599 487 1697 (c)
505 1599 622 1672 subito
645 1599 840 1672 subtractus
859 1597 904 1672 de
928 1597 1063 1689 medi03
1084 1598 1235 1671 molestie
1253 1599 1401 1694 primum
1422 1597 1539 1672 dolore
1556 1622 1631 1695 pcr-

222 1748 342 1799 cnssns
354 1747 396 1798 ac
412 1724 632 1820 postmodum
650 1721 846 1796 infirmitate
870 1724 962 1796 lenta
984 1732 1132 1796 vexatus
1149 1723 1235 1794 obiit
1257 1723 1292 1794 in
1310 1723 1444 1797 Domini
1462 1727 1632 1820 potentias

222 1849 459 1944 ingressurus,
477 1849 578 1920 ruine
601 1869 719 1920 casum
737 1847 997 1921 occasionaliter
1013 1847 1112 1920 matri
1135 1846 1335 1942 relinquens
1352 1869 1431 1920 cum
1454 1849 1583 1943 gemitu
1597 1861 1632 1924 et

222 1995 366 2048 merore.
395 1973 583 2047 Rediernnt
612 1974 735 2046 iratres
761 1993 783 2044 a
812 1973 954 2067 regione
980 1969 1171 2044 dissidente
1194 1992 1272 2043 cum
1299 1971 1454 2068 principe
1475 1974 1544 2066 (l),
1569 1974 1632 2048 sed

221 2099 314 2193 pacis
332 2098 500 2193 impressa
515 2097 662 2191 vestigia
674 2117 742 2168 non
755 2104 1000 2192 apparuerunt,
1020 2095 1182 2190 quianon
1197 2105 1386 2191 paruerunt
1400 2097 1632 2192 pacisbaJulis

220 2221 393 2294 discordie
408 2229 603 2294 sectatores,
618 2219 858 2293 Antiochensis
871 2241 893 2292 a
904 2220 1065 2293 societate
1080 2217 1280 2292 distrahitur
1291 2241 1355 2292 nec
1370 2241 1391 2292 a
1405 2221 1632 2296 redeuntibus

220 2345 480 2418 commendatur
495 2344 560 2440 (2).
578 2345 707 2417 Vellem
722 2343 817 2439 quod
827 2343 976 2417 breviori
987 2344 1116 2416 lamilia
1130 2345 1314 2438 stiparetur
1330 2345 1519 2418 amicosne
1536 2345 1632 2420 lieret

221 2469 295 2541 aliis
317 2469 413 2541 oneri
431 2477 466 2540 et
489 2469 754 2542 obtrectantium
772 2467 935 2542 dentibus
949 2471 1171 2561 laceraretur3
1193 2477 1228 2541 et
1245 2469 1328 2563 quia
1342 2469 1632 2543 invalescentibus

222 2593 383 2664 ductibus
403 2592 641 2664 scandalorum
661 2602 696 2664 et
718 2592 868 2688 plurium
894 2601 1154 2688 tempestatum,
1173 2593 1388 2666 necessarius
1406 2593 1488 2666 estis
1511 2595 1628 2686 matri,

223 2736 283 2788 uos
296 2715 342 2788 ad
358 2715 507 2788 reditum
525 2725 718 2812 preparate.

271 2840 395 2912 Datum
413 2839 576 2928 viterbii,
595 2841 680 2912 sesto
697 2839 807 2912 sancti
821 2841 925 2913 Luce.

273 3345 321 3456 Et
339 3373 401 3458 die
419 3375 567 3484 decimo
590 3385 749 3460 excunte
766 3376 931 3482 octobri,
951 3378 1120 3486 quadam
1146 3376 1207 3459 dic
1222 3375 1339 3486 jovis,
1360 3377 1414 3460 illi
1442 3380 1490 3464 de
1507 3393 1632 3468 castro

262 3561 304 3644 (a)
327 3563 444 3626 Scilicet
455 3563 602 3626 lobnam
612 3564 780 3627 sabinensis
792 3567 946 3642 epiecopus
958 3571 988 3626 et
999 3565 1166 3627 cardinalis.

854 3731 1597 3748 u—-m———ffl———m-

258 3833 296 3906 (t)
312 3834 448 3892 sciliceta
460 3834 628 3894 lombardia.
646 3835 714 3894 Vide
727 3851 817 3908 supra,
833 3853 859 3908 p.
874 3839 936 3904 tae,
952 3837 1004 3892 tat
1015 3840 1043 3892 ct
1054 3841 1109 3893 not.
1127 3840 1152 3891 t.

256 3931 296 4004 (2)
314 3933 363 3990 llic
379 3932 465 4004 agitur
477 3933 511 3990 de
524 3932 680 4007 patriarcha
697 3931 862 3990 Antiocheno
876 3932 985 3989 litberto
1004 3933 1051 4005 qui
1072 3938 1137 3989 tunc
1149 3939 1241 4006 partes
1255 3933 1359 4008 imperii
1379 3936 1485 3996 assidue
1507 3938 1628 4013 fovebat,

222 4029 291 4086 undo
302 4029 393 4086 mnus
410 4029 536 4102 elegatis
554 4045 617 4087 eum
632 4032 849 4087 commendatum
861 4029 943 4086 luisse
956 4029 1058 4086 lacilius
1070 4029 1226 4088 credideris.
1238 4031 1382 4106 Perperam
1395 4033 1422 4091 in
1434 4043 1524 4095 moute
1537 4038 1632 4096 habuit

222 4126 345 4185 Watsins
355 4125 509 4199 (idoneor.
523 4130 555 4184 ier
567 4127 663 4185 histor.
675 4129 757 4185 llott.
769 4128 873 4199 Poris.)
885 4141 957 4183 nunc
969 4125 1114 4184 iohannem
1127 4127 1161 4184 de
1171 4128 1299 4187 Columna
1309 4129 1426 4190 alludere
1442 4134 1550 4193 dissidio
1562 4136 1632 4194 inter

223 4223 320 4297 Papam
333 4229 361 4280 et
379 4223 558 4295 patriarcham
574 4223 770 4282 Antiochenurn
782 4239 865 4297 snper
885 4223 1012 4281 ecclesiae
1023 4223 1205 4282 Antiochenae
1216 4225 1332 4299 primatu
1345 4235 1447 4287 exorto.
1461 4231 1500 4288 De
1512 4231 1555 4289 bis
1566 4233 1631 4290 ltal-

222 4319 292 4377 ualdi
312 4320 476 4377 mantiam
501 4320 595 4378 audire
618 4320 683 4377 libet
697 4338 705 4376 ε
721 4341 734 4374 ι
750 4321 789 4378 lte
812 4319 976 4378 Antiocheno
996 4319 1197 4393 archipraesule
1215 4322 1322 4396 scripsit
1337 4325 1411 4381 lttatt.
1437 4327 1512 4384 Paris
1534 4344 1567 4385 eo
1584 4345 1630 4386 an-

222 4415 326 4485 dacias,
345 4415 485 4475 Germano
500 4417 666 4476 Graecorum
685 4417 840 4491 patriarcba
863 4417 915 4492 ipsi
936 4419 1055 4489 invente,
1071 4419 1227 4492 prorupisse
1249 4427 1280 4476 ut
1302 4422 1331 4476 in
1353 4423 1505 4495 pontificem
1525 4441 1557 4482 ac
1579 4428 1630 4486 lto·

226 4529 332 4571 mauam
349 4513 496 4571 Ecclesiam
513 4514 631 4588 superbe
650 4531 792 4587 assurgere
810 4521 891 4589 atque
910 4515 992 4590 impie
1011 4515 1155 4574 anathema
1174 4517 1283 4576 vibrare
1307 4521 1381 4578 nisus
1402 4522 1446 4578 sit.
1460 4523 1560 4580 Verum
1580 4525 1631 4583 hoc

225 4625 274 4667 uon
291 4611 325 4669 de
344 4611 496 4686 patriarcha
515 4613 672 4671 latinorum
691 4615 855 4672 Antiocheno
933 4615 981 4673 sed
1000 4615 1035 4675 de
1056 4617 1220 4675 Graecorum
1237 4617 1407 4678 schismatico
1430 4621 1630 4694 intelligendum

226 4707 338 4765 uidetur.
354 4729 368 4762 ι
383 4709 483 4768 Aouol.
496 4710 587 4768 eccles.
602 4712 637 4769 ad
651 4728 714 4768 ann.
728 4715 807 4780 taos,
820 4711 837 4785 5
849 4712 973 4770 XXXVI.
