4246 5906
491 591 553 654 elo
988 595 1202 656 rerneercr
1226 595 1398 656 secovnt
1710 594 1789 676 [en.
1808 595 1892 657 reae

491 749 623 806 eornm
642 725 870 832 rationibus,
891 727 1001 835 eique
1019 728 1172 836 insuper
1189 729 1360 811 concedit
1376 725 1498 808 multa
1515 725 1712 836 privilegia
1728 737 1766 808 et
1782 727 1895 809 liber·

491 865 602 960 tetes,
631 855 771 938 scilicet
797 859 845 939 dc
858 857 1134 966 jurisdictione,
1153 861 1201 941 de
1219 859 1386 963 bibnbe,
1406 859 1455 940 de
1474 857 1676 966 portubus,
1696 867 1768 940 etc.

571 1067 675 1148 (Edid.
689 1069 906 1144 Conuomm,
921 1071 1031 1152 llepqiu
1045 1071 1163 1150 Peene,
1177 1080 1260 1150 perte
1272 1075 1298 1143 Ι,
1318 1089 1347 1148 p.
1368 1079 1519 1142 tce-tot,
1536 1086 1573 1130 ex
1592 1073 1699 1148 origin.
1724 1074 1756 1130 in
1776 1070 1893 1131 archivo

609 1177 783 1248 Mucerutae,
797 1177 876 1236 nude
888 1177 1037 1254 pendebat
1055 1178 1183 1256 sigillum
1199 1199 1216 1236 ι
1232 1181 1262 1238 ln
1281 1195 1341 1256 qno
1357 1183 1487 1238 umatus
1500 1178 1546 1234 vlr
1563 1175 1646 1236 adest
1665 1177 1796 1236 insidens
1808 1193 1893 1252 snper

609 1297 685 1358 equo
697 1297 716 1342 a
729 1285 814 1358 cujus
826 1283 921 1342 meda
931 1284 1030 1342 turris.
1042 1285 1076 1357 ι)

539 1475 706 1546 Henricue
725 1476 787 1546 Dei
818 1485 852 1546 et
877 1475 1045 1570 imperiali
1069 1477 1179 1568 gratia
1205 1495 1270 1547 rex
1295 1475 1454 1546 'lunium
1478 1484 1513 1546 et
1530 1473 1679 1546 Gallnris
1706 1483 1741 1544 et
1763 1473 1892 1544 domini

489 1597 702 1692 imperatoris
724 1597 834 1684 lilius,
864 1599 952 1669 sacri
978 1599 1111 1693 imperii
1136 1600 1239 1670 totius
1261 1599 1357 1670 italie
1375 1599 1522 1690 legatus,
1545 1607 1611 1668 etc.
1635 1596 1894 1668 Considmntes

488 1722 712 1792 constantiam
729 1719 810 1792 fidei
831 1731 864 1792 et
887 1721 1080 1794 devotionis
1098 1722 1325 1793 sinceritatem
1351 1719 1584 1792 universitatis
1601 1719 1772 1792 liacemte
1789 1742 1892 1812 qnam

487 1863 624 1938 semper
648 1865 730 1936 erga
754 1843 1011 1914 serenissimum
1031 1844 1187 1915 cesarem
1211 1853 1341 1938 patrem
1366 1853 1538 1933 nostrum,
1569 1863 1633 1914 nos
1650 1851 1686 1913 et
1709 1842 1893 1936 imperinm

487 1967 563 2037 nisa
581 1975 633 2038 cst
651 1987 874 2056 conservare,
895 1965 1021 2038 damna
1042 1980 1077 2037 et
1095 1969 1248 2058 jacturas
1263 1989 1333 2060 que
1353 1966 1419 2037 sibi
1446 1975 1586 2060 propter
1608 1963 1713 2037 fidem
1734 1975 1770 2036 et
1786 1965 1892 2038 bono·

486 2109 559 2160 rem
581 2089 715 2183 imperii
738 2091 877 2160 suerunt
899 2109 961 2181 per
983 2089 1157 2161 ministros
1174 2089 1324 2162 Ecclesia
1339 2089 1434 2160 illata
1449 2091 1647 2160 nullatcnus
1665 2086 1889 2176 attendendo,

486 2211 652 2284 babentes
670 2213 774 2282 etiam
791 2233 853 2304 pre
875 2211 983 2282 oculis
1001 2221 1098 2304 grata
1121 2213 1263 2286 servitio
1280 2233 1350 2306 quc
1373 2211 1528 2283 universi
1548 2211 1705 2284 homines
1724 2211 1892 2283 blacerate

484 2334 586 2406 nubis
603 2355 667 2429 prc
685 2335 877 2406 reverentia
902 2335 1037 2430 imperii
1061 2335 1228 2408 exhibent
1251 2335 1287 2405 in
1309 2335 1460 2430 presenti
1485 2335 1577 2406 etin
1603 2343 1704 2406 autea
1729 2333 1891 2405 exhibere

485 2466 645 2552 poterunt
665 2458 831 2550 mabora,
857 2456 902 2530 de
927 2459 1023 2552 regia
1049 2469 1164 2532 nostre
1186 2457 1399 2530 liberalitatis
1425 2457 1628 2551 gratiaque
1652 2457 1891 2530 consuevimus

485 2579 713 2652 benemeritos
725 2580 919 2674 prevenire,
936 2581 1104 2675 imperiali
1122 2583 1225 2654 etium
1238 2583 1341 2654 nobis
1355 2581 1556 2654 ancoritate
1569 2601 1631 2675 per
1645 2581 1776 2652 italiam
1788 2587 1892 2652 totam

485 2703 680 2790 commissa,
697 2702 919 2774 concedimus
933 2704 1047 2776 eidem
1060 2706 1275 2777 universitati
1292 2707 1462 2776 blacerate
1477 2704 1564 2775 etin
1580 2713 1754 2798 posterum
1771 2703 1892 2776 confir·

485 2845 621 2896 memus
647 2833 794 2898 castrum
816 2825 963 2917 Cusalis,
986 2835 1136 2898 castrum
1159 2827 1204 2900 de
1224 2829 1432 2916 Nenenene,
1457 2835 1607 2898 castrum
1634 2826 1789 2918 bliligani
1813 2847 1891 2898 com

485 2945 708 3034 districtibus,
726 2947 882 3019 curtibus
894 2947 1102 3020 etomnibus
1111 2949 1255 3040 justitiis
1270 2959 1305 3021 et
1317 2950 1512 3022 rationibus
1526 2949 1613 3038 suis,
1627 2957 1666 3018 ut
1678 2949 1762 3020 nulli
1778 2947 1837 3020 alii
1848 2947 1892 3021 de

485 3079 597 3143 cetero
616 3071 774 3144 homines
791 3071 960 3144 dictorum
977 3081 1164 3144 casbcrnm
1183 3093 1246 3166 pru
1267 3073 1417 3144 servitiis
1435 3093 1497 3144 seu
1513 3072 1689 3166 aliquibus
1705 3071 1891 3144 rationibus

485 3203 666 3268 teneantur
679 3196 745 3266 nisi
760 3195 934 3266 communi
947 3194 1130 3285 blaceratc,
1141 3195 1242 3286 juxta
1255 3195 1353 3290 quod
1369 3217 1429 3289 per
1440 3215 1625 3266 commune
1637 3195 1806 3266 blacerntc
1819 3195 1891 3266 lne-

445 3401 449 3408 ,
485 3318 553 3388 rint
567 3317 736 3412 requisiti.
757 3317 926 3388 Volumus
949 3317 1052 3388 etiam
1068 3316 1163 3411 quod
1188 3317 1393 3390 universitas
1410 3317 1581 3390 ldacerate
1601 3315 1747 3389 liberum
1764 3315 1892 3388 babeat

483 3441 662 3514 arbitrium
680 3439 797 3513 omnia
820 3439 926 3535 podia
940 3461 1004 3512 seu
1026 3440 1213 3512 castellaria
1230 3441 1341 3534 posita
1355 3441 1391 3510 in
1410 3439 1567 3512 districtu
1585 3449 1619 3512 ct
1636 3448 1732 3510 curte
1744 3437 1842 3512 Pedii
1858 3449 1893 3512 et

484 3565 655 3638 Maccretc
671 3562 848 3637 destruere
865 3572 899 3636 ct
912 3562 1074 3636 edificare
1087 3565 1188 3656 juxta
1202 3561 1299 3656 quod
1316 3562 1361 3635 de
1381 3561 1492 3658 ipsius
1507 3561 1698 3634 communis
1716 3562 1891 3636 voluntate

484 3688 586 3782 plene
599 3687 814 3781 processerit,
826 3695 861 3758 et
872 3687 988 3758 nullos
1000 3689 1036 3758 in
1049 3687 1178 3760 eisdem
1193 3687 1306 3781 podiis
1317 3709 1379 3758 seu
1392 3687 1593 3758 castellariis
1608 3685 1762 3757 babitare
1777 3705 1891 3780 preeu-

486 3820 556 3882 met
571 3811 638 3882 nisi
656 3811 751 3906 prins
766 3811 940 3883 licentiam
955 3812 1164 3883 acommuni
1176 3813 1346 3884 blacerute
1359 3811 1565 3905 impetrabit.
1582 3811 1633 3882 De
1650 3807 1890 3882 abundantiori

484 3953 624 4027 quoqne
645 3935 756 4026 gratia
774 3945 891 4010 ncsba
913 3934 1133 4007 concedimus
1150 3943 1185 4007 et
1207 3931 1451 4006 confirmamus
1472 3933 1645 4007 communi
1667 3933 1837 4004 Mucerate
1852 3943 1889 4003 ut

484 4077 605 4130 omnes
618 4057 823 4147 habitantes,
836 4069 919 4150 etc,
931 4071 1097 4156 perpetuo
1110 4059 1284 4132 sintliberi
1296 4067 1331 4132 et
1344 4059 1490 4132 absoluti
1501 4059 1546 4130 ab
1560 4055 1654 4128 omni
1669 4056 1753 4142 loro,
1768 4065 1888 4126 utnon

484 4181 736 4254 conveniantur
758 4203 820 4278 pro
836 4183 953 4278 aliqua
972 4206 1078 4257 musa
1094 4207 1159 4258 nec
1171 4183 1350 4256 trahantur
1364 4182 1411 4256 ad
1429 4183 1536 4254 ullum
1556 4181 1667 4252 lorum
1690 4178 1756 4250 nisi
1775 4199 1886 4250 coram

481 4304 600 4396 judice
615 4307 801 4398 blacerate,
820 4307 956 4398 bajulos
973 4307 1121 4381 babeant
1137 4329 1199 4404 pro
1223 4304 1471 4401 cognoscendis
1489 4304 1620 4394 muns,
1644 4301 1886 4395 componendis

485 4429 714 4501 contractibus
732 4451 775 4502 ae
789 4431 981 4525 purgandis
995 4433 1171 4506 maleficiis
1184 4455 1272 4528 qnos
1284 4451 1467 4505 commune
1479 4431 1649 4501 blacerute
1662 4426 1800 4500 duxerit
1821 4434 1885 4496 sta·

485 4552 644 4642 tuendos,
655 4551 752 4646 quod
762 4575 882 4628 omues
893 4555 1048 4630 homines
1056 4555 1212 4650 ejusdem
1222 4558 1415 4630 communis
1424 4554 1494 4628 sint
1503 4550 1798 4624 liberiutabeclnti
1810 4567 1885 4620 eum

484 4674 646 4746 omnibus
658 4674 760 4748 bonis
778 4697 897 4750 eorum
909 4699 979 4774 qne
992 4701 1084 4752 nunc
1094 4681 1188 4772 juste
1202 4689 1318 4753 lenem
1337 4687 1373 4752 ct
1391 4675 1566 4774 possident
1580 4685 1615 4747 et
1630 4675 1666 4744 in
1684 4681 1783 4745 antea
1797 4671 1886 4763 justo
