4246 5906
199 633 296 692 litorei.
314 627 374 711 la]
625 623 821 685 HISTORIA
845 620 1137 683 DII’LOIIII'I'ICA.
1548 617 1604 676 501

199 764 369 839 solidisX
393 771 429 835 et
451 761 601 834 denariis
621 761 680 830 Vll
699 782 762 854 pro
786 760 897 831 unciis
922 758 997 830 auri
1024 757 1183 828 CLXXIII
1201 754 1247 826 ad
1271 755 1432 848 generale
1455 753 1603 848 pondus.

270 887 395 984 lltom.
418 885 553 958 Similes
571 884 687 955 liotore
709 892 865 977 patentes
887 892 922 954 st
945 883 1062 954 clause
1085 881 1131 953 ad
1154 879 1294 952 eosdem
1316 899 1380 974 pro
1395 879 1545 974 Nyoolao
1558 879 1609 984 de
1634 875 1796 920 mm·

199 1011 353 1102 Andreas,
367 1011 506 1097 lambo,
520 1007 590 1080 filio
604 1008 693 1098 ejus,
705 1008 804 1079 Petro
814 1005 938 1078 Leonis
956 1015 991 1077 et
1007 1003 1169 1098 Gregorio
1188 1005 1346 1101 Mancino
1362 1004 1609 1076 mercatoribus

200 1135 353 1207 romanis
381 1133 426 1205 de
456 1133 551 1203 libris
582 1131 839 1203 venetianorum
867 1151 1063 1223 grossorum
1095 1128 1279 1200 XXXVIIII
1309 1127 1427 1200 solidis
1458 1129 1517 1200 IIlI
1544 1129 1610 1200 de-

201 1259 308 1331 nariis
324 1258 368 1329 lll
382 1278 443 1350 pro
453 1256 566 1327 unciis
581 1255 657 1326 anri
670 1255 811 1326 CLVllll
829 1263 864 1324 et
878 1251 990 1324 media
1009 1253 1054 1324 ad
1065 1253 1222 1345 generale
1237 1251 1385 1346 pondus.

251 1384 347 1454 Item.
370 1381 504 1452 Similes
521 1388 678 1472 patentes
698 1388 733 1449 et
751 1377 865 1448 clause
885 1376 930 1448 ad
949 1376 1086 1448 eosdem
1108 1353 1169 1469 pro
1191 1375 1295 1446 Paulo
1312 1375 1357 1447 de
1374 1375 1549 1449 Androcto
1564 1378 1610 1452 de

202 1507 300 1577 libris
317 1505 578 1576 venetianorum
596 1523 794 1594 grossorum
809 1501 905 1572 XXV
921 1500 1040 1572 solidis
1053 1501 1080 1570 ll
1103 1509 1138 1571 et
1159 1498 1310 1571 denariis
1323 1499 1400 1587 IIII,
1423 1522 1484 1595 pro
1498 1503 1609 1575 unciis

203 1629 288 1700 Cllll
303 1628 348 1700 ad
363 1628 455 1700 idem
475 1627 624 1720 pondos.

252 1754 348 1822 Item.
368 1751 503 1822 Similes
517 1759 671 1844 patentes
690 1758 724 1820 et
741 1751 857 1820 clause
873 1747 919 1819 ad
942 1748 1083 1821 eosdem
1103 1769 1164 1843 pro
1179 1748 1279 1820 Petro
1296 1747 1527 1821 Bartholomei
1545 1749 1611 1821 Al-

203 1875 308 1946 herioi
329 1883 364 1946 et
381 1873 537 1968 Philippo
554 1874 657 1944 fratrs
677 1893 740 1943 suo
755 1872 800 1943 de
812 1871 908 1942 libris
922 1872 1181 1944 venetianorum
1197 1893 1393 1965 grossorum
1409 1873 1562 1947 XXVIIII
1577 1886 1611 1950 et

202 1998 338 2090 media,
359 2019 421 2092 pro
441 1999 553 2069 unciis
570 1997 659 2068 CXX
672 1996 718 2068 ad
734 1995 826 2067 idem
846 1994 996 2088 pondus.

253 2123 349 2193 Item.
373 2121 508 2193 Similes
530 2129 684 2214 patentes
703 2127 737 2191 et
753 2120 871 2189 clause
887 2118 932 2190 ad
952 2118 1112 2209 eosdem,
1134 2140 1197 2213 pro
1214 2119 1390 2192 Leonardo
1408 2122 1549 2216 Nycolai
1569 2124 1612 2196 de

202 2245 363 2316 Alberioo
388 2253 422 2316 et
441 2243 614 2337 Stephano
636 2241 705 2314 filio
728 2241 874 2335 Philippi
902 2239 947 2312 de
970 2239 1146 2327 Alberioo,
1169 2241 1213 2312 de
1238 2243 1332 2314 libris
1354 2245 1611 2318 venetianorum

204 2389 399 2460 grossorum
433 2367 556 2438 XXIIII
588 2365 708 2437 solidis
736 2365 782 2436 XI
814 2375 849 2436 et
882 2363 1033 2435 denariis
1062 2364 1136 2435 VIII
1162 2385 1224 2457 pro
1255 2367 1366 2436 unciis
1392 2368 1416 2438 C
1446 2367 1492 2438 ad
1521 2369 1612 2442 idem

205 2489 354 2584 pondus,

252 2615 349 2685 Item.
369 2613 504 2683 Similes
522 2621 674 2705 patentes
687 2621 721 2682 et
738 2613 854 2682 clause
871 2609 917 2681 ad
932 2610 1072 2682 eosdem
1094 2631 1157 2704 pro
1173 2611 1327 2684 Iohanne
1346 2612 1390 2684 de
1405 2615 1528 2687 Sancto
1541 2614 1614 2687 An-

204 2737 294 2829 gelo‚
314 2758 377 2831 pro
392 2737 488 2807 libris
507 2736 767 2806 venetianornm
785 2755 981 2827 grossorum
997 2734 1086 2804 LXX
1103 2733 1220 2805 solidis
1232 2735 1276 2804 Vl
1295 2744 1329 2806 et
1342 2735 1492 2809 denariis
1504 2739 1533 2810 lI
1551 2761 1614 2835 pro

204 2859 316 2930 unciis
327 2859 543 2931 CCLXXXVI
557 2857 603 2931 ad
620 2857 712 2930 idem
732 2857 881 2951 pondus.
1539 2877 1540 2880 ’

254 2985 350 3055 ltem.
366 2985 501 3056 Similes
527 2993 596 3055 tam
615 2993 752 3078 apertas
772 3004 876 3075 quam
892 2984 1027 3054 clausas
1051 2984 1185 3078 scripsit
1205 2985 1352 3057 Iacobus
1369 2985 1415 3057 de
1433 2988 1556 3060 Bantia
1571 2989 1615 3061 de

205 3107 360 3203 predicto
375 3107 538 3178 mandato
550 3127 611 3200 pro
625 3106 760 3176 Urbano
773 3105 969 3177 Caranzons
983 3105 1028 3178 de
1039 3106 1136 3178 libris
1146 3108 1405 3180 venetianornm
1419 3132 1615 3202 grossorum

204 3230 435 3325 quadraginta
456 3240 490 3301 et
516 3239 593 3301 oeto
615 3228 732 3299 minus
757 3227 909 3299 denariis
931 3227 1132 3321 quindecim
1158 3253 1221 3324 pro
1242 3232 1355 3304 unciis
1382 3235 1457 3304 auri
1478 3245 1615 3308 centurn

206 3354 394 3446 nonaginta
413 3353 570 3447 quinque
585 3352 631 3424 ad
648 3351 741 3424 idem
756 3350 908 3445 pondus.
1122 3435 1123 3440 Ἰ

254 3480 351 3549 Item.
366 3477 499 3548 Similes
522 3486 590 3548 tam
607 3486 743 3570 apertas
760 3497 866 3568 quam
882 3476 1016 3546 clausas
1032 3475 1166 3570 scripsit
1185 3477 1279 3548 idem
1300 3499 1362 3572 pro
1376 3480 1550 3574 Stephano
1569 3483 1616 3556 de

206 3600 362 3686 cesaree,
379 3601 477 3672 Petro
492 3599 657 3672 Iohannis
671 3599 715 3671 de
727 3597 900 3670 Aloarutio
920 3608 954 3670 et
971 3599 1120 3671 Mattheo
1133 3601 1221 3672 Petri
1236 3601 1281 3672 de
1298 3603 1447 3675 Antonio
1462 3604 1506 3676 da
1523 3605 1617 3677 libris

208 3724 470 3795 venetianorum
488 3744 682 3816 grossorum
697 3722 914 3815 septuaginta
928 3731 1021 3810 ooto,
1039 3722 1158 3794 solidis
1174 3723 1295 3796 decom
1312 3734 1345 3797 et
1361 3725 1512 3800 denariis
1528 3729 1618 3802 duo-

209 3845 296 3937 bus,
319 3867 380 3940 pro
400 3847 513 3916 unciis
530 3845 606 3917 auri
621 3846 836 3918 CCLXXVIII
853 3857 887 3916 ot
905 3846 1032 3918 tarenis
1050 3847 1114 3917 XX
1128 3846 1173 3918 ad
1190 3847 1283 3919 idem
1302 3849 1450 3942 pondus.

258 3970 353 4040 Item.
371 3970 505 4041 Similes
524 3978 679 4063 patentes
699 3979 734 4041 et
755 3970 871 4040 clause
894 3969 939 4041 ad
954 3970 1093 4042 eosdem
1112 3993 1174 4064 pro
1188 3970 1288 4042 Petro
1307 3970 1352 4043 de
1367 3973 1559 4048 Crescentio
1574 3976 1619 4051 de

209 4092 467 4163 venetianorum
494 4113 691 4184 grossorum
715 4093 811 4163 libris
831 4093 908 4164 XVI
928 4093 1048 4164 solidis
1066 4093 1112 4163 XI
1132 4102 1167 4165 et
1183 4093 1333 4166 denariis
1356 4095 1402 4166 Xl
1423 4119 1485 4192 pro
1508 4101 1620 4172 unciis

210 4214 327 4286 LXVII
345 4225 380 4286 et
395 4214 508 4287 media
525 4215 571 4287 ad
584 4215 677 4288 idem
695 4215 844 4311 pondus.

258 4337 354 4407 Item.
370 4338 504 4409 Similes
515 4349 669 4432 patentes
685 4349 719 4411 et
736 4341 850 4410 clause
863 4337 908 4410 ad
921 4337 1059 4410 eosdem
1075 4361 1140 4434 pro
1154 4340 1327 4436 Stephano
1343 4342 1387 4414 de
1399 4343 1562 4436 Gregorio
1576 4347 1621 4419 de

211 4457 269 4531 Cio
292 4460 336 4532 de
361 4458 457 4532 libris
480 4464 739 4535 venetianorum
762 4484 958 4556 grossorum
980 4464 1101 4536 XVIIII
1123 4465 1243 4538 solidis
1267 4467 1342 4537 VIII
1364 4477 1398 4539 et
1421 4468 1572 4544 denariis
1592 4474 1622 4544 V

212 4605 273 4678 pro
286 4584 399 4657 unciis
414 4585 606 4658 LXXVllll.

260 4709 356 4778 Item.
378 4708 511 4782 Similes
528 4719 597 4782 tam
612 4721 747 4806 apertas
763 4733 869 4806 qnam
891 4713 1027 4784 clausas
1045 4712 1182 4806 scripsit
1196 4713 1346 4786 Iacobus
1364 4713 1409 4786 de
1433 4716 1558 4793 Santra
1575 4719 1621 4794 de
