4226 5900
201 588 303 648 lsnrcn
322 584 388 662 la}
653 581 851 644 lllsloala
875 581 1168 645 clancularius.
1558 585 1618 646 437
1729 581 1733 588 ’

250 719 388 792 Similes
405 716 541 812 scripsit
557 715 744 790 Tholomco
761 717 807 790 dc
824 715 1005 791 Castilioue
1024 716 1210 812 justitiario
1229 716 1335 790 Vallis
1355 715 1458 792 Grata
1480 725 1515 790 st
1533 727 1619 792 terre

204 841 354 918 Iordane
372 851 412 912 ut
428 840 581 932 assignet
597 849 727 912 secreto
737 841 909 915 lllessano.

253 965 390 1040 Similes
408 963 546 1059 scripsit
566 963 747 1038 Thomasio
764 964 835 1039 lilio
853 965 1024 1041 Asmundi
1043 965 1230 1059 justitiario
1251 965 1446 1060 Basilicate,
1468 977 1507 1040 ut
1533 968 1619 1041 assi·

204 1097 291 1185 gnat
305 1087 507 1162 Alexandro
525 1085 596 1159 filio
609 1088 760 1160 Honrici.

254 1213 393 1286 Similes
406 1209 543 1306 scripsit
556 1209 736 1283 Thomasio
753 1210 799 1284 de
816 1212 1029 1306 Montenigro
1043 1213 1232 1306 justitiario
1250 1213 1513 1308 principatuset
1531 1223 1618 1288 terre

203 1337 448 1410 movendae
460 1343 498 1406 ut
518 1335 670 1425 assignet
684 1333 851 1407 Biccardo
870 1333 916 1408 de
929 1336 1085 1408 Puloaro.

252 1459 390 1531 Similes
409 1458 546 1553 scripsit
560 1457 729 1530 Riccardo
745 1457 791 1530 de
808 1457 1023 1552 Montenigro
1035 1459 1222 1551 justitiario
1239 1467 1330 1533 terre
1346 1459 1485 1534 Laboris
1503 1470 1543 1534 ut
1561 1483 1616 1536 ae·

205 1581 323 1676 signet
335 1579 482 1654 Ricardo
496 1579 541 1653 ds
555 1581 712 1653 Pulcaro.

254 1705 392 1779 Similes
406 1704 542 1798 scripsit
553 1703 902 1777 BoamundoPisscno
914 1704 1100 1796 justitiario
1111 1703 1261 1800 Aprutii,
1278 1715 1317 1778 ut
1328 1707 1479 1802 assignet
1491 1707 1617 1785 Criscio

204 1827 412 1902 Amalfitano
429 1827 617 1900 camerario
634 1826 783 1921 Aprutii.
1431 1918 1438 1930 Ι

254 1952 390 2024 Similes
407 1951 544 2046 scripsit
559 1950 725 2022 lliccardo
741 1950 787 2023 de
805 1949 1057 2025 Montelusculo
1070 1951 1256 2044 justitiario
1269 1952 1460 2047 Capitinate
1475 1963 1515 2027 ut
1532 1959 1616 2030 assi·

204 2086 288 2170 guet
306 2075 507 2149 Menandro
524 2073 595 2149 filio
613 2075 765 2148 Honrici.

252 2199 390 2272 Similes
414 2199 549 2294 scripsit
566 2197 736 2270 landulfo
757 2199 804 2273 de
827 2199 960 2274 Franco
981 2201 1163 2294 justitiario
1192 2211 1281 2274 terre
1304 2203 1382 2275 Bari
1404 2211 1443 2274 ut
1468 2203 1619 2297 assignet

204 2321 407 2396 Alexandro
418 2320 491 2394 lilio
507 2321 656 2393 Henrici.

255 2445 392 2518 Similes
404 2445 540 2541 scripsit
552 2444 693 2519 Andree
711 2445 757 2519 de
764 2443 949 2542 Aquaviva
961 2446 1145 2540 justitiario
1156 2456 1245 2522 terre
1260 2448 1403 2536 ldronti,
1419 2458 1458 2522 ut
1469 2450 1618 2544 assignet

203 2566 406 2642 Alexandro
422 2568 493 2642 filio
508 2569 658 2642 Honrici.

415 2877 713 2892 *amne—-
721 2877 1400 2891 amm-*n*-

260 3149 437 3234 Mandata
455 3147 559 3232 uaria
583 3150 656 3231 sub
675 3145 866 3257 encyclica
891 3145 1015 3228 forma
1041 3145 1090 3228 de
1115 3146 1364 3255 procurandis
1386 3147 1552 3232 ecclesiis
1577 3152 1616 3234 in
1677 3156 1789 3262 ¹¹3²?

206 3305 326 3392 regno
356 3281 504 3364 Siciliae
537 3280 761 3364 vacantibus
788 3305 858 3389 per
887 3278 1030 3387 probos
1061 3287 1098 3361 et
1127 3277 1258 3362 fideles
1291 3279 1392 3362 viros
1418 3281 1485 3391 qui
1514 3281 1616 3366 bona
1648 3259 1817 3360 ‘lottlll’

207 3439 339 3497 aarum
358 3413 525 3496 studiosa
543 3437 748 3521 procurare
765 3410 941 3494 debeant.

289 3611 415 3694 (licque.
430 3614 534 3692 imper.
551 3609 638 3672 Frcd.
654 3611 695 3690 11,
714 3611 767 3672 iol.
785 3620 821 3671 to
840 3627 941 3685 varam
954 3611 986 3670 ln
998 3609 1071 3672 edit.
1085 3609 1223 3686 Cmcan„
1237 3627 1268 3688 p.
1284 3611 1369 3690 ale.)

254 3787 396 3882 Scripsit
412 3789 451 3860 G.
474 3787 513 3858 dc
530 3787 686 3858 Guscratio
707 3785 747 3856 dc
764 3785 928 3878 superiori
944 3783 1103 3856 mandato
1121 3812 1133 3854 :

254 3913 468 4001 Fredericus,
483 3921 566 4003 etc,
582 3911 733 3984 Obberto
750 3908 1012 3982 Fallamonacho
1028 3916 1158 3980 secreto
1174 3908 1345 3980 Panormi.
1362 3910 1455 3985 Licet
1469 3935 1613 4010 regnum

207 4035 252 4109 ds
270 4057 376 4108 manu
390 4035 526 4108 Domini
541 4034 660 4107 datum
684 4031 758 4132 [sit]
775 4033 890 4120 nobis,
913 4040 996 4104 tuno
1012 4051 1094 4103 vere
1112 4031 1148 4102 in
1170 4030 1325 4124 ejusdem
1346 4033 1516 4128 largitoris
1537 4041 1613 4136 pie·

207 4167 310 4232 tatem
326 4179 529 4231 exercemus
547 4179 626 4229 eum
648 4159 724 4229 loca
741 4155 870 4230 divinis
890 4154 1038 4227 servitiis
1061 4153 1224 4250 deputata
1245 4165 1280 4228 et
1299 4159 1461 4232 ecclesias
1487 4163 1614 4256 quibus

206 4303 331 4356 nomen
359 4281 420 4353 Dei
446 4279 608 4354 laudatur
627 4289 663 4351 et
680 4280 818 4370 colitur,
849 4277 1035 4350 devotione
1063 4277 1181 4350 debita
1203 4291 1426 4374 venerantes,
1450 4285 1543 4379 piam
1571 4287 1615 4362 de

205 4405 359 4499 ipsarum
384 4403 553 4496 regimine
576 4404 823 4498 protectionem
846 4401 1035 4490 habemus,
1061 4410 1095 4472 st
1121 4410 1285 4496 tanquam
1314 4405 1431 4476 statuti
1453 4428 1570 4480 earum
1594 4433 1615 4483 a

205 4527 352 4600 Domino
366 4536 573 4622 protectores
585 4527 767 4621 diligenter
782 4524 994 4597 intendimus
1004 4533 1039 4596 et
1050 4524 1195 4620 provide
1209 4525 1417 4600 meditamur
1429 4551 1473 4602 ne
1485 4533 1617 4625 possint

206 4650 388 4747 patrocinii
407 4651 566 4745 neglectu
591 4649 714 4723 collabi
731 4649 798 4722 sub
822 4649 909 4722 tanti
926 4648 1116 4723 adversarii
1139 4660 1277 4725 conatu.
1295 4650 1351 4726 Ad
1377 4652 1441 4726 hec
1464 4655 1617 4732 veridica
