4242 5904
204 647 303 706 innam.
323 645 384 720 ll.]
654 643 853 706 HISTORIA
878 639 1171 702 uiruoiinricn
1562 639 1621 698 185

206 779 302 851 mitia
320 777 492 852 debitores
509 779 569 872 qni
589 789 746 851 tenemur
761 801 823 873 pre
840 779 962 850 ceteris
978 785 1186 867 exaugusto
1201 773 1294 847 sedis
1312 772 1428 846 debito
1449 773 1620 846 universis

207 903 330 976 adesse
352 903 400 976 ed
412 901 645 976 enervandam
660 903 857 998 superbiam
882 901 1100 994 iniquorum,
1118 909 1154 972 ei
1170 897 1272 972 vobis
1291 901 1456 992 tanquam
1474 897 1569 972 affini
1586 905 1621 970 et

207 1028 319 1102 amico
333 1037 450 1100 nostro
465 1027 659 1122 specialiter
672 1024 719 1098 ad
731 1040 867 1098 omnem
881 1024 1023 1118 gratiam
1038 1032 1072 1094 ei
1089 1023 1274 1094 bonorem.¹

446 1353 923 1367 monac-...-
931 1349 1196 1363 -o-un--a—-o--n
1202 1347 1385 1361 omno-0⁴

262 1631 495 1742 Fridericus,
527 1633 787 1716 Romanorum
823 1631 1047 1740 imperator,
1080 1629 1268 1739 Sigefrido
1297 1627 1518 1738 Magantino
1548 1655 1620 1710 ar·
1738 1667 1775 1700 re·

210 1763 448 1873 obiepisoopo
471 1767 624 1872 suadet,
649 1775 853 1874 postquam
876 1763 1021 1846 bellum
1044 1763 1147 1871 quod
1172 1761 1302 1846 Ottoni
1329 1761 1418 1842 duci
1443 1759 1622 1842 bavariae

210 1897 339 1978 comiti
356 1898 525 2006 palatino
542 1897 665 1980 Rheni
687 1922 757 2005 pro
780 1895 932 1978 abbatia
956 1895 1004 1976 de
1023 1894 1199 1976 Laurissa
1221 1893 1349 1976 intulit
1371 1892 1443 2002 ipsi
1466 1893 1621 1975 archie-

210 2028 366 2137 piscopo
395 2029 496 2111 male
537 2029 760 2112 successerit
788 2031 865 2135 (i),
895 2038 938 2109 ut
964 2039 1140 2138 treugam
1170 2052 1293 2135 usque
1325 2026 1373 2108 ad
1404 2025 1622 2134 proximum

210 2161 317 2244 Beati
334 2163 516 2244 lobannis
538 2161 678 2245 festum
702 2163 836 2244 initam
859 2161 1017 2244 ulterius
1035 2173 1231 2272 proroget,
1254 2163 1375 2244 donec
1393 2161 1488 2270 quid
1510 2187 1624 2270 super

210 2295 285 2377 hoc
302 2295 508 2378 decreverit
526 2305 660 2377 notum
679 2296 712 2378 ei
737 2295 879 2377 fecerit.
903 2294 1023 2376 Suum
1043 2320 1135 2405 erga
1154 2294 1480 2404 archiepiscopum
1497 2294 1622 2402 perti-

210 2453 347 2510 nacem
365 2426 540 2511 affectum
561 2427 745 2511 relatibus
769 2427 1071 2510 adversariorum
1096 2427 1178 2536 ejus
1197 2426 1355 2510 minime
1377 2425 1495 2510 fuisse
1520 2453 1622 2510 eon-

210 2587 370 2644 cussum
386 2571 565 2668 testetur,
590 2587 750 2644 monens
769 2586 809 2644 se
831 2559 1025 2643 nobilibus
1052 2560 1100 2642 de
1118 2559 1359 2666 Hohenlocb‚
1379 2559 1428 2642 de
1444 2559 1623 2643 Winter-

212 2702 350 2776 stetten
386 2705 424 2777 et
458 2695 507 2776 de
551 2693 799 2776 Schmideielt
837 2691 1073 2777 commisisse
1109 2703 1152 2774 ut
1187 2692 1298 2802 juxta
1339 2719 1410 2774 sua
1444 2693 1625 2776 mandata
1690 2683 1692 2690 ’

212 2827 409 2936 negotium
427 2837 590 2910 tractare
616 2837 833 2936 procurent.
855 2828 1026 2936 Denique
1045 2825 1372 2937 archiepiscopum
1392 2836 1503 2935 rogat
1520 2828 1625 2935 quod

212 2959 370 3042 militiae
403 2959 658 3042 Tbeutonicae
688 2958 943 3068 expediendae
973 2958 1119 3066 faveat,
1147 2985 1267 3068 quum
1299 2959 1380 3066 ipse
1416 2959 1456 3040 in
1485 2969 1626 3042 aestate

215 3093 389 3197 proxima
405 3105 538 3176 contra
555 3091 791 3174 bombardos
809 3099 981 3200 potentm
997 3093 1200 3199 pmcedere
1218 3101 1417 3200 proponat.

295 3290 470 3370 (Memorat.
486 3291 837 3372 ep.Bornunn‚1iequt.
854 3291 968 3370 imper„
986 3291 1209 3352 unainreihbare
1225 3290 1347 3369 Stireire,
1362 3307 1394 3368 p.
1410 3289 1572 3366 LXXXIV,
1588 3308 1626 3352 ex

333 3399 419 3473 copie
442 3397 572 3474 quedem
595 3399 750 3458 recentiori
772 3405 802 3457 et
823 3400 985 3457 incorrecta
1006 3414 1096 3474 quam
1116 3399 1173 3474 ipsi
1196 3397 1291 3458 bonae
1316 3399 1474 3458 memoriae
1501 3397 1625 3486 Dabiins

335 3501 484 3580 quondam
498 3505 737 3564 communicarit.
752 3503 847 3564 Notae
858 3503 1082 3580 ebronoiogieaa
1095 3501 1324 3582 desiderantur.)

463 3813 528 3823 unu-n.-
539 3815 546 3823 ι
563 3813 575 3823 ι
595 3814 1383 3825 --ι--οοοα--ι-..ι-ι-σ--ι--σ---ο-ο---ι-ο-ῌ

268 4115 501 4223 Fl'ldssi'iciis,
534 4115 794 4200 Romanorum
829 4115 1052 4226 imperator,
1090 4116 1250 4200 beatrici
1282 4118 1419 4202 viduae
1451 4119 1626 4204 Andreae
1742 4174 1757 4206 u

216 4247 439 4331 Viennensis
459 4259 496 4332 et
518 4247 690 4333 Albonae
715 4249 865 4333 comitis
891 4259 929 4332 et
956 4249 1120 4360 Guigoni
1139 4250 1268 4334 comiti
1295 4254 1519 4336 eorumdem
1546 4253 1625 4337 filio
1694 4225 1772 4312 ‘ri‘
1801 4247 1810 4272 ’

253 4547 289 4622 (i)
309 4568 323 4602 e
337 4547 558 4623 Archiepiscopus
571 4549 740 4621 binguciinus
752 4565 803 4625 pro
821 4549 928 4608 abbatia
940 4549 974 4608 de
987 4549 1110 4608 laurissa
1122 4557 1215 4608 contm
1231 4552 1328 4609 ducem
1340 4553 1480 4611 bawariae
1497 4553 1624 4614 Ottonem

219 4644 264 4715 qni
278 4660 327 4717 per
338 4661 451 4702 uxorem
464 4659 540 4702 suam
553 4651 611 4702 erat
621 4661 734 4717 magnus
744 4661 835 4704 comes
847 4646 882 4704 de
895 4647 997 4717 Rheno,
1008 4663 1133 4719 guerram
1146 4647 1272 4719 babebat,
1286 4653 1313 4704 et
1323 4651 1485 4722 expugnavit
1496 4651 1623 4725 oppidum

220 4740 374 4800 Waiebnse.
388 4741 528 4799 »niteric
541 4743 638 4799 ibium
648 4741 779 4800 Fontium
792 4743 924 4814 ebrunio,
937 4743 971 4800 ad
983 4759 1047 4800 ann.
1062 4747 1143 4801 ines,

297 4841 337 4904 V.
1425 4854 1463 4906 ri
