4350 5922
516 586 557 647 62
1015 593 1230 658 Flllllllllllll
1255 596 1431 658 sucuuut
1741 599 1822 684 [llum
1840 601 1926 664 1237,

564 724 603 795 ln
623 725 760 798 nomine
781 735 899 800 sancte
919 735 955 798 et
973 727 1158 805 individue
1175 731 1361 805 Trinitatis.
1380 731 1574 806 Fridericns
1591 733 1785 828 secundus,
1807 736 1929 812 divine

516 849 653 922 favente
670 851 850 923 clementia
867 853 1097 926 Romanorum
1124 855 1309 952 imperator
1326 879 1460 952 semper
1477 867 1663 951 augustus,
1683 861 1874 934 Jerusalem
1890 875 1927 936 et

514 973 628 1045 Sicilie
643 996 719 1046 rex.
739 974 795 1048 td
815 977 959 1048 Romani
983 977 1091 1051 decus
1112 979 1246 1074 imperii
1269 981 1430 1076 provenit
1449 991 1485 1054 et
1509 984 1699 1075 augustalis
1721 985 1833 1078 exigit
1853 987 1929 1059 olli·

513 1097 605 1170 cium
624 1099 802 1189 dignitatis
823 1111 863 1172 nt
881 1103 1115 1194 subjectorum
1138 1105 1243 1176 statui
1273 1105 1424 1198 benigne
1452 1106 1665 1202 prospiciens
1690 1109 1784 1203 ipsos
1803 1133 1824 1183 a
1840 1112 1927 1204 jugo

513 1224 781 1318 deprimentium
803 1236 919 1318 cruat,
945 1229 1149 1322 approbatas
1173 1230 1444 1302 consuetudines
1465 1241 1499 1303 et
1523 1253 1640 1304 eorum
1654 1233 1735 1325 jura
1763 1244 1930 1310 restauret

512 1367 554 1420 ac
573 1371 616 1421 aa
635 1371 705 1443 que
727 1353 799 1422 suis
822 1351 961 1445 provisa
989 1363 1070 1424 sunt
1099 1352 1290 1426 commodis
1317 1364 1546 1448 prosequatur
1567 1366 1602 1429 et
1623 1357 1791 1452 approbet
1819 1361 1927 1454 gratia

511 1474 674 1565 generali.
693 1475 780 1546 Hinc
804 1486 856 1548 est
880 1475 985 1567 igitur
1004 1477 1100 1570 qnod
1122 1479 1288 1572 presentis
1314 1479 1488 1573 privilegii
1515 1481 1604 1552 serie
1628 1491 1747 1554 notnm
1771 1482 1845 1556 lieri
1863 1507 1926 1558 vo·

511 1598 627 1670 lumns
644 1597 818 1672 modernis
838 1621 880 1672 ac
899 1600 1044 1695 posteris
1062 1601 1235 1673 universis
1253 1603 1389 1697 imperii
1410 1601 1570 1676 fidelibus
1588 1605 1784 1700 quodcum
1806 1608 1927 1680 minis·

509 1723 646 1794 terialss
660 1734 694 1794 et
710 1724 1015 1818 comprovinciales
1030 1725 1142 1820 Styrie
1159 1725 1280 1798 lideles
1296 1728 1402 1798 nostri
1417 1727 1613 1800 celsitudini
1627 1739 1742 1803 nostre
1753 1730 1927 1804 humiliter

510 1847 736 1942 supplicarint
752 1858 791 1918 ut
808 1867 867 1919 eos
889 1849 926 1918 in
951 1857 1100 1920 nostram
1119 1858 1154 1921 et
1170 1850 1305 1944 imperii
1330 1851 1494 1924 ditionem
1519 1861 1685 1948 perpetuo
1708 1853 1861 1950 recipere
1886 1877 1927 1928 ac

510 1981 627 2045 tenere
650 1973 805 2065 nullique
825 1971 883 2042 alii
903 1971 1091 2045 concedere
1112 1995 1244 2044 necnon
1264 1975 1343 2066 jura
1370 1985 1405 2046 et
1427 1976 1698 2050 consuetudines
1716 1979 1925 2073 approbatas

509 2119 580 2191 qne
604 2119 664 2190 per
686 2095 887 2167 Ottocarum
905 2097 1018 2192 Styria
1040 2107 1075 2168 et
1102 2118 1166 2191 per
1180 2097 1393 2193 leopoldum
1415 2098 1553 2173 Austris
1580 2099 1690 2174 duces
1717 2123 1765 2174 ex
1788 2101 1924 2174 illorum

507 2221 698 2316 privilegiis
713 2221 903 2294 obtinuisse
919 2229 1125 2312 noscuntur,
1147 2222 1253 2294 nostri
1270 2234 1518 2318 prosequentes
1532 2225 1782 2320 approbatione
1797 2227 1925 2299 laveris

508 2347 553 2419 de
573 2356 689 2418 nostra
711 2343 914 2418 confirmare
932 2346 1043 2440 gratia
1060 2345 1302 2436 dignaremur3
1324 2367 1456 2440 nosque
1480 2348 1694 2420 attendentes
1720 2349 1923 2421 immensam

509 2471 613 2562 tidem
640 2483 674 2545 et
703 2472 922 2544 devotionem
953 2475 1122 2545 sincerem
1152 2473 1281 2567 quibus
1314 2473 1554 2546 ministeriales
1589 2473 1699 2569 Styrie
1732 2474 1923 2571 supradicti

505 2599 630 2691 jugum
657 2595 889 2692 oppressionis
914 2606 948 2667 et
976 2595 1142 2688 injustitie
1168 2596 1375 2670 declinando
1402 2597 1499 2692 quod
1529 2597 1741 2688 maiestatem
1771 2608 1922 2670 nostram

507 2733 542 2798 et
558 2721 694 2817 imperii
713 2720 898 2792 enormiter
915 2719 1130 2810 offendebat,
1151 2731 1305 2793 nostrum
1324 2730 1358 2794 et
1377 2721 1511 2817 imperii
1528 2721 1662 2813 justum
1680 2731 1715 2792 et
1733 2721 1837 2794 dulce
1856 2721 1924 2794 do·

507 2849 654 2922 minium
671 2855 751 2917 sunt
768 2844 947 2917 affectibus
967 2845 1044 2916 totis
1060 2845 1230 2939 amplexi;
1249 2846 1431 2918 universos
1447 2853 1482 2918 et
1499 2845 1653 2938 singulos
1671 2852 1742 2916 tam
1764 2845 1924 2918 ministe-

507 2975 609 3046 riales
630 2992 735 3065 quam
758 2978 888 3042 ceteros
912 2969 949 3040 in
973 2969 1096 3041 eodem
1124 2969 1253 3042 ducatu
1279 2969 1389 3064 Styrie
1415 2970 1616 3042 constitutos
1640 2968 1761 3043 lideles
1788 2979 1923 3044 nostros

507 3099 572 3171 sub
591 3107 739 3168 nostram
759 3103 793 3166 et
809 3093 944 3189 imperii
959 3093 1152 3187 recepimus
1169 3092 1356 3184 ditionem,
1379 3103 1503 3165 utnon
1523 3093 1588 3164 nisi
1609 3115 1630 3164 a
1650 3093 1749 3166 nobis
1766 3094 1922 3190 impara-

506 3223 638 3296 toribus
666 3228 701 3291 et
733 3219 873 3310 regibus
898 3218 1154 3290 successoribus
1183 3219 1309 3290 nostris
1334 3228 1499 3313 perpetuo
1524 3226 1717 3290 teneantur.
1743 3218 1779 3290 Si
1804 3227 1919 3291 autem

505 3345 739 3442 predictorum
770 3341 1045 3414 ministerialium
1074 3342 1184 3437 Styrie
1207 3342 1405 3432 favorabilis
1430 3342 1592 3414 instantia
1621 3351 1769 3414 nostram
1795 3343 1921 3436 provi-

507 3470 659 3543 dentiam
683 3466 872 3563 pulsaverit
898 3475 938 3536 ut
962 3465 1110 3538 eundem
1137 3465 1301 3538 ducatum
1327 3467 1372 3540 de
1396 3467 1556 3538 manibus
1581 3467 1704 3538 nostris
1728 3475 1763 3538 et
1784 3467 1920 3560 imperii

505 3595 609 3666 alicui
625 3594 816 3688 principum
842 3612 946 3684 quem
972 3600 1086 3662 nostra
1106 3590 1235 3662 viderit
1251 3590 1395 3684 dignum
1420 3590 1465 3662 ad
1486 3591 1551 3662 boc
1576 3589 1788 3678 sublimitas,
1809 3591 1919 3684 porri·

504 3739 642 3814 gamus,
661 3739 730 3790 non
745 3715 892 3812 principi
904 3714 1054 3802 Austris,
1067 3723 1106 3784 ut
1119 3715 1285 3786 hactenus
1300 3715 1364 3786 luit
1379 3724 1597 3802 consuetum,
1614 3715 1674 3808 qui
1689 3735 1751 3808 pro
1767 3725 1919 3808 tempore

504 3844 588 3930 luit,
616 3841 678 3915 sed
708 3840 900 3936 specialiter
928 3838 1068 3934 speciali
1102 3839 1249 3932 principi
1274 3839 1424 3912 eundem
1456 3839 1621 3910 ducatum
1645 3839 1758 3934 styrie
1789 3839 1918 3934 porrigi

502 3967 731 4064 promittimus
746 3985 806 4060 per
821 3985 885 4036 nos
901 3963 958 4036 vel
975 3971 1108 4036 nostros
1124 3983 1339 4036 successores
1357 3963 1579 4058 imperatores
1596 3964 1672 4036 siva
1688 3984 1807 4057 reges,
1827 3963 1917 4036 hanc

501 4090 756 4189 prerogativam
779 4097 893 4160 nostre
920 4087 1080 4183 specialis
1103 4087 1212 4180 gratie
1235 4085 1337 4160 dictis
1365 4086 1644 4158 ministerialibus
1671 4107 1735 4181 pro
1760 4087 1913 4182 ipserum

500 4217 624 4292 merito
648 4213 787 4309 speciali
809 4235 871 4308 per
893 4233 956 4286 nos
981 4213 1105 4286 lectam
1132 4211 1237 4304 hujus
1263 4213 1371 4284 nostri
1392 4211 1564 4306 privilegii
1589 4211 1791 4284 auctoritate
1812 4211 1916 4284 beni-

500 4342 604 4438 gnius
621 4338 873 4412 confirmantes.
903 4336 1152 4410 confirmamus
1178 4337 1319 4431 insuper
1344 4337 1394 4409 eis
1421 4357 1541 4409 omnes
1562 4336 1830 4408 consuetudines
1852 4357 1914 4431 ap·

499 4467 660 4563 probatas
684 4475 719 4539 et
743 4467 823 4558 jura
847 4485 918 4560 que
941 4462 1086 4558 predicti
1107 4461 1284 4556 quondam
1311 4461 1494 4534 Ottolrarus
1517 4461 1630 4556 Styrie
1658 4469 1692 4533 et
1718 4460 1913 4556 leopoldus

499 4593 635 4665 Austris
653 4602 687 4666 et
700 4591 811 4687 Styrie
826 4589 934 4662 duces
950 4589 1033 4683 ipsis
1046 4587 1231 4660 liberaliter
1247 4587 1508 4678 confirmarunt,
1530 4596 1632 4680 prout
1648 4586 1684 4656 in
1703 4607 1823 4658 eorum
1841 4585 1911 4678 pri·

498 4717 635 4812 vilegiis
652 4716 886 4806 continentur,
906 4734 975 4809 qne
992 4711 1137 4808 propriis
1161 4710 1320 4806 capitulis
1338 4709 1505 4784 duximus
1523 4708 1752 4804 exprimenda
1773 4735 1783 4780 :
1805 4707 1911 4781 vide·
