4246 5906
239 604 338 664 burcr.
358 599 420 676 la]
688 597 885 658 HISTORIA
911 594 1203 658 olebounxlctl.
1591 591 1649 654 581

241 734 443 806 auctoritate
463 733 674 828 presentium
695 732 862 823 debeatis,
879 731 1049 828 recepturi
1067 732 1112 804 eb
1131 751 1172 804 eo
1186 738 1221 802 et
1241 728 1408 802 ordinatis
1421 728 1495 800 suis
1508 738 1543 800 et
1559 749 1651 798 nun·

241 855 297 926 tiis
316 855 361 928 ad
386 861 534 928 vestram
553 855 723 928 cautelam
742 855 913 949 apodixas
933 856 1006 928 suis
1032 865 1146 928 emen
1171 852 1293 948 sigillis
1318 851 1483 946 munitas.¹
1504 849 1561 922 Ad
1585 850 1652 922 boc

241 999 321 1050 cum
340 977 434 1050 idem
452 978 652 1049 ammiratus
673 986 708 1048 et
725 975 873 1049 ordinati
896 977 951 1049 sui
968 976 1014 1050 de
1033 978 1181 1072 pecunia
1201 984 1236 1048 et
1252 975 1356 1046 rebus
1376 972 1452 1045 aliis
1475 972 1597 1044 solutis
1617 980 1652 1044 et

240 1100 415 1174 solvendis
431 1123 494 1196 per
509 1122 568 1174 eos
585 1121 646 1194 pro
663 1100 755 1173 dicta
774 1109 905 1172 armata
926 1110 960 1174 et
975 1101 1121 1195 negotiis
1138 1100 1228 1189 aliis,
1249 1111 1386 1195 propter
1402 1101 1651 1195 perplexitates

240 1225 424 1296 multorum
445 1223 681 1316 negotiorum,
698 1223 851 1318 recipere
866 1225 1088 1318 nequiverint
1102 1225 1291 1319 apodixas,
1313 1223 1474 1295 volumus
1492 1232 1526 1294 et
1549 1244 1649 1317 man·

240 1346 365 1420 damus
385 1347 481 1440 quod
503 1347 596 1420 idem
617 1347 819 1430 ammiratus
835 1345 879 1418 de
902 1346 1053 1441 pecunia
1080 1355 1115 1418 et
1138 1347 1242 1420 rebus
1263 1346 1339 1418 aliis
1364 1367 1451 1440 quas
1471 1367 1533 1442 per
1557 1367 1596 1417 se
1617 1355 1651 1418 et

239 1469 415 1542 ordinatos
429 1490 510 1541 suos
526 1471 691 1564 receperit
704 1479 739 1542 et
757 1469 918 1561 solverit,
936 1479 1041 1564 ponat
1054 1479 1168 1542 nostre
1181 1469 1277 1542 curie
1297 1489 1357 1562 per
1370 1477 1556 1562 quaternos
1574 1477 1650 1538 ten-

239 1591 417 1664 tummodo
437 1591 574 1664 finalem
597 1602 633 1664 et
651 1589 803 1666 debitam
825 1593 991 1664 rationem
1010 1591 1073 1690 (a),
1094 1601 1129 1664 et
1144 1592 1189 1667 de
1207 1591 1261 1664 bis
1279 1599 1388 1664 stetur
1406 1590 1487 1663 fidei
1507 1601 1650 1684 quater-

238 1736 365 1788 norum
381 1715 548 1809 ipsorum,
566 1715 814 1805 instrumentis,
834 1715 999 1809 apodixis
1014 1726 1049 1788 et
1064 1716 1207 1788 cautelis
1227 1715 1304 1786 aliis
1325 1715 1465 1787 omnino
1481 1716 1645 1788 exclusis.

236 1838 272 1908 Si
292 1839 430 1910 veroin
450 1838 678 1911 debellatione
695 1848 730 1911 et
753 1837 914 1910 conflictu
934 1838 1053 1910 extolii
1072 1838 1251 1910 rebellium
1272 1848 1308 1910 et
1329 1837 1543 1910 inimicorum
1565 1860 1648 1912 nos-

237 1970 366 2034 trorum
385 1962 600 2034 ammiratum
626 1959 783 2054 ejusdem
805 1960 925 2034 extolii
951 1981 1012 2054 per
1037 1969 1192 2032 nostrum
1216 1961 1349 2034 felicem
1375 1963 1543 2034 extolium
1572 1963 1648 2058 capi

237 2084 457 2176 contingerit,
478 2086 638 2156 volumus
659 2093 694 2156 et
716 2084 809 2158 dicto
825 2083 1005 2156 ammirato
1024 2095 1143 2156 nostro
1159 2083 1382 2156 concedimus
1402 2083 1498 2178 quod
1518 2086 1649 2157 ammi-

236 2215 350 2280 ratum
366 2207 484 2279 extolii
507 2206 687 2292 rebellium
704 2214 738 2278 et
761 2205 914 2279 bostium
940 2214 1135 2278 nostrorum
1158 2229 1237 2280 cnm
1258 2207 1420 2280 omnibus
1445 2206 1550 2280 rebus
1575 2207 1648 2280 suis

236 2330 271 2401 in
290 2330 412 2402 eodem
433 2330 562 2402 extolio
579 2328 810 2402 existentibus
829 2328 903 2400 suis
925 2328 1127 2402 utilitatibus
1146 2325 1296 2427 [babeat]
1315 2330 1573 2426 applicandum.
1599 2333 1648 2404 De

236 2453 387 2524 navibus
408 2461 442 2524 et
465 2452 539 2524 eliis
562 2472 705 2546 quoque
732 2451 893 2524 vascellis
918 2451 1095 2546 capiendis
1121 2473 1183 2547 per
1208 2453 1340 2526 dictum
1364 2463 1520 2525 nostrum
1548 2463 1647 2528 exto-

235 2575 340 2664 lium,
368 2575 461 2648 idem
481 2576 681 2648 ammiratus
701 2573 829 2648 babent
852 2583 886 2646 et
917 2574 1042 2648 babere
1068 2574 1195 2648 debeat
1220 2576 1339 2649 omnia
1364 2598 1459 2648 arma
1485 2587 1520 2648 et
1544 2578 1648 2652 rebus

235 2699 379 2770 usitatas
392 2699 507 2793 potius
523 2719 715 2794 pannorum
732 2695 795 2794 (b),
814 2719 883 2770 non
902 2699 1053 2792 integras
1069 2699 1133 2772 sed
1147 2699 1272 2772 incisas
1286 2701 1453 2773 saccarias
1470 2710 1505 2772 et
1520 2701 1648 2777 immo·

216 2820 318 2894 'bilia
338 2843 451 2894 vacua
475 2822 510 2892 in
530 2821 662 2894 eisdem
681 2821 839 2894 vascellis
863 2832 897 2894 et
919 2822 1068 2895 navibus
1086 2823 1271 2896 existentes
1294 2823 1383 2896 ultra
1401 2821 1462 2919 (c).
1485 2827 1521 2898 Si
1540 2848 1647 2902 naves

233 2953 269 3018 et
286 2947 436 3018 vascella
463 2947 538 3040 ipsa
557 2947 727 3017 frumento
749 2955 784 3018 et
801 2945 908 3018 ordeo
931 2946 1057 3020 suerint
1079 2955 1238 3038 onerata,
1259 2945 1352 3019 idem
1377 2949 1576 3022 ammiratus
1601 2949 1647 3024 de

232 3067 443 3141 victualibus
461 3068 497 3140 in
519 3068 672 3161 qualibet
690 3069 833 3140 navium
851 3077 886 3142 et
908 3070 1137 3143 vascellorum
1155 3071 1308 3165 ipsorum
1323 3070 1450 3144 babeat
1469 3094 1582 3166 nsque
1599 3073 1647 3146 ad

232 3191 387 3287 palmum
406 3212 514 3262 unum
537 3191 573 3262 in
602 3191 737 3285 paliolis
756 3192 941 3283 cujuslibet
968 3193 1069 3265 navis
1097 3204 1132 3266 et
1154 3193 1301 3265 vascella
1325 3193 1452 3286 ipsius,
1478 3217 1548 3288 que
1571 3196 1646 3270 snis

233 3313 535 3386 commoditatibus
553 3314 787 3408 acquirantur.
806 3315 937 3388 Habeat
952 3324 1103 3408 preterea
1124 3314 1216 3388 idem
1234 3316 1435 3390 ammiratus
1452 3318 1552 3390 annis
1568 3320 1645 3390 sin·

232 3436 325 3530 gulis
341 3458 362 3510 a
380 3445 495 3510 nostra
512 3437 608 3508 curia
625 3435 670 3509 de
687 3438 859 3509 frumento
873 3447 907 3510 et
923 3438 1007 3510 vino
1024 3438 1132 3532 ipsius
1151 3439 1246 3511 curie
1263 3448 1298 3510 et
1313 3439 1349 3510 in
1365 3460 1486 3512 eorum
1505 3439 1644 3516 delectu

233 3557 279 3632 de
296 3557 453 3630 emendis
468 3557 514 3630 de
529 3557 636 3630 fiscali
653 3558 800 3653 pecunia
817 3559 854 3630 in
870 3559 1046 3650 Messana,
1061 3560 1202 3655 Neapoli
1220 3569 1255 3633 et
1272 3560 1485 3651 Brundusio,
1502 3571 1586 3653 ete,
1605 3564 1644 3638 in

232 3681 389 3754 Messana
409 3682 571 3754 frumenti
596 3683 722 3754 salmas
751 3690 910 3773 centum,
937 3682 1012 3755 vini
1035 3681 1160 3756 salmas
1185 3691 1341 3774 eentum,
1365 3693 1401 3756 et
1424 3683 1461 3756 in
1488 3685 1645 3779 qnalibet

232 3805 378 3880 aliarum
404 3814 571 3896 terrarum
600 3807 752 3902 ipsarum
781 3805 924 3880 totidem
951 3807 1178 3901 quantitatem
1205 3807 1367 3880 frumenti
1394 3816 1428 3880 et
1457 3808 1549 3899 vini;
1579 3831 1644 3905 pro

233 3929 397 4022 expensis
414 3927 487 4000 suis
503 3927 548 4000 de
564 3924 713 4021 pecunia
731 3936 848 4001 nostre
862 3929 958 4002 curie
974 3929 1112 4002 unciam
1129 3927 1219 4001 nuri·
1229 3951 1335 4002 unam
1354 3929 1518 4026 ponderis
1533 3954 1641 4026 gene·

231 4049 312 4122 ralis
331 4071 393 4144 per
410 4049 517 4122 diem
540 4049 595 4121 Ad
612 4049 676 4122 bec
694 4051 856 4123 uolumus
878 4061 912 4124 et
930 4051 1138 4125 mandamus
1156 4051 1255 4144 qnod
1273 4053 1425 4148 prelatus
1442 4056 1643 4128 ammiratus

230 4170 358 4244 babeat
370 4181 404 4244 et
416 4171 544 4244 bebere
557 4173 682 4246 debeat
691 4174 808 4247 omnia
822 4195 907 4248 vasa
921 4182 1050 4248 mmate
1066 4171 1166 4269 acld)
1175 4175 1294 4248 extolli
1308 4175 1355 4248 ad
1370 4177 1639 4270 navigationem,

272 4361 313 4440 (a)
334 4362 371 4422 In
384 4365 526 4440 impresso
538 4371 713 4446 mucrore,
727 4366 817 4428 male.

272 4465 312 4545 (b)
334 4468 431 4528 Locus
444 4473 605 4532 centsslme
615 4473 746 4534 muttlus.

272 4570 311 4650 (cl
333 4571 430 4634 Locris
443 4573 540 4636 denuo
554 4577 686 4638 mutilus.

272 4674 317 4756 (d)
338 4677 373 4737 ln
387 4680 528 4754 impresso
540 4681 581 4739 r'rn
