4228 5892
195 629 299 688 reare.
317 625 381 702 rau
650 609 850 684 ursuourn
875 617 1171 705 nurnouurrcs.
1551 620 1611 681 eor

196 761 303 834 dastis
331 758 397 855 (l),
426 778 492 830 nec
518 757 693 852 paulisper
715 757 871 829 voluistis
894 756 1065 830 divertere
1095 753 1153 824 ubi
1183 762 1216 824 et
1239 753 1350 824 bonor
1381 773 1444 826 vos
1472 753 1611 826 debitus

195 884 382 978 recepisset
393 891 428 954 et
439 881 581 953 directio
589 903 657 953 non
674 881 808 975 ingrata
819 889 936 952 vestro
950 899 1153 952 successura
1163 876 1361 971 progressui
1375 876 1608 950 fecundasset.

195 1006 372 1078 Accusant
389 1003 564 1098 siqnidem
588 1025 634 1075 ex
655 1004 721 1076 hoc
737 1004 772 1075 in
790 1004 891 1076 vobis
907 1003 1068 1076 habilitas
1083 1001 1220 1095 culpam
1239 1007 1273 1070 et
1291 998 1357 1070 loci
1374 1000 1611 1094 propinquitas

194 1130 427 1217 voluntatem,
443 1127 621 1222 presertim
640 1148 720 1198 cum
737 1127 900 1198 transitus
913 1134 1027 1198 vester
1041 1146 1104 1220 per
1118 1145 1181 1195 nos
1195 1123 1259 1195 etsi
1275 1121 1375 1195 nobis
1391 1121 1437 1194 ad
1451 1123 1606 1216 gloriam,

194 1253 297 1324 vobis
314 1259 403 1322 esset
421 1243 705 1354 adcommodum
726 1251 935 1343 profuturus.
959 1237 1079 1322 Merito
1105 1246 1220 1339 itaque
1241 1267 1288 1317 ex
1306 1245 1372 1317 hoc
1398 1246 1456 1317 tali
1479 1246 1608 1342 duplici

192 1377 328 1468 jactura
342 1373 510 1461 dolemus,
523 1383 557 1444 et
569 1373 649 1446 ideo
662 1373 709 1446 ad
725 1372 978 1446 ostendendum
992 1371 1128 1466 plenius
1139 1376 1306 1462 quantum
1320 1391 1383 1442 vos
1395 1391 1464 1442 non
1478 1371 1610 1447 vidisse

197 1499 376 1592 displicuit
398 1479 637 1590 quantumque
653 1497 785 1570 vidisse
809 1495 910 1569 nobis
931 1494 1100 1566 extitisset
1116 1499 1312 1588 acceptum,
1335 1493 1451 1566 sciatis
1465 1496 1561 1588 quod
1578 1497 1607 1570 si

197 1623 295 1694 salva
313 1620 508 1712 integritate
521 1611 629 1713 'quam
646 1619 693 1692 ad
708 1641 773 1692 vos
789 1619 943 1711 gerimus
957 1617 1031 1690 lieri
1049 1617 1233 1711 potuisset,
1254 1615 1400 1688 libenter
1418 1616 1485 1690 hoc
1508 1620 1608 1692 vobis

197 1742 422 1814 traxissemus
439 1741 485 1813 ad
503 1741 639 1835 culpam
658 1749 693 1813 et
710 1741 973 1836 impegissemus
994 1738 1156 1810 libentius
1176 1736 1223 1811 ad
1243 1735 1422 1810 offensam.
1442 1741 1517 1812 Nec'
1529 1741 1608 1815 ideo

196 1865 300 1937 etiam
318 1864 516 1958 petitionem
539 1872 688 1935 vestram
709 1883 768 1958 per
786 1871 917 1935 vestras
945 1862 1073 1932 litteras
1093 1869 1320 1954 presentatum
1348 1860 1606 1938 admisissemus

196 1983 242 2056 ad
256 2004 410 2078 presens,
431 1982 497 2053 nisi
514 1992 553 2053 ut
570 2003 634 2076 per
652 2003 728 2054 eam
746 1981 881 2054 absenti
896 2002 1095 2054 concessam
1113 2001 1181 2073 que
1205 1979 1299 2074 apud
1317 1983 1425 2074 rogati
1450 1983 1607 2078 magnifi-

196 2107 344 2178 centiam
360 2125 467 2200 parva
485 2105 572 2195 luit,
587 2115 718 2177 certum
732 2105 873 2179 daretur
886 2105 1054 2176 indicium
1069 2125 1174 2196 quam
1190 2105 1292 2197 longe
1307 2106 1459 2179 maxima
1473 2109 1608 2182 fuerant

196 2230 348 2322 rogantis
374 2230 545 2323 presentie
576 2229 812 2302 concedenda.
841 2231 886 2300 Et
915 2251 996 2302 ecce
1022 2227 1117 2322 quod
1146 2228 1309 2322 petitione
1334 2229 1408 2323 ipsa
1434 2241 1606 2322 gratanter

197 2353 366 2441 admissa,
393 2352 518 2425 damus
539 2375 597 2446 per
624 2362 756 2425 nostras
780 2353 908 2424 litterae
932 2353 967 2422 in
991 2351 1164 2423 mandatis
1189 2349 1392 2424 officialibus
1421 2355 1546 2426 nostris
1570 2357 1606 2426 in

196 2499 304 2570 regno
327 2488 366 2548 ut
388 2477 569 2570 diligenter
591 2476 802 2570 adimpleant
831 2497 901 2568 qne
929 2474 1059 2569 petistis
1084 2482 1118 2544 et
1138 2472 1290 2566 alioquin
1317 2474 1419 2545 etiam
1445 2477 1545 2548 vobis
1569 2500 1606 2550 se

195 2600 341 2673 devotos
354 2609 545 2694 exponant,
563 2621 643 2671 cnm
660 2599 696 2668 in
713 2597 874 2672 omnibus
892 2607 927 2669 et
946 2597 1158 2690 ubicumque
1175 2597 1447 2689 impensionibus
1458 2613 1607 2694 ‘operum

195 2723 380 2797 ostendere
398 2723 608 2796 delectemur
630 2731 798 2815 quantum
816 2721 919 2818 nobis
936 2719 1075 2794 dilectio
1096 2729 1209 2792 vestra
1227 2719 1384 2813 persistat
1399 2723 1557 2794 amabilis
1574 2734 1609 2797 et

196 2846 346 2920 fidelitas
364 2849 513 2942 pretiosa
525 2845 591 2943 (2).
611 2847 753 2942 Propter
767 2846 864 2941 quod
882 2847 1032 2941 petimus
1047 2855 1081 2917 et
1096 2865 1257 2938 rogamus
1277 2853 1333 2933 ut,
1354 2844 1523 2939 dirigente
1540 2850 1606 2923 llo·

196 2971 292 3042 mino
312 2971 377 3042 iter
396 2979 548 3043 vestrum
569 2990 650 3040 cum
670 2991 755 3040 aura
772 2989 954 3064 prospera,
980 2967 1122 3040 eumad
1142 2966 1289 3038 reditum
1308 2979 1461 3041 vestrum
1477 2991 1610 3044 secun-

196 3093 294 3166 dabit
317 3115 456 3185 gressus
480 3101 629 3184 vestros‚
635 3145 841 3165 .......
859 3091 911 3186 (a)
931 3091 1063 3163 faciatis
1081 3091 1182 3163 nobis
1199 3100 1238 3164 nt
1254 3101 1337 3164 tunc
1354 3095 1474 3166 saltem
1492 3106 1609 3192 optata

196 3218 303 3290 vestri
317 3218 449 3291 visione
463 3217 621 3308 letemur,
633 3226 667 3288 et
680 3217 736 3287 cui
749 3237 844 3287 nunc
856 3216 1134 3308 congratulamur
1147 3235 1194 3289 ex
1207 3225 1302 3306 voto,
1315 3227 1400 3288 tunc
1413 3240 1460 3291 ex
1473 3230 1611 3314 peracto

196 3341 339 3415 feliciter
351 3363 454 3414 cursu
467 3339 541 3413 voti
560 3339 735 3434 geminata
755 3360 817 3411 nos
830 3338 932 3412 vobis
949 3338 1051 3411 iaciat
1065 3337 1173 3411 letitia
1185 3340 1405 3432 congaudere
1420 3339 1485 3439 (3).

239 3514 281 3594 (a)
304 3516 456 3590 Quaedam
469 3515 510 3576 lbl
523 3515 625 3576 deesse
637 3513 786 3575 videntur.

633 3667 762 3676 —am-n-
768 3667 1042 3676 .-.-—------—-—.----
1324 3669 1605 3682 -----——-—--‹

233 3749 269 3822 (l)
290 3751 412 3808 «Mense
428 3756 540 3823 anguto
557 3766 605 3808 rex
628 3751 768 3807 Navarrne
787 3764 848 3806 cum
868 3749 977 3822 copioso
994 3750 1236 3822 crucesignatorum
1257 3751 1376 3807 exercitu
1394 3751 1427 3808 de
1444 3751 1562 3810 Massilia
1582 3755 1611 3810 in

197 3847 310 3904 Terram
324 3847 450 3904 Sanctam
463 3847 623 3904 transfretat.
636 3866 650 3898 r
664 3847 739 3902 ltrcc.
758 3861 794 3902 na
806 3845 836 3901 S.
853 3845 959 3915 Grau„
976 3846 1115 3916 libreria,
1131 3847 1165 3903 ad
1178 3863 1241 3903 ann.
1256 3851 1335 3906 4239.

235 3943 271 4016 (2)
288 3945 395 4000 Novum
408 3943 470 4000 inde
484 3950 672 4015 argumentum
684 3942 758 4015 quod
773 3942 829 4014 regi
842 3943 980 3999 Navarrae
997 3942 1044 4014 qui
1057 3948 1086 3998 et
1100 3957 1190 4000 comes
1201 3948 1259 4000 erat
1271 3943 1446 4017 Campaniae,
1462 3945 1530 4002 baec
1543 3945 1610 4002 diri-

198 4045 279 4112 gatar
291 4039 412 4112 epistola.

232 4135 271 4208 (3)
289 4136 331 4192 bd
344 4135 396 4192 boc
408 4119 516 4210 tempus
530 4135 698 4210 reponendas
710 4151 771 4192 esse
783 4150 925 4192 censemus
940 4133 1054 4205 litteras,
1068 4135 1182 4208 alioquin
1194 4136 1272 4194 valde
1286 4141 1435 4210 suspectas,
1448 4137 1484 4196 ab
1495 4138 1609 4213 impera·

197 4235 255 4290 tore
269 4232 304 4288 ad
317 4233 461 4292 Soldanum
475 4240 503 4291 et
519 4234 577 4290 vice
589 4247 668 4290 versa
683 4233 815 4306 scriptas,
829 4247 900 4306 quae
914 4233 983 4290 inter
996 4233 1124 4307 epistolas
1136 4233 1208 4290 Petri
1221 4233 1257 4290 de
1272 4234 1377 4307 vineis,
1390 4234 1437 4292 lib.
1450 4236 1484 4306 ll,
1499 4251 1559 4311 cap.
1574 4241 1610 4294 le

195 4336 224 4386 et
240 4333 290 4401 49,
312 4337 503 4388 memorantur.
518 4331 626 4388 collatis
648 4344 720 4386 nunc
742 4329 834 4387 codice
855 4329 922 4386 bibl.
945 4329 1116 4387 llediomont.
1135 4333 1215 4401 8390,
1230 4337 1258 4388 et
1273 4331 1362 4389 codice
1380 4331 1500 4389 biblioth.
1517 4333 1607 4391 Cesar.

195 4425 294 4496 Paris,
310 4429 373 4496 tra,
388 4425 467 4500 fonds
477 4427 510 4484 S.
526 4425 788 4499 Gerania-Hortor,
801 4426 959 4500 ampliorem
972 4432 1001 4484 et
1011 4427 1219 4502 emendatiorem
1232 4433 1333 4484 textum
1344 4428 1448 4485 edimus
1461 4447 1467 4483 :

234 4522 412 4581 «Nazardino
424 4523 503 4596 (olibi
515 4523 677 4597 zepbedino)
691 4523 749 4595 regi
764 4523 977 4580 Sarracenomm
989 4523 1035 4595 qni
1047 4523 1242 4580 llnobometum
1254 4524 1359 4594 adorat,
1375 4523 1546 4595 Frederlcus,
1560 4525 1608 4582 Dei

196 4618 282 4690 matie
296 4617 477 4676 Romanorum
497 4619 641 4692 imperator
659 4634 767 4692 semper
782 4625 929 4690 augustus,
944 4619 1095 4676 Jerusalem
1114 4626 1142 4676 et
1158 4620 1247 4678 Sicilie
1260 4637 1318 4676 rex.
1336 4621 1501 4678 sublimatus
1516 4621 1544 4677 in
1560 4635 1609 4678 re·

197 4715 277 4785 gibus
291 4721 318 4772 et
331 4714 495 4788 principibus
507 4722 588 4787 terre,
604 4716 632 4772 in
644 4713 781 4772 thesauris
795 4715 863 4772 meis
875 4720 904 4772 et
923 4715 951 4771 in
965 4716 1121 4774 excellentia
1135 4717 1282 4790 majestatis
1294 4733 1353 4775 mea
1371 4733 1424 4775 non
1437 4717 1545 4791 glorior,
1559 4717 1609 4774 sed
