4242 5904
232 578 329 642 rme.
347 579 407 664 rr]
658 557 854 640 ars'roara
878 579 1171 643 nrrnouartca
1586 574 1644 637 roa

281 716 320 788 ln
335 716 474 789 uomina
489 723 607 788 sancte
621 723 657 788 ct
678 714 862 788 individue
879 716 1065 788 Trinitatis.
1093 713 1289 788 Fridaricus
1311 711 1503 802 secundus,
1521 711 1643 788 divina

233 840 371 913 favente
392 838 573 912 clementia
604 839 833 912 Romanorum
861 841 1044 936 imperator
1070 859 1207 933 semper
1232 847 1423 928 augustus,
1455 837 1642 910 Jerusalem

232 967 267 1034 at
288 961 405 1034 Sicilie
427 981 505 1034 rex.
533 959 721 1055 lmperialis
747 963 951 1035 excellentia
974 973 1057 1034 tunc
1080 961 1246 1057 precipue
1271 961 1325 1032 sui
1339 957 1500 1032 nominis
1526 958 1643 1032 titulos

231 1085 405 1180 ampliat,
424 1093 507 1156 tunc
534 1084 685 1156 officium
712 1085 768 1156 sui
796 1084 906 1158 debiti
936 1085 1052 1158 reddit
1082 1108 1161 1158 cum
1187 1086 1303 1157 leuore
1335 1086 1406 1156 Deo
1431 1083 1534 1172 vivo,
1562 1105 1643 1155 cum

232 1206 308 1298 ejus
323 1208 450 1280 intuitu
468 1229 648 1304 perquem
664 1221 778 1302 preest
791 1209 1003 1304 principibus
1019 1209 1113 1282 orbis
1128 1219 1216 1282 terre
1224 1208 1285 1282 Dei
1300 1207 1461 1280 ecclesias
1478 1215 1513 1279 et
1527 1208 1644 1280 ecclo-

233 1331 390 1404 siasticas
406 1353 571 1428 personas
589 1331 648 1425 pio
662 1332 781 1404 lavore
799 1341 913 1404 tuetur
926 1341 959 1405 et
974 1333 1121 1428 inclytas
1135 1353 1254 1404 earum
1273 1331 1454 1426 petitiones
1471 1329 1644 1404 lavorabi-

233 1455 312 1529 liter
330 1454 486 1528 exaudit.
506 1457 694 1552 llapropter
716 1465 835 1528 notum
857 1455 930 1529 lieri
954 1457 1115 1528 volumus
1138 1455 1308 1528 universis
1329 1455 1461 1550 imperii
1484 1453 1645 1527 fidelibus

234 1591 305 1652 tam
322 1581 540 1675 presentibus
552 1603 659 1675 quam
674 1581 797 1652 suturis
809 1579 907 1674 quod
924 1581 1092 1652 liebertus
1109 1579 1314 1652 venerabilis
1329 1577 1553 1673 Vapinoensis
1568 1577 1644 1672 epi·

234 1725 374 1800 scopus,
389 1703 537 1777 dilectus
553 1703 667 1776 fidelis
681 1714 809 1795 noster,
824 1703 1046 1799 privilegium
1063 1701 1239 1796 quondam
1255 1701 1329 1775 divi
1347 1703 1485 1793 angusti
1498 1703 1646 1796 impera·

234 1828 319 1900 toris
341 1828 412 1900 avi·
426 1827 535 1900 nostri
553 1828 715 1900 memorie
731 1827 912 1900 recolende
931 1828 991 1896 W⁰
1008 1827 1214 1922 Vapincensi
1235 1827 1396 1921 episcopo
1412 1825 1644 1920 predecessori

236 1972 301 2024 suo
315 1953 504 2024 clementer
520 1950 693 2024 indultum
708 1959 824 2024 nostro
846 1950 989 2023 culmini
1008 1949 1236 2046 presentavit,
1256 1949 1430 2020 humiliter
1448 1949 1646 2044 supplicans

236 2083 277 2144 ut
297 2073 413 2170 ipsum
440 2073 625 2164 innovare,
646 2074 797 2168 quedam
822 2076 925 2148 etiam
949 2076 1042 2149 bone
1069 2097 1133 2148 sna
1152 2085 1187 2148 et
1209 2076 1353 2148 ecclesie
1376 2095 1440 2146 sue
1465 2075 1647 2170 privilegio

237 2205 354 2270 nostro
377 2197 503 2272 inserta
522 2221 585 2295 per
605 2199 722 2271 omnia
739 2198 943 2272 confirmare
965 2199 1011 2272 de
1033 2209 1149 2274 nostra
1171 2199 1280 2294 gratia
1306 2197 1542 2292 dignaremur.
1566 2199 1648 2272 Pre-

237 2319 322 2393 dicti
337 2341 422 2393 vero
437 2321 609 2418 privilegii
625 2343 687 2417 per
704 2323 821 2396 omnia
840 2331 936 2394 tenor
955 2323 1031 2394 talis
1048 2331 1125 2395 est:

287 2445 327 2516 lu
352 2445 493 2518 nomine
512 2455 629 2518 sancta
651 2456 691 2520 et
712 2445 894 2519 individue
918 2447 1106 2520 Trinitatis.
1127 2445 1347 2536 Fredaricus,
1367 2446 1488 2520 divina
1510 2447 1648 2519 lavante

237 2569 418 2641 clementia
434 2569 664 2642 Romanomm
688 2570 873 2666 imperator
893 2581 1075 2662 augustus.
1097 2570 1318 2666 imperatorie
1339 2569 1526 2662 mejestatis
1549 2569 1649 2642 beni·

237 2691 369 2786 gnitas,
388 2691 479 2764 sicut
497 2693 660 2766 ecclesias
677 2693 738 2767 Dei
757 2693 867 2766 libera
883 2693 1120 2767 munificentie
1137 2693 1306 2766 consolari
1324 2702 1360 2765 et
1376 2693 1545 2766 honorare
1564 2715 1648 2766 con·

237 2815 364 2906 suevit,
383 2815 430 2888 ita
445 2816 597 2910 quedam
613 2817 763 2912 illisque
777 2817 885 2890 sivea
901 2817 995 2890 divis
1011 2817 1274 2913 imperatoribus
1288 2817 1362 2890 siva
1381 2818 1425 2890 ab
1439 2817 1515 2890 aliis
1528 2816 1649 2889 Christi

238 2937 402 3011 fidelibus
416 2940 509 3032 justa
525 2942 647 3014 collata
663 2951 744 3013 sunt
757 2951 818 3014 aut
830 2941 897 3015 alio
913 2941 1056 3036 legitimi
1072 2951 1265 3014 contractus
1279 2941 1378 3013 titulo
1392 2940 1437 3013 ad
1453 2963 1512 3014 ens
1526 2963 1649 3036 parve·

239 3061 366 3151 nerint,
382 3083 446 3134 sua
463 3063 676 3136 auctoritatis
700 3065 823 3137 robore
838 3085 907 3136 nou
931 3066 1046 3137 renuit
1066 3063 1280 3138 confirmare.
1294 3064 1349 3136 Ab
1365 3065 1600 3160 omnipotente
1619 3066 1649 3138 si

239 3185 384 3278 quidem
400 3207 523 3278 regum
544 3187 638 3280 Rege
655 3188 767 3261 meriti
786 3189 841 3260 sui
864 3191 1014 3260 lructom
1037 3197 1208 3283 expectat,
1225 3198 1259 3261 et
1276 3188 1350 3260 suis
1373 3189 1434 3280 qui
1455 3189 1512 3284 pie
1533 3189 1594 3261 det
1616 3200 1651 3262 at

239 3308 315 3380 suis
338 3309 401 3402 qui
420 3309 502 3382 data
522 3313 615 3402 justa
636 3311 826 3384 confirmat.
854 3311 1078 3385 Attendentea
1096 3312 1202 3404 igitur
1227 3311 1400 3384 serenitati
1425 3321 1540 3385 nostre
1562 3333 1651 3385 con·

240 3431 362 3505 venire
382 3443 422 3504 ut
446 3433 592 3506 ecclesia
611 3435 836 3529 vapincensis
864 3436 1100 3532 imperialibus
1127 3435 1245 3508 dotata
1269 3434 1446 3508 beneficiis
1472 3458 1551 3508 cum
1576 3457 1651 3508 om·

240 3555 345 3627 nibus
361 3555 464 3628 bonis
479 3558 553 3630 suis
568 3579 688 3630 secure
702 3569 913 3653 permaneat,
932 3569 972 3630 ut
986 3570 1102 3632 nostre
1116 3558 1384 3632 confirmationis
1399 3559 1651 3631 munimentum

242 3679 382 3775 adepta,
403 3679 529 3753 dilecto
551 3681 694 3774 quidem
709 3691 829 3754 nostro
847 3683 904 3755 W⁰
922 3683 1129 3777 vapincensi
1153 3682 1314 3776 episcopo
1337 3691 1371 3754 et
1393 3683 1651 3756 successoribus

241 3803 317 3895 ej'us
337 3804 554 3898 regaliaque
570 3806 614 3876 eb
630 3805 775 3900 imperio
791 3808 865 3900 ipsa
883 3815 976 3878 tanet
991 3806 1150 3897 ecclesia,
1170 3805 1379 3902 presidatum
1400 3806 1530 3878 scilicet
1546 3807 1652 3883 totius

241 3927 390 4000 civitatis
423 3928 649 4023 vapincensis
676 3952 757 4003 cnm
791 3931 958 4004 territorio
989 3953 1053 4004 suo
1082 3941 1118 4002 et
1143 3939 1294 4003 castrum
1325 3930 1590 4025 Raymbaudum
1617 3943 1653 4004 et

241 4051 438 4124 llabaonem
466 4073 546 4124 cum
572 4053 645 4126 suis
672 4055 879 4146 attinentiis,
897 4056 1014 4129 omnia
1039 4056 1143 4128 etiem
1172 4054 1325 4150 predicte
1353 4075 1422 4146 que
1447 4077 1540 4126 nunc
1560 4056 1653 4148 juste

243 4174 396 4268 possidet
413 4177 470 4248 vel
491 4177 527 4247 in
548 4185 723 4270 posterum
750 4179 901 4270 legitime
928 4179 1050 4273 poterit
1075 4178 1239 4272 adipisci,
1259 4177 1458 4251 auctoritate
1485 4179 1653 4273 imperiali

245 4299 337 4371 nulla
367 4299 541 4373 mediante
570 4322 718 4396 persona
749 4301 958 4397 possidenda
991 4301 1253 4388 confirmamus,
1282 4301 1472 4374 sancientes
1494 4323 1547 4374 *ne
1574 4302 1654 4396 quis

241 4422 384 4495 'omniuo
401 4431 547 4520 persona
574 4425 712 4497 humilis
736 4427 792 4498 vel
820 4426 1094 4526 altn,sacnlaris
1115 4427 1172 4498 val
1192 4425 1441 4518 ecclesiastica,
1463 4425 1654 4520 predictam

245 4545 425 4616 ecclesiam
444 4547 479 4617 in
498 4547 597 4619 bonis
622 4549 694 4622 suia
711 4570 780 4644 que
798 4550 855 4623 vel
878 4571 972 4621 nunc
995 4548 1149 4643 possidet
1168 4551 1224 4621 vel
1247 4549 1411 4645 deinceps
1429 4551 1522 4642 juste
1538 4551 1655 4644 possi-

246 4665 357 4754 debit,
389 4677 517 4742 tamere
541 4671 721 4746 molestare
750 4675 807 4745 vel
835 4673 1026 4767 inquietare
1059 4681 1246 4767 presumat.
1273 4672 1375 4757 Quod
1405 4673 1539 4767 siquis
1566 4697 1654 4748 ausu

323 4789 361 4854 V.
1478 4806 1515 4857 rs
