4350 5922
248 622 347 682 holca.
367 619 429 694 lo]
700 614 899 676 HISTORIA
925 613 1220 676 diabolinites.
1629 610 1666 672 21

297 753 445 844 Signum
460 751 591 824 domini
610 749 777 822 Friderioi
795 749 957 842 emundi,
982 750 1045 822 Dei
1070 751 1180 845 gratia
1201 749 1419 822 invictissimi
1439 749 1669 820 Romanorum

251 877 466 974 imperatoris
484 897 619 970 semper
636 875 794 968 augusti,
812 874 1002 948 lemsalem
1020 884 1054 946 et
1069 875 1185 948 Sicilie
1198 874 1289 968 regis
1307 871 1593 966 (nonoqramma).

299 1001 386 1074 Acta
417 1011 499 1073 sunt
524 1000 590 1072 bac
617 1020 710 1072 anno
745 998 919 1072 dominice
952 999 1198 1072 incarnationis
1224 998 1405 1070 millesimo
1432 995 1669 1070 ducentesimo

251 1126 423 1199 tricesimo
440 1125 604 1219 septimo,
619 1143 738 1195 mense
751 1121 931 1214 februarii,
951 1123 1086 1196 decima
1105 1123 1309 1212 indictione,
1326 1121 1517 1216 imperante
1528 1119 1669 1194 domino

251 1259 367 1324 nostro
385 1248 560 1321 Friderico
577 1246 750 1334 secunde,
770 1247 832 1319 Dei
851 1247 961 1342 gratia
975 1246 1200 1319 invictissimo
1213 1247 1445 1319 Romanorum
1464 1245 1669 1340 imperatore

250 1395 385 1468 semper
409 1379 580 1462 augusto,
604 1371 799 1444 ,Jerusalem
830 1381 865 1444 et
888 1371 1004 1444 Sicilie
1032 1392 1134 1463 rege,
1161 1393 1254 1444 anno
1278 1370 1412 1466 imperii
1442 1371 1518 1462 ejus
1544 1379 1669 1440 octavo

250 1495 404 1586 decimo,
423 1496 523 1588 regni
539 1496 726 1568 Jerusalem
741 1493 969 1584 duodecimo,
990 1495 1087 1588 regni
1102 1515 1184 1566 vero
1201 1495 1315 1566 Sicilie
1334 1495 1506 1566 tricesimo
1520 1503 1663 1582 octavo,

250 1619 403 1693 feliciter.
421 1619 545 1690 Amen.

296 1745 383 1817 Data
395 1745 563 1833 Wienne‚
578 1763 687 1832 anno,
705 1763 823 1816 mense
838 1753 872 1816 et
890 1742 1079 1818 indictione
1093 1742 1302 1840 prescriptis.

461 2077 1250 2088 ——-——.--——-—--—----------·-——--·-...m-
1255 2077 1414 2086 --------
1419 2077 1452 2087 —

299 2371 532 2482 Fridericus,
560 2374 822 2459 Romanorum
849 2376 1074 2485 imperator,
1107 2375 1156 2458 ad
1190 2375 1502 2484 supplicationem
1531 2378 1662 2462 Theo-

245 2505 362 2588 derici
385 2505 535 2589 abbatis
565 2508 614 2589 de
640 2507 877 2618 Wilbering,
900 2509 1155 2592 cisterciensis
1185 2509 1355 2617 ordinis,
1388 2512 1662 2594 monasterium
1748 2493 1784 2559 '²'
1820 2546 1827 2559 ·

244 2636 373 2746 ipsum
391 2665 480 2721 cum
499 2641 802 2748 possessionibus
821 2641 854 2750 ej
860 2667 904 2724 us
923 2641 996 2724 sub
1015 2667 1085 2724 sua
1099 2641 1251 2750 speciali
1265 2642 1497 2750 protectione
1514 2643 1661 2752 recipit,

244 2769 295 2852 ab
326 2771 433 2854 omni
460 2774 731 2856 advocatorum
763 2773 956 2857 exactione
988 2774 1140 2881 eximit,
1174 2774 1373 2885 variasque
1403 2773 1662 2861 immunitates

242 2901 390 3006 ibidem
404 2931 601 3013 expressas
618 2907 802 2988 concedit.
899 2933 903 2940 ’

326 3139 430 3218 (Edid.
448 3139 520 3202 lon.
543 3141 653 3220 Suum,
675 3139 836 3202 Gacbbdta
858 3138 908 3201 dae
925 3137 1019 3202 illoti.
1045 3137 1215 3222 Willtcrlaq,
1230 3139 1382 3219 ursuni,
1400 3151 1433 3201 n⁰
1453 3151 1510 3222 aa,
1533 3160 1570 3203 ex
1592 3161 1657 3222 cop.

364 3247 499 3308 amnena.
510 3251 581 3308 anni
594 3257 683 3322 taso,
693 3263 761 3310 cum
773 3247 927 3328 originale,
939 3249 1040 3326 paucis
1048 3251 1178 3325 exeeptis
1186 3247 1295 3326 verbis,
1308 3265 1390 3308 nunc
1403 3249 1460 3327 legi
1471 3265 1533 3310 non
1541 3250 1657 3330 possit.)

289 3468 329 3540 ln
351 3468 491 3542 nomine
512 3475 630 3542 sancte
656 3477 690 3541 ei
709 3468 894 3542 individue
919 3469 1105 3542 Trinitatis.
1126 3469 1321 3543 Fridericus
1343 3471 1519 3544 secundus
1538 3473 1659 3548 divina

240 3592 379 3664 invente
399 3593 579 3664 clementia
596 3593 827 3664 Romanorum
847 3593 1032 3687 imperator
1047 3615 1183 3688 semper
1200 3603 1391 3685 augustus,
1418 3595 1605 3667 Jerusalem
1624 3605 1659 3668 el

239 3714 359 3788 Sicilie
384 3737 461 3788 rex.
491 3715 679 3811 imperialis
704 3717 890 3789 auctoritas
918 3725 1000 3787 tunc
1027 3717 1190 3810 precipue
1214 3717 1343 3788 auctori
1372 3737 1436 3788 suo
1464 3739 1657 3812 perquem

239 3839 425 3928 salubriter
442 3850 564 3932 regnat
580 3852 615 3912 et
630 3841 776 3935 imperat
791 3860 854 3911 suc
872 3839 1068 3912 devotionis
1085 3837 1229 3912 exhibet
1241 3839 1411 3928 debitum,
1425 3862 1504 3912 cnm
1518 3841 1564 3914 ob
1581 3845 1657 3935 ejus

239 3963 470 4035 reverentiam
499 3965 574 4035 loca
601 3963 812 4036 venerabilia
839 3973 874 4036 et
901 3985 1067 4058 personas
1093 3965 1270 4056 religiosas
1297 3965 1331 4034 in
1357 3963 1489 4036 eisdem
1511 3965 1657 4040 Domino

239 4087 448 4158 famulantes
462 4088 518 4182 pie
540 4087 665 4158 meniis
690 4087 872 4160 allectione
886 4089 1033 4182 protegit
1052 4096 1088 4160 et
1105 4109 1225 4160 eorum
1249 4089 1466 4160 libertatibus
1489 4111 1531 4160 ac
1553 4091 1656 4181 justis

238 4211 462 4306 petitionibus
476 4211 707 4284 favorabiliter
725 4233 763 4284 se
780 4211 936 4285 inclinat.
953 4213 1003 4284 Ea
1021 4221 1160 4308 propter
1177 4211 1223 4285 ad
1242 4212 1396 4284 notitiam
1415 4213 1655 4286 universorum

237 4335 450 4430 presentium
472 4337 717 4408 etiutnmrum
737 4345 983 4409 nostrorumst
1006 4336 1141 4430 imperii
1161 4334 1315 4410 fidelium
1342 4337 1504 4408 volumus
1525 4358 1656 4431 perve-

237 4459 316 4532 nire
333 4458 430 4552 quod
456 4459 502 4532 ad
529 4459 815 4554 supplicationem
840 4460 1044 4533 Theoderici
1069 4459 1277 4532 venerabilis
1299 4460 1432 4532 abbatis
1458 4461 1653 4532 monasterii

240 4581 287 4654 de
302 4583 497 4676 Wilbering
513 4583 746 4656 Cisterciensis
763 4584 914 4674 ordinis,
943 4583 1054 4657 lidelis
1072 4585 1198 4668 nostri,
1225 4605 1304 4656 cum
1330 4583 1423 4656 idem
1440 4583 1526 4655 ordo
1543 4596 1655 4678 preter

238 4706 433 4780 Romanum
457 4707 697 4804 imperatorem
725 4709 856 4780 nullum
882 4730 1022 4804 prorsus
1040 4708 1169 4780 babere
1193 4708 1316 4782 debeat
1335 4708 1565 4800 advocatum,
1586 4708 1654 4781 ab·
