4228 5892
170 653 268 714 lnior.
286 645 347 732 12]
598 640 796 704 HISTORIA
819 637 1113 702 btunottarlcu
1525 635 1586 698 ³¹13

170 785 392 858 intendentes
410 781 448 853 in
474 777 638 853 omnibns
660 786 696 852 et
715 785 887 874 parentes.
907 775 978 848 Nos
1002 773 1094 847 enim
1116 770 1163 846 ad
1186 771 1317 844 bonum
1344 780 1379 844 et
1403 769 1585 867 panificum

171 917 299 982 statum
322 914 478 980 vestrum
503 923 661 975 serenam
686 908 721 974 et
742 899 925 974 sollicitam
951 896 1081 970 habere
1103 893 1327 990 proponimus
1351 893 1584 981 voluntatem,

173 1029 365 1105 dummodo
383 1027 568 1100 excutiatis
583 1024 741 1098 eeleriter
753 1033 789 1096 et
805 1023 972 1096 instanter
986 1019 1031 1094 de
1040 1020 1128 1113 jugo
1141 1015 1335 1090 infidelium
1353 1015 1588 1090 cordavestra

173 1153 264 1228 etad
274 1174 350 1243 noe,
362 1171 486 1224 verum
497 1148 692 1232 dominnm,
701 1157 736 1222 et
748 1147 931 1242 imperium
944 1155 1019 1218 totu
1030 1142 1217 1217 devotione
1232 1141 1402 1230 conversi,
1416 1161 1547 1214 moram
1555 1151 1589 1214 et

173 1278 350 1372 ignaviam
362 1274 514 1371 preteriti
530 1271 693 1367 temporis
710 1291 781 1365 que
796 1291 861 1344 ros
877 1269 1015 1342 interim
1028 1287 1171 1341 aversos
1189 1287 1210 1338 a
1227 1263 1297 1339 fide
1314 1263 1479 1356 detinuit,
1502 1287 1589 1339 con-

174 1401 336 1475 versione
350 1398 451 1472 oeleri
467 1395 662 1486 redimatis3
679 1395 725 1468 ds
737 1394 847 1486 gratie
864 1393 1008 1490 pristinu
1022 1389 1265 1466 confidentiam
1278 1389 1445 1481 habituri,
1462 1390 1507 1463 de
1519 1413 1590 1486 que
1674 1374 1680 1406 ²

174 1545 252 1616 vos,
268 1533 450 1618 postquam
465 1521 625 1596 conversi
641 1519 785 1610 fueritis,
800 1527 913 1592 oenus
924 1517 1094 1590 efficimus
1110 1525 1145 1589 et
1162 1535 1316 1588 securos.
1332 1514 1367 1586 Si
1381 1513 1461 1608 quis
1474 1523 1588 1587 autem

174 1651 209 1721 in
233 1648 351 1721 medio
364 1655 518 1720 vestrum
529 1653 621 1718 esset
632 1664 736 1738 quem
753 1641 869 1715 cordis
887 1639 1067 1713 infirmitas
1089 1639 1258 1712 detineret
1272 1637 1334 1732 qui
1350 1637 1455 1711 nollet
1471 1659 1591 1709 resur-

176 1793 258 1864 gere
274 1779 351 1866 post
367 1769 520 1855 ruinam,
538 1769 614 1863 ipso
636 1767 673 1840 in
687 1787 752 1838 sno
771 1787 855 1839 casu
872 1764 1035 1853 dimisso,
1057 1762 1103 1836 ad
1121 1761 1377 1836 reformandum
1391 1782 1455 1835 ros
1475 1770 1591 1835 nostre

176 1894 260 1969 fidei
276 1903 311 1968 et
327 1893 437 1988 gratie
450 1899 615 1965 consuete
633 1889 840 1963 unanimiter
850 1887 1077 1982 eonsurgatis.

396 2167 1103 2182 mvn-n—-a-—r-——n--n-a-o·
1113 2167 1213 2176 nau—n·-
1219 2164 1382 2176 nanum—n·—

230 2407 459 2519 Gregorius,
483 2433 604 2517 papa,
628 2406 886 2490 Bononienses
910 2407 1133 2492 exhortatur
1155 2419 1201 2492 ut
1220 2433 1309 2492 num
1330 2407 1473 2493 Peulus
1490 2410 1593 2493 'lra-

175 2543 369 2628 versarius
392 2550 564 2650 potenter
585 2541 834 2622 insurrexerit
855 2541 1039 2624 adversus
1065 2541 1239 2625 nationes
1261 2568 1361 2652 quse
1377 2543 1595 2652 disperdere

177 2671 403 2784 satagebant
441 2671 629 2781 populum
663 2670 992 2780 lombardorum,
1031 2672 1155 2755 eidem
1191 2673 1241 2756 ed
1272 2677 1594 2758 manutenendam

176 2805 369 2890 civitatem
390 2803 592 2888 Ravennae
613 2803 828 2888 subsidium
852 2803 1096 2914 impendant,
1116 2804 1171 2887 eis
1188 2805 1431 2916 regratiando
1455 2835 1525 2918 pro
1548 2835 1594 2892 eo

178 2939 284 3049 quod
304 2961 466 3020 menum
484 2935 708 3045 adjutricem
727 2935 762 3020 ei
779 2936 964 3020 hactenus
980 2947 1245 3045 porrexerunt.

260 3114 378 3195 (Edidit
390 3115 487 3176 ann.
512 3115 632 3189 nunu,
655 3109 729 3178 cett.
748 3130 877 3176 monum
901 3121 987 3176 octor.
1010 3121 1039 3176 et
1052 3130 1124 3191 reu,
1145 3121 1169 3176 t.
1185 3115 1216 3190 l,
1238 3111 1310 3176 tut
1323 3115 1472 3197 pontific„
1489 3128 1524 3181 ιιο
1543 3129 1593 3199 tt,

297 3238 327 3299 p.
343 3219 426 3300 tut.)

226 3373 413 3467 Gregorius
430 3369 479 3467 (a)
493 3371 696 3467 episeopus,
715 3391 839 3444 servus
862 3391 1040 3444 servornm
1061 3371 1145 3464 Dei,
1164 3382 1230 3446 eto.
1246 3371 1427 3449 Civitatem
1443 3377 1597 3454 Bononie

178 3495 267 3568 inter
283 3495 370 3568 alias
388 3493 548 3567 civitatee
573 3493 779 3567 lombardie
800 3493 959 3590 specialis
976 3495 1196 3589 prerogativa
1215 3494 1409 3572 dilectionis
1428 3510 1464 3574 et
1483 3503 1596 3596 gratie

178 3619 433 3714 amplexantes,
449 3638 519 3712 que
540 3626 649 3690 status
670 3618 725 3690 sui
742 3627 930 3712 augmenta
947 3617 1136 3713 respiciunt
1153 3641 1196 3691 eo
1216 3621 1317 3693 vobis
1333 3623 1496 3696 libentius
1511 3646 1596 3700 sna·

178 3741 304 3815 demus
322 3763 393 3837 quo
416 3739 613 3815 fiducialius
633 3762 697 3815 vos
711 3743 801 3816 velle
818 3742 1039 3836 aoquieseere
1056 3743 1181 3816 nostris
1202 3744 1356 3818 consiliis
1372 3747 1593 3823 arbitramur.

179 3867 270 3939 Sene
294 3887 376 3938 cnm
405 3863 541 3938 dudum
563 3865 690 3938 nobilis
711 3864 768 3937 vir
785 3864 915 3938 Paulus
930 3865 1170 3938 Traversarius
1185 3865 1252 3962 (b),
1278 3869 1369 3940 mala
1393 3872 1506 3964 gentis
1533 3893 1597 3944 sue

179 3986 301 4061 videre
318 4009 388 4061 non
404 3988 539 4078 valens,
553 3987 723 4062 adversus
734 3987 892 4060 nationes
907 4008 977 4082 que
990 3987 1027 4059 iu
1039 3988 1239 4064 fortitudine
1252 4011 1378 4066 manus
1391 4013 1456 4067 sue
1467 4014 1596 4069 eonve-

179 4119 303 4184 nerant
327 4109 527 4208 disperdere
550 4112 715 4207 populum
740 4109 1014 4184 bombardorum
1038 4121 1073 4183 st
1098 4133 1220 4186 eorum
1245 4113 1438 4190 libertatem
1461 4121 1599 4214 penitus

181 4233 404 4324 consuluere,
432 4243 588 4329 patenter
603 4245 638 4308 et
662 4243 820 4331 potenter
844 4233 1050 4326 insurrexit,
1077 4237 1167 4309 siout
1188 4245 1241 4310 est
1262 4237 1409 4313 evidens
1430 4241 1468 4313 in
1487 4244 1598 4316 oculis

180 4357 408 4452 singulorum,
428 4358 675 4454 propterquod
693 4379 764 4432 non
781 4356 960 4431 modicum
977 4365 1046 4430 tam
1064 4359 1164 4433 vobis
1179 4383 1285 4455 quam
1303 4364 1479 4457 aliquibus
1496 4367 1598 4440 lorn-

181 4479 302 4554 bardie
314 4481 515 4576 provenisse
532 4482 685 4556 creditur
701 4479 825 4556 auxilii
840 4490 877 4553 et
892 4481 1041 4572 favoris,
1059 4483 1319 4560 universitatem
1334 4497 1483 4560 vestram
1496 4510 1597 4583 roga·

220 4645 261 4719 (a)
281 4643 343 4722 Ap.
355 4644 444 4706 Hahn
457 4645 641 4708 Innocentius
644 4689 656 4724 ,
667 4646 756 4708 male.

222 4746 264 4828 (d)
284 4749 399 4811 Ibidem
415 4749 626 4829 rreum,
641 4752 731 4816 male.

1653 2424 1775 2484 [lumel
