4228 5892
518 558 580 620 382
1017 563 1231 630 retucutct
1255 567 1429 630 secuntur
1742 569 1821 648 [cna
1840 571 1923 636 1239.

517 695 655 768 siastica
675 695 730 768 vel
745 696 925 789 secularis,
948 699 1065 772 nullus
1081 701 1254 792 marchio,
1276 701 1369 790 dux,
1386 721 1518 793 comes,
1535 701 1743 794 vicecomes,
1764 705 1925 799 nulloque

517 829 685 916 potestas,
706 823 800 893 nnlla
812 821 934 896 civitas
951 825 1154 920 nullumque
1176 847 1359 902 commune
1384 829 1555 922 prelatum
1575 826 1808 904 marchionem
1825 830 1924 904 Boni-

517 946 646 1018 lscinm
663 954 723 1018 ant
740 946 886 1020 heredes
902 969 983 1022 suos
1008 959 1126 1024 centra
1141 951 1314 1045 privilegii
1338 951 1444 1029 nostri
1465 960 1618 1024 tenorem
1635 971 1724 1026 ausu
1745 955 1924 1030 temerario

516 1089 620 1162 super
637 1069 801 1166 predictis
817 1071 977 1144 omnibns
993 1093 1055 1146 sen
1072 1073 1189 1169 aliquo
1206 1074 1440 1170 predictorum
1451 1074 1656 1170 inquietare,
1670 1077 1854 1150 molestare
1866 1098 1924 1150 son

516 1194 719 1287 perturbare
734 1203 922 1288 presumat.
947 1195 1049 1281 Quod
1071 1197 1132 1292 qni
1155 1199 1405 1294 presumpserit
1425 1198 1701 1293 indignationem
1724 1200 1831 1274 nostri
1856 1203 1925 1272 cnl-

515 1316 619 1389 minis
634 1339 672 1390 se
686 1317 821 1392 noverit
838 1319 1057 1392 incursurum
1079 1329 1114 1394 et
1132 1331 1272 1394 centnm
1289 1324 1397 1396 libras
1416 1323 1493 1398 auri
1508 1323 1629 1419 optimi
1647 1343 1709 1418 pro
1726 1343 1818 1418 pena
1835 1344 1924 1396 ccm-

516 1448 636 1537 pouat,
663 1441 761 1533 eujus
784 1441 1002 1516 medietatem
1026 1463 1161 1518 camere
1185 1453 1300 1520 nostre
1323 1454 1358 1520 st
1382 1446 1552 1540 reliquam
1577 1444 1797 1518 medietatem
1819 1447 1925 1543 possis

516 1564 679 1656 injuriam
700 1563 954 1668 applicandam.
967 1563 1023 1638 Ad
1039 1565 1144 1659 hujus
1161 1567 1279 1663 itaque
1291 1567 1506 1658 investitura,
1527 1568 1739 1642 remissionis
1758 1568 1926 1642 etconlir·

516 1688 677 1761 mulionis
697 1697 813 1762 nostre
833 1689 1032 1762 memoriam
1053 1699 1088 1762 et
1103 1691 1212 1764 robur
1230 1701 1397 1793 perpetuo
1410 1693 1611 1782 volitorum,
1627 1713 1770 1788 presens
1783 1693 1925 1788 privile-

516 1812 613 1906 gium
645 1812 718 1888 lieri
748 1821 784 1886 et
811 1813 906 1886 bullo
929 1833 1034 1888 ourea
1062 1814 1197 1910 typario
1221 1825 1337 1890 nostre
1360 1817 1548 1910 mejestatis
1570 1811 1739 1913 impressa
1761 1817 1925 1910 jussimus

516 1939 732 2012 communiri.

564 2062 675 2154 Hujus
699 2061 749 2134 rei
772 2069 876 2134 testes
901 2071 982 2134 sunt
1000 2063 1039 2132 B.
1065 2061 1327 2134 panormitanus
1344 2063 1640 2160 archiepiscopus,
1663 2065 1702 2136 T.
1729 2062 1775 2136 de
1791 2063 1925 2158 Aquino

516 2209 631 2260 comes
646 2185 913 2272 cloccarum...
931 2185 1085 2258 marchio
1102 2185 1148 2258 de
1165 2185 1399 2276 lloembnrcb,
1419 2187 1467 2260 ll.
1484 2185 1637 2260 marobio
1652 2188 1783 2278 Moza,
1797 2187 1869 2260 llao
1883 2185 1925 2260 de

515 2309 708 2384 Tentivntin
722 2306 793 2406 (l),
820 2307 985 2402 magister
1005 2309 1197 2382 Petrns'de
1217 2308 1326 2392 Vinea
1348 2331 1473 2402 magne
1495 2309 1593 2382 curie
1611 2318 1726 2382 nostre
1743 2308 1874 2402 judex,
1892 2319 1925 2382 et

515 2435 572 2510 clii
587 2433 809 2529 quamplures
823 2431 944 2506 fideles
961 2431 1079 2504 nostri.
1161 2475 1164 2487 ·
1223 2475 1226 2487 ·

563 2560 707 2654 Signum
729 2555 861 2630 domini
879 2554 1033 2632 Federici
1055 2554 1218 2648 secundi,
1238 2555 1301 2628 Dei
1323 2555 1675 2648 gratininviotissimi
1697 2557 1923 2632 Romanorum

515 2681 730 2781 imperatoris
744 2701 881 2775 semper
896 2679 1054 2774 augusti,
1068 2679 1286 2754 Hierusalem
1304 2689 1342 2754 et
1350 2679 1465 2752 Sicilie
1479 2679 1585 2775 regis.

563 2807 648 2880 Acta
666 2812 747 2878 sunt
762 2803 827 2876 bec
847 2825 940 2876 anno
958 2802 1130 2876 dominice
1145 2803 1390 2878 incarnationis
1409 2803 1590 2878 millesimo
1606 2801 1844 2877 ducentesimo
1859 2804 1923 2876 tri-

515 3063 630 3126 nostro
646 3051 809 3126 Foderico
830 3051 1002 3143 secunde,
1020 3053 1081 3124 Dei
1105 3052 1214 3146 gratia
1229 3050 1454 3124 invictissimo
1469 3051 1701 3124 Romanorum
1723 3051 1925 3146 imperatore

514 3197 650 3272 semper
671 3183 842 3270 augusto,
860 3175 1070 3248 Hierusalem
1091 3183 1127 3248 et
1147 3175 1263 3248 Sicilie
1275 3195 1378 3269 rege,
1399 3173 1534 3270 imperii
1550 3176 1627 3266 ejus
1647 3194 1739 3248 anno
1754 3196 1848 3248 nono
1865 3174 1923 3248 de·

514 3301 616 3389 cimo,
636 3299 735 3394 regni
753 3321 837 3373 vern
854 3299 969 3372 Sicilie
985 3319 1077 3372 anno
1090 3297 1357 3394 quadragesimo
1370 3297 1542 3390 secundo,
1560 3298 1714 3380 feliciter.
1733 3299 1858 3372 Amen.

563 3426 687 3496 Datum
707 3423 744 3496 in
765 3423 886 3496 castris
897 3423 993 3519 apud
1010 3422 1316 3516 Picenguitonum,
1331 3441 1437 3515 anno,
1452 3443 1572 3496 mense
1588 3432 1624 3496 et
1638 3420 1828 3496 indictione
1843 3441 1922 3518 pre-

513 3547 626 3622 dictis.

563 3669 683 3770 [Quod
696 3669 837 3767 quidem
853 3669 1092 3766 privilegium,
1110 3680 1149 3742 nt
1166 3679 1284 3744 monet
1301 3669 1544 3760 Benvenntns,
1568 3677 1693 3764 quarto
1716 3665 1774 3742 die
1795 3665 1921 3740 mensis

510 3797 714 3890 septembris
739 3795 933 3890 sequentis,
967 3793 1063 3892 apud
1089 3794 1300 3884 Clavasium,
1334 3791 1527 3868 marchioni
1553 3791 1732 3867 Bonilacio
1756 3811 1921 3888 praescn-

511 3928 618 3992 tatum
638 3920 702 3991 init
719 3941 781 4014 por
798 3919 1019 3992 Gnillelmnm
1040 3915 1270 3994 lsimbardum
1283 3916 1338 4013 (2)
1355 3926 1391 3990 et
1411 3916 1613 4012 magistrum
1636 3915 1858 3990 Guillclmum
1876 3912 1922 3986 de

510 4043 628 4116 Vincis
649 4063 796 4138 magnae
824 4043 1011 4137 imperialis
1033 4043 1149 4116 cudae
1167 4041 1322 4135 jndicem
1344 4037 1414 4136 (3),
1435 4051 1472 4115 et
1486 4061 1601 4114 coram
1629 4038 1774 4114 tatibus
1791 4036 1919 4112 ibidem

510 4167 694 4240 nominatis
706 4168 743 4239 in
761 4165 935 4262 publicam
949 4168 1091 4240 formam
1108 4159 1321 4260 redactum]

514 4333 563 4342 ..ι-

544 4409 581 4484 (t)
599 4408 705 4466 Scilicet
726 4407 781 4466 deo
800 4407 831 4466 de
853 4409 1044 4480 mauman,
1065 4361 1212 4482 imperialis
1231 4406 1400 4464 marestallce
1418 4405 1559 4478 magister,
1582 4404 1654 4462 idern
1674 4402 1721 4476 qui
1742 4417 1826 4475 supra
1844 4398 1917 4458 testis

507 4505 696 4578 subscribitur,
708 4521 737 4580 p.
752 4505 816 4564 276.

545 4601 581 4675 lt)
600 4601 674 4658 ldem
687 4601 733 4674 qui
745 4617 838 4662 mense
852 4600 991 4659 novembri
1003 4599 1084 4673 hujus
1096 4599 1159 4657 anni
1169 4597 1356 4656 Cremonensis
1368 4603 1487 4672 potestus
1496 4597 1580 4654 adest.
1594 4595 1654 4656 vid.
1667 4593 1751 4652 inira.

485 4715 499 4732 ·
543 4700 579 4774 (³)
593 4699 871 4758 RectiusGuitlelmus
885 4697 917 4756 ds
932 4699 1023 4770 Victo,
1038 4695 1111 4754 Petri
1124 4697 1254 4756 devince
1266 4693 1513 4770 nepos,'l'bomasii
1525 4693 1616 4754 tratre
1628 4691 1707 4752 filius.
1746 4755 1749 4760 ,
