4246 5906
512 575 574 634 sot
1010 577 1226 641 Fututttttct
1250 579 1424 641 secubat
1736 580 1814 664 [llas.
1834 583 1919 648 1239.

512 711 664 805 ipsarum
681 709 828 782 delectui
846 709 972 784 amodo
994 733 1062 785 non
1080 714 1218 786 existet.
1240 714 1341 800 Quod
1357 725 1473 786 anum
1493 711 1693 806 significasti
1712 714 1757 786 de
1773 718 1923 790 navibus

511 835 859 928 peregrinorumque
880 835 1074 928 Trapannm
1098 847 1335 930 pervenerunt
1359 847 1394 910 et
1413 835 1511 930 qnod
1534 837 1638 910 eliam
1663 838 1773 910 fecisti
1798 839 1844 914 do
1871 841 1922 914 eis

511 967 692 1052 postquam
711 957 792 1030 illuc
812 979 874 1052 pro
895 959 1146 1053 incongruitate
1163 961 1326 1054 temporis
1343 959 1539 1047 redierunt,
1562 969 1742 1054 acceptum
1761 961 1922 1035 ducimus

511 1093 546 1156 et
571 1093 665 1154 tuam
689 1082 725 1152 in
752 1082 817 1154 boc
844 1081 1056 1174 diligentiam
1080 1083 1382 1174 commendamus,
1409 1093 1544 1175 gratim
1567 1093 1724 1177 gerentm
1749 1084 1794 1156 de
1820 1087 1921 1180 copia

512 1225 627 1276 rerum
652 1227 756 1297 qnam
783 1204 819 1275 in
844 1205 926 1298 ipsis
952 1205 1106 1298 partibus
1131 1206 1359 1296 invenerunt,
1387 1206 1433 1278 de
1459 1205 1707 1278 ministratione
1728 1208 1862 1298 justitie
1889 1219 1923 1282 et

512 1328 741 1420 servitiisque
758 1329 823 1400 sibi
838 1327 947 1400 iecisti
965 1329 1117 1422 impendi
1138 1329 1184 1402 ob
1201 1339 1316 1402 nostra
1328 1330 1556 1402 reverentiam
1572 1331 1770 1421 majestatis.
1792 1332 1923 1404 Placuit

512 1453 614 1525 etiam
638 1453 808 1544 majestati
836 1461 952 1524 nostre
973 1453 1266 1547 quamplurimum
1292 1453 1388 1547 quod
1414 1453 1528 1526 comiti
1553 1454 1773 1526 Montislortis
1797 1455 1923 1528 dilecto

512 1577 624 1651 amico
639 1585 754 1649 nostro
767 1576 802 1646 in
817 1585 931 1670 partes
942 1576 1033 1670 ipsas
1047 1599 1126 1648 cnm
1139 1577 1212 1648 sois
1224 1577 1373 1648 navibus
1387 1576 1572 1672 applicanti
1586 1577 1750 1650 bonorem
1765 1587 1800 1649 et
1813 1579 1921 1650 servi·

512 1700 600 1772 tium
617 1698 803 1787 contulisti,
824 1708 858 1768 et
874 1697 1087 1791 ubicumque
1101 1697 1259 1792 pervenit
1273 1698 1309 1768 in
1328 1699 1426 1770 terris
1441 1698 1568 1770 nostris
1584 1699 1699 1770 extitit
1714 1699 1923 1774 honoranter

512 1832 682 1916 receptos.
700 1821 839 1893 Gratum
857 1829 1011 1916 proterea
1023 1820 1183 1892 ducimus
1196 1831 1231 1892 et
1244 1833 1425 1916 acceptum
1442 1821 1486 1894 de
1501 1821 1659 1915 diligenti
1674 1823 1918 1911 sollicitudine,

513 1969 618 2042 quam
638 1945 684 2018 ad
702 1946 867 2017 honorem
886 1955 1038 2016 nostrum
1061 1955 1095 2016 et
1111 1945 1333 2038 tranquillum
1352 1955 1478 2016 statum
1498 1945 1650 2039 ipsarum
1667 1947 1815 2040 partium
1833 1949 1922 2039 geris

513 2080 548 2144 et
565 2069 661 2164 quod
682 2067 836 2140 fertilitas
855 2065 1034 2138 habundat
1051 2067 1200 2156 ibidem,
1226 2089 1330 2162 snper
1350 2068 1481 2160 quibus
1502 2077 1538 2140 et
1556 2067 1631 2140 aliis
1656 2069 1828 2142 universis
1846 2091 1922 2144 scr-

514 2195 607 2266 vitiis
621 2193 761 2278 nostris,
780 2201 843 2262 etc.
864 2192 913 2262 lle
929 2190 1091 2284 predictis
1108 2199 1223 2263 autem
1246 2191 1437 2285 peregrinis
1455 2191 1491 2260 in
1508 2192 1663 2284 partibus
1675 2193 1921 2284 jurisdictionis

514 2327 572 2390 tue
591 2317 809 2414 gementibus
826 2315 987 2387 volumus
1007 2323 1041 2386 et
1056 2313 1264 2386 mandamns
1290 2325 1328 2384 ut
1347 2322 1416 2385 tam
1434 2313 1625 2407 predictum
1641 2315 1800 2386 comitem
1817 2337 1921 2410 qnam

514 2441 598 2512 alios
615 2439 749 2512 nobiles
764 2437 825 2531 qui
844 2445 923 2508 sunt
944 2436 992 2506 ibi
1011 2435 1205 2508 secundnm
1225 2435 1322 2530 qood
1338 2436 1467 2508 dixerit
1484 2435 1546 2506 tibi
1566 2435 1745 2530 Philippus
1764 2437 1811 2510 de
1827 2439 1922 2510 Znn·

514 2565 611 2652 culo,
633 2561 745 2633 fidelis
763 2571 897 2648 noster,
918 2581 1022 2652 quem
1045 2559 1173 2631 adhoc
1188 2560 1224 2630 in
1238 2570 1352 2653 partes
1372 2559 1465 2652 ipsas
1480 2558 1647 2630 duximus
1659 2558 1918 2652 destinandum,

514 2688 619 2760 facias
636 2685 807 2756 honorari.

561 2813 685 2882 Datum
705 2807 801 2904 apud
817 2806 984 2898 Laudem,
1002 2807 1094 2878 Xllll
1113 2805 1324 2896 novembris,
1345 2804 1422 2876 Xlll
1440 2803 1649 2878 indictionis.

1482 3112 1695 3126 nom-nod

567 3395 725 3478 Litterae
742 3390 978 3498 responsales
996 3390 1046 3472 ad
1061 3387 1314 3498 justiciarium
1330 3385 1479 3468 Siciliae
1498 3385 1599 3468 ultra
1612 3385 1756 3468 llnmen
1770 3387 1921 3472 Salsum

514 3529 562 3610 de
583 3525 756 3636 mandris
777 3523 969 3630 locandis,
988 3523 1037 3604 de
1056 3519 1251 3602 Saracenis
1279 3521 1328 3601 ad
1352 3517 1518 3600 osbelles
1541 3517 1787 3602 exsolvendas
1813 3547 1922 3605 coer—

514 3661 662 3766 cendis,
692 3659 740 3740 de
766 3655 979 3738 castellanis
1008 3653 1247 3760 amovendis,
1275 3652 1323 3734 de
1350 3651 1540 3734 casalibus
1565 3653 1848 3760 construendis,
1875 3656 1921 3737 de

515 3792 715 3878 statuendo
732 3790 817 3872 loco
834 3789 900 3871 ubi
918 3788 1135 3870 incidantur
1153 3796 1296 3888 aratra,
1316 3784 1365 3866 de
1385 3783 1518 3865 castris
1543 3783 1723 3892 Trapnni,
1741 3785 1922 3870 Marsalae

515 3938 552 4010 et
570 3925 674 4028 aliis,
694 3923 742 4004 de
760 3920 965 4004 moderatis
982 3918 1155 4027 expensis
1172 3943 1243 4026 pro
1261 3915 1425 3999 nunciis.

595 4127 721 4208 (depost.
737 4125 840 4204 impar.
855 4121 972 4184 Freder.
991 4123 1030 4198 11,
1047 4121 1098 4182 lol.
1115 4127 1153 4181 tt
1167 4135 1269 4194 vorem
1284 4120 1315 4180 ln
1326 4117 1397 4179 odit.
1413 4117 1551 4190 caron,
1571 4133 1600 4194 p.
1617 4119 1698 4191 268.)

564 4305 611 4373 lle
633 4299 798 4394 imperiali
815 4299 971 4370 mandato
986 4297 1118 4390 scripsit
1133 4295 1174 4366 G.
1195 4293 1235 4364 de
1257 4291 1413 4363 Curentio
1428 4287 1631 4382 responsales
1646 4315 1655 4358 .·

562 4425 773 4515 Fridericns,
794 4431 876 4509 etc,
897 4419 1065 4516 lloggerio
1083 4417 1128 4490 de
1144 4413 1293 4504 Amicis,
1314 4422 1379 4486 etc.
1398 4411 1625 4506 [Benignitate
1641 4421 1805 4486 consueta
1827 4433 1919 4486 rece·

515 4550 629 4647 pimus
655 4549 791 4622 licteras
816 4555 912 4637 tuas,
938 4553 1005 4617 etc.
1033 4539 1135 4626 Quod
1158 4545 1274 4612 subm
1298 4535 1498 4632 significasti
1522 4543 1556 4607 te
1579 4535 1681 4628 juxta
1707 4537 1919 4611 celsitudinis

514 4685 628 4748 nostre
651 4672 852 4746 mandatum
870 4689 975 4765 super
992 4663 1144 4739 locandis
1169 4659 1323 4736 mandris
1341 4661 1460 4733 ovium
1482 4659 1577 4732 curie
1596 4669 1710 4732 nostre
1730 4659 1776 4734 ad
1792 4671 1918 4734 certam
