<?xml version="1.0" encoding="UTF-8"?>
<!DOCTYPE html PUBLIC "-//W3C//DTD XHTML 1.0 Transitional//EN"
    "http://www.w3.org/TR/xhtml1/DTD/xhtml1-transitional.dtd">
<html xmlns="http://www.w3.org/1999/xhtml" xml:lang="en" lang="en">
 <head>
  <title>
</title>
<meta http-equiv="Content-Type" content="text/html;charset=utf-8" />
  <meta name='ocr-system' content='tesseract 3.04.00' />
  <meta name='ocr-capabilities' content='ocr_page ocr_carea ocr_par ocr_line ocrx_word'/>
</head>
<body>
  <div class='ocr_page' id='page_1' title='image "./historiadiploma02fredgoog_0274.png"; bbox 0 0 4224 5898; ppageno 0'>
   <div class='ocr_carea' id='block_1_1' title="bbox 214 579 1175 664">
    <p class='ocr_par' dir='ltr' id='par_1_1' title="bbox 214 579 1175 664">
     <span class='ocr_line' id='line_1_1' title="bbox 214 579 1175 664; baseline -0.005 -20"><span class='ocrx_word' id='word_1_1' title='bbox 214 583 313 646; x_wconf 77' lang='lat' dir='ltr'>barca</span> <span class='ocrx_word' id='word_1_2' title='bbox 333 580 394 664; x_wconf 68' lang='lat'>12]</span> <span class='ocrx_word' id='word_1_3' title='bbox 665 581 861 642; x_wconf 73' lang='lat' dir='ltr'>HISTORIA</span> <span class='ocrx_word' id='word_1_4' title='bbox 881 579 1175 642; x_wconf 70' lang='lat' dir='ltr'>bretottttmcn.</span> 
     </span>
    </p>
   </div>
   <div class='ocr_carea' id='block_1_2' title="bbox 214 1105 1818 2144">
    <p class='ocr_par' dir='ltr' id='par_1_2' title="bbox 214 1105 1818 2144">
     <span class='ocr_line' id='line_1_2' title="bbox 268 1105 1818 1221; baseline -0.003 -29"><span class='ocrx_word' id='word_1_5' title='bbox 268 1109 499 1218; x_wconf 85' lang='lat' dir='ltr'>Fridericus,</span> <span class='ocrx_word' id='word_1_6' title='bbox 528 1111 792 1194; x_wconf 85' lang='lat' dir='ltr'>Romanorum</span> <span class='ocrx_word' id='word_1_7' title='bbox 819 1110 1043 1218; x_wconf 87' lang='lat' dir='ltr'>imperator,</span> <span class='ocrx_word' id='word_1_8' title='bbox 1078 1105 1324 1216; x_wconf 83' lang='lat' dir='ltr'>privilegium</span> <span class='ocrx_word' id='word_1_9' title='bbox 1356 1105 1534 1188; x_wconf 91' lang='lat' dir='ltr'>Friderici</span> <span class='ocrx_word' id='word_1_10' title='bbox 1569 1105 1629 1188; x_wconf 87' lang='lat' dir='ltr'>ari</span> <span class='ocrx_word' id='word_1_11' title='bbox 1675 1112 1818 1221; x_wconf 55' lang='lat' dir='ltr'>abib,</span> 
     </span>
     <span class='ocr_line' id='line_1_3' title="bbox 215 1220 1807 1348; baseline -0.001 -26"><span class='ocrx_word' id='word_1_12' title='bbox 215 1243 274 1324; x_wconf 87' lang='lat' dir='ltr'>sui</span> <span class='ocrx_word' id='word_1_13' title='bbox 294 1243 367 1324; x_wconf 93' lang='lat' dir='ltr'>sub</span> <span class='ocrx_word' id='word_1_14' title='bbox 390 1270 492 1326; x_wconf 90' lang='lat' dir='ltr'>anno</span> <span class='ocrx_word' id='word_1_15' title='bbox 509 1247 632 1348; x_wconf 80' lang='lat'>1157,</span> <span class='ocrx_word' id='word_1_16' title='bbox 652 1243 831 1326; x_wconf 85' lang='lat' dir='ltr'>vicesimo</span> <span class='ocrx_word' id='word_1_17' title='bbox 849 1242 961 1324; x_wconf 89' lang='lat' dir='ltr'>tertio</span> <span class='ocrx_word' id='word_1_18' title='bbox 979 1241 1041 1322; x_wconf 90' lang='lat' dir='ltr'>die</span> <span class='ocrx_word' id='word_1_19' title='bbox 1068 1237 1305 1345; x_wconf 80' lang='lat' dir='ltr'>novembris,</span> <span class='ocrx_word' id='word_1_20' title='bbox 1334 1240 1468 1321; x_wconf 89' lang='lat' dir='ltr'>datum</span> <span class='ocrx_word' id='word_1_21' title='bbox 1487 1239 1631 1321; x_wconf 87' lang='lat' dir='ltr'>confir-</span> <span class='ocrx_word' id='word_1_22' title='bbox 1686 1220 1807 1262; x_wconf 54' lang='lat' dir='ltr'>&#39;mm&#39;</span> 
     </span>
     <span class='ocr_line' id='line_1_4' title="bbox 214 1369 1630 1484; baseline -0.001 -30"><span class='ocrx_word' id='word_1_23' title='bbox 214 1399 339 1476; x_wconf 88' lang='lat' dir='ltr'>mans,</span> <span class='ocrx_word' id='word_1_24' title='bbox 360 1375 533 1459; x_wconf 88' lang='lat' dir='ltr'>concedit</span> <span class='ocrx_word' id='word_1_25' title='bbox 551 1375 754 1459; x_wconf 86' lang='lat' dir='ltr'>Guilielmo</span> <span class='ocrx_word' id='word_1_26' title='bbox 774 1377 843 1484; x_wconf 90' lang='lat' dir='ltr'>(de</span> <span class='ocrx_word' id='word_1_27' title='bbox 869 1370 1082 1482; x_wconf 88' lang='lat' dir='ltr'>Sabaudia)</span> <span class='ocrx_word' id='word_1_28' title='bbox 1106 1369 1365 1454; x_wconf 79' lang='lat' dir='ltr'>valentinensi</span> <span class='ocrx_word' id='word_1_29' title='bbox 1388 1369 1505 1453; x_wconf 87' lang='lat' dir='ltr'>electo</span> <span class='ocrx_word' id='word_1_30' title='bbox 1528 1371 1630 1453; x_wconf 85' lang='lat' dir='ltr'>ciri-</span> 
     </span>
     <span class='ocr_line' id='line_1_5' title="bbox 215 1502 1630 1618; baseline -0.001 -31"><span class='ocrx_word' id='word_1_31' title='bbox 215 1517 331 1588; x_wconf 90' lang='lat' dir='ltr'>tatem</span> <span class='ocrx_word' id='word_1_32' title='bbox 358 1505 600 1590; x_wconf 86' lang='lat' dir='ltr'>Valentinam</span> <span class='ocrx_word' id='word_1_33' title='bbox 635 1509 855 1618; x_wconf 89' lang='lat' dir='ltr'>multasque</span> <span class='ocrx_word' id='word_1_34' title='bbox 890 1505 1147 1616; x_wconf 90' lang='lat' dir='ltr'>possessiones</span> <span class='ocrx_word' id='word_1_35' title='bbox 1185 1529 1286 1613; x_wconf 90' lang='lat' dir='ltr'>quae</span> <span class='ocrx_word' id='word_1_36' title='bbox 1311 1502 1452 1585; x_wconf 88' lang='lat' dir='ltr'>ibidem</span> <span class='ocrx_word' id='word_1_37' title='bbox 1490 1529 1630 1586; x_wconf 86' lang='lat' dir='ltr'>recen-</span> 
     </span>
     <span class='ocr_line' id='line_1_6' title="bbox 216 1635 1628 1750; baseline 0.001 -30"><span class='ocrx_word' id='word_1_38' title='bbox 216 1649 370 1744; x_wconf 88' lang='lat' dir='ltr'>sentur,</span> <span class='ocrx_word' id='word_1_39' title='bbox 404 1666 551 1725; x_wconf 81' lang='lat' dir='ltr'>necnon</span> <span class='ocrx_word' id='word_1_40' title='bbox 583 1649 621 1724; x_wconf 92' lang='lat' dir='ltr'>et</span> <span class='ocrx_word' id='word_1_41' title='bbox 661 1639 727 1750; x_wconf 87' lang='lat' dir='ltr'>jus</span> <span class='ocrx_word' id='word_1_42' title='bbox 758 1639 937 1723; x_wconf 91' lang='lat' dir='ltr'>audiendi</span> <span class='ocrx_word' id='word_1_43' title='bbox 973 1663 1108 1720; x_wconf 85' lang='lat' dir='ltr'>causas</span> <span class='ocrx_word' id='word_1_44' title='bbox 1143 1635 1272 1719; x_wconf 85' lang='lat' dir='ltr'>civiles</span> <span class='ocrx_word' id='word_1_45' title='bbox 1317 1645 1354 1716; x_wconf 90' lang='lat' dir='ltr'>et</span> <span class='ocrx_word' id='word_1_46' title='bbox 1388 1636 1628 1746; x_wconf 89' lang='lat' dir='ltr'>criminales,</span> 
     </span>
     <span class='ocr_line' id='line_1_7' title="bbox 214 1769 1632 1882; baseline 0.004 -32"><span class='ocrx_word' id='word_1_47' title='bbox 214 1770 475 1856; x_wconf 76' lang='lat' dir='ltr'>malefactores</span> <span class='ocrx_word' id='word_1_48' title='bbox 496 1773 700 1882; x_wconf 92' lang='lat' dir='ltr'>puniendi,</span> <span class='ocrx_word' id='word_1_49' title='bbox 723 1773 930 1881; x_wconf 90' lang='lat' dir='ltr'>accipiendi</span> <span class='ocrx_word' id='word_1_50' title='bbox 953 1771 1149 1876; x_wconf 90' lang='lat' dir='ltr'>denarios,</span> <span class='ocrx_word' id='word_1_51' title='bbox 1170 1782 1241 1852; x_wconf 87' lang='lat' dir='ltr'>etc.</span> <span class='ocrx_word' id='word_1_52' title='bbox 1274 1769 1396 1852; x_wconf 87' lang='lat' dir='ltr'>Simul</span> <span class='ocrx_word' id='word_1_53' title='bbox 1419 1771 1566 1856; x_wconf 86' lang='lat' dir='ltr'>inhibet</span> <span class='ocrx_word' id='word_1_54' title='bbox 1583 1801 1632 1856; x_wconf 90' lang='lat' dir='ltr'>ne</span> 
     </span>
     <span class='ocr_line' id='line_1_8' title="bbox 215 1901 1630 2014; baseline 0.004 -32"><span class='ocrx_word' id='word_1_55' title='bbox 215 1901 344 2013; x_wconf 90' lang='lat' dir='ltr'>aliqua</span> <span class='ocrx_word' id='word_1_56' title='bbox 372 1903 512 1987; x_wconf 85' lang='lat' dir='ltr'>civium</span> <span class='ocrx_word' id='word_1_57' title='bbox 542 1905 702 1988; x_wconf 87' lang='lat' dir='ltr'>societas</span> <span class='ocrx_word' id='word_1_58' title='bbox 732 1905 772 1986; x_wconf 92' lang='lat' dir='ltr'>in</span> <span class='ocrx_word' id='word_1_59' title='bbox 800 1905 1018 2014; x_wconf 89' lang='lat' dir='ltr'>episcopatu</span> <span class='ocrx_word' id='word_1_60' title='bbox 1037 1903 1104 1984; x_wconf 89' lang='lat' dir='ltr'>fiat</span> <span class='ocrx_word' id='word_1_61' title='bbox 1126 1913 1276 2010; x_wconf 89' lang='lat' dir='ltr'>praeter</span> <span class='ocrx_word' id='word_1_62' title='bbox 1302 1901 1465 2012; x_wconf 86' lang='lat' dir='ltr'>episcopi</span> <span class='ocrx_word' id='word_1_63' title='bbox 1491 1931 1630 1988; x_wconf 90' lang='lat' dir='ltr'>assen-</span> 
     </span>
     <span class='ocr_line' id='line_1_9' title="bbox 216 2034 1082 2144; baseline -0.001 -27"><span class='ocrx_word' id='word_1_64' title='bbox 216 2060 321 2138; x_wconf 88' lang='lat' dir='ltr'>sum,</span> <span class='ocrx_word' id='word_1_65' title='bbox 344 2034 590 2120; x_wconf 72' lang='lat' dir='ltr'>alienationes</span> <span class='ocrx_word' id='word_1_66' title='bbox 607 2062 740 2120; x_wconf 90' lang='lat' dir='ltr'>omnes</span> <span class='ocrx_word' id='word_1_67' title='bbox 758 2037 990 2144; x_wconf 85' lang='lat' dir='ltr'>revocando,</span> <span class='ocrx_word' id='word_1_68' title='bbox 1011 2046 1082 2118; x_wconf 90' lang='lat' dir='ltr'>etc.</span> 
     </span>
    </p>
   </div>
   <div class='ocr_carea' id='block_1_3' title="bbox 294 2231 1629 2423">
    <p class='ocr_par' dir='ltr' id='par_1_3' title="bbox 294 2231 1629 2423">
     <span class='ocr_line' id='line_1_10' title="bbox 294 2231 1629 2317; baseline 0.005 -20"><span class='ocrx_word' id='word_1_69' title='bbox 294 2233 411 2316; x_wconf 77' lang='lat' dir='ltr'>(Edidit</span> <span class='ocrx_word' id='word_1_70' title='bbox 425 2237 681 2310; x_wconf 63' lang='lat' dir='ltr'>dementantur,</span> <span class='ocrx_word' id='word_1_71' title='bbox 695 2237 876 2317; x_wconf 67' lang='lat' dir='ltr'>Operam.</span> <span class='ocrx_word' id='word_1_72' title='bbox 891 2240 924 2297; x_wconf 92' lang='lat' dir='ltr'>tn</span> <span class='ocrx_word' id='word_1_73' title='bbox 933 2235 983 2297; x_wconf 91' lang='lat' dir='ltr'>ltb.</span> <span class='ocrx_word' id='word_1_74' title='bbox 995 2236 1021 2311; x_wconf 93' lang='lat' dir='ltr'>l,</span> <span class='ocrx_word' id='word_1_75' title='bbox 1036 2237 1079 2297; x_wconf 74' lang='lat' dir='ltr'>na</span> <span class='ocrx_word' id='word_1_76' title='bbox 1092 2236 1174 2315; x_wconf 75' lang='lat' dir='ltr'>episc.</span> <span class='ocrx_word' id='word_1_77' title='bbox 1192 2231 1320 2314; x_wconf 75' lang='lat' dir='ltr'>Valent,</span> <span class='ocrx_word' id='word_1_78' title='bbox 1332 2251 1364 2314; x_wconf 91' lang='lat' dir='ltr'>p.</span> <span class='ocrx_word' id='word_1_79' title='bbox 1380 2245 1521 2312; x_wconf 69' lang='lat' dir='ltr'>atta-tto,</span> <span class='ocrx_word' id='word_1_80' title='bbox 1532 2239 1629 2305; x_wconf 83' lang='lat' dir='ltr'>tu-tcl.</span> 
     </span>
     <span class='ocr_line' id='line_1_11' title="bbox 333 2344 603 2423; baseline 0 -19"><span class='ocrx_word' id='word_1_81' title='bbox 333 2344 485 2422; x_wconf 80' lang='lat' dir='ltr'>Lugdunt,</span> <span class='ocrx_word' id='word_1_82' title='bbox 503 2345 603 2423; x_wconf 83' lang='lat' dir='ltr'>reos.)</span> 
     </span>
    </p>
   </div>
   <div class='ocr_carea' id='block_1_4' title="bbox 211 2514 1635 3972">
    <p class='ocr_par' dir='ltr' id='par_1_4' title="bbox 211 2514 1635 3972">
     <span class='ocr_line' id='line_1_12' title="bbox 261 2514 1632 2608; baseline 0.007 -22"><span class='ocrx_word' id='word_1_83' title='bbox 261 2515 300 2586; x_wconf 93' lang='lat' dir='ltr'>ln</span> <span class='ocrx_word' id='word_1_84' title='bbox 327 2515 467 2588; x_wconf 89' lang='lat' dir='ltr'>nomine</span> <span class='ocrx_word' id='word_1_85' title='bbox 485 2525 603 2589; x_wconf 87' lang='lat' dir='ltr'>sancte</span> <span class='ocrx_word' id='word_1_86' title='bbox 623 2525 659 2588; x_wconf 90' lang='lat' dir='ltr'>et</span> <span class='ocrx_word' id='word_1_87' title='bbox 676 2515 859 2588; x_wconf 89' lang='lat' dir='ltr'>individue</span> <span class='ocrx_word' id='word_1_88' title='bbox 877 2515 1061 2588; x_wconf 77' lang='lat' dir='ltr'>Trinitatis.</span> <span class='ocrx_word' id='word_1_89' title='bbox 1078 2514 1271 2588; x_wconf 86' lang='lat' dir='ltr'>Fridericus</span> <span class='ocrx_word' id='word_1_90' title='bbox 1286 2515 1333 2608; x_wconf 91' lang='lat' dir='ltr'>ll,</span> <span class='ocrx_word' id='word_1_91' title='bbox 1355 2515 1476 2591; x_wconf 89' lang='lat' dir='ltr'>divina</span> <span class='ocrx_word' id='word_1_92' title='bbox 1494 2521 1632 2597; x_wconf 79' lang='lat' dir='ltr'>favente</span> 
     </span>
     <span class='ocr_line' id='line_1_13' title="bbox 214 2641 1632 2736; baseline 0.007 -26"><span class='ocrx_word' id='word_1_93' title='bbox 214 2641 393 2714; x_wconf 87' lang='lat' dir='ltr'>clementia</span> <span class='ocrx_word' id='word_1_94' title='bbox 416 2641 648 2714; x_wconf 82' lang='lat' dir='ltr'>Romanorum</span> <span class='ocrx_word' id='word_1_95' title='bbox 670 2641 855 2736; x_wconf 90' lang='lat' dir='ltr'>imperator</span> <span class='ocrx_word' id='word_1_96' title='bbox 875 2660 1012 2736; x_wconf 85' lang='lat' dir='ltr'>semper</span> <span class='ocrx_word' id='word_1_97' title='bbox 1035 2648 1224 2734; x_wconf 84' lang='lat' dir='ltr'>augustus,</span> <span class='ocrx_word' id='word_1_98' title='bbox 1251 2641 1440 2714; x_wconf 83' lang='lat' dir='ltr'>Jerusalem</span> <span class='ocrx_word' id='word_1_99' title='bbox 1459 2651 1495 2716; x_wconf 89' lang='lat' dir='ltr'>et</span> <span class='ocrx_word' id='word_1_100' title='bbox 1519 2643 1632 2720; x_wconf 90' lang='lat' dir='ltr'>Sicilie</span> 
     </span>
     <span class='ocr_line' id='line_1_14' title="bbox 214 2762 1628 2860; baseline 0.004 -24"><span class='ocrx_word' id='word_1_101' title='bbox 214 2785 286 2836; x_wconf 85' lang='lat' dir='ltr'>rex.</span> <span class='ocrx_word' id='word_1_102' title='bbox 302 2765 338 2835; x_wconf 91' lang='lat' dir='ltr'>Si</span> <span class='ocrx_word' id='word_1_103' title='bbox 352 2763 442 2837; x_wconf 89' lang='lat' dir='ltr'>bene</span> <span class='ocrx_word' id='word_1_104' title='bbox 460 2765 591 2838; x_wconf 90' lang='lat' dir='ltr'>meritis</span> <span class='ocrx_word' id='word_1_105' title='bbox 608 2788 649 2838; x_wconf 89' lang='lat' dir='ltr'>ac</span> <span class='ocrx_word' id='word_1_106' title='bbox 661 2765 814 2860; x_wconf 84' lang='lat' dir='ltr'>expertis</span> <span class='ocrx_word' id='word_1_107' title='bbox 833 2763 993 2836; x_wconf 87' lang='lat' dir='ltr'>fidelibus</span> <span class='ocrx_word' id='word_1_108' title='bbox 1005 2764 1183 2837; x_wconf 85' lang='lat' dir='ltr'>retributio</span> <span class='ocrx_word' id='word_1_109' title='bbox 1199 2762 1359 2836; x_wconf 86' lang='lat' dir='ltr'>redditur</span> <span class='ocrx_word' id='word_1_110' title='bbox 1374 2767 1477 2858; x_wconf 86' lang='lat' dir='ltr'>juxta</span> <span class='ocrx_word' id='word_1_111' title='bbox 1495 2777 1628 2858; x_wconf 87' lang='lat' dir='ltr'>votum,</span> 
     </span>
     <span class='ocr_line' id='line_1_15' title="bbox 213 2887 1632 2984; baseline 0.003 -25"><span class='ocrx_word' id='word_1_112' title='bbox 213 2887 396 2960; x_wconf 88' lang='lat' dir='ltr'>salubriter</span> <span class='ocrx_word' id='word_1_113' title='bbox 411 2909 457 2962; x_wconf 86' lang='lat' dir='ltr'>ex</span> <span class='ocrx_word' id='word_1_114' title='bbox 472 2888 539 2962; x_wconf 91' lang='lat' dir='ltr'>boc</span> <span class='ocrx_word' id='word_1_115' title='bbox 555 2891 745 2962; x_wconf 80' lang='lat' dir='ltr'>consulitur</span> <span class='ocrx_word' id='word_1_116' title='bbox 759 2889 970 2984; x_wconf 85' lang='lat' dir='ltr'>profectibus</span> <span class='ocrx_word' id='word_1_117' title='bbox 986 2888 1177 2982; x_wconf 78' lang='lat' dir='ltr'>largientis,</span> <span class='ocrx_word' id='word_1_118' title='bbox 1192 2887 1356 2982; x_wconf 88' lang='lat' dir='ltr'>quoniam</span> <span class='ocrx_word' id='word_1_119' title='bbox 1374 2909 1417 2961; x_wconf 90' lang='lat' dir='ltr'>eo</span> <span class='ocrx_word' id='word_1_120' title='bbox 1430 2889 1552 2962; x_wconf 83' lang='lat' dir='ltr'>fortius</span> <span class='ocrx_word' id='word_1_121' title='bbox 1564 2891 1632 2965; x_wconf 91' lang='lat' dir='ltr'>vir·</span> 
     </span>
     <span class='ocr_line' id='line_1_16' title="bbox 213 3010 1628 3109; baseline 0.003 -29"><span class='ocrx_word' id='word_1_122' title='bbox 213 3019 268 3081; x_wconf 89' lang='lat' dir='ltr'>tus</span> <span class='ocrx_word' id='word_1_123' title='bbox 292 3011 474 3085; x_wconf 86' lang='lat' dir='ltr'>roboratur</span> <span class='ocrx_word' id='word_1_124' title='bbox 499 3013 757 3109; x_wconf 90' lang='lat' dir='ltr'>principisque</span> <span class='ocrx_word' id='word_1_125' title='bbox 783 3012 919 3107; x_wconf 90' lang='lat' dir='ltr'>plenius</span> <span class='ocrx_word' id='word_1_126' title='bbox 944 3033 1005 3108; x_wconf 92' lang='lat' dir='ltr'>per</span> <span class='ocrx_word' id='word_1_127' title='bbox 1029 3011 1192 3084; x_wconf 88' lang='lat' dir='ltr'>eumdem</span> <span class='ocrx_word' id='word_1_128' title='bbox 1223 3010 1386 3102; x_wconf 90' lang='lat' dir='ltr'>subjectis</span> <span class='ocrx_word' id='word_1_129' title='bbox 1415 3012 1628 3108; x_wconf 87' lang='lat' dir='ltr'>providetur.</span> 
     </span>
     <span class='ocr_line' id='line_1_17' title="bbox 213 3135 1634 3232; baseline 0.004 -26"><span class='ocrx_word' id='word_1_130' title='bbox 213 3135 414 3208; x_wconf 87' lang='lat' dir='ltr'>Venientem</span> <span class='ocrx_word' id='word_1_131' title='bbox 440 3136 558 3232; x_wconf 87' lang='lat' dir='ltr'>itaque</span> <span class='ocrx_word' id='word_1_132' title='bbox 580 3137 627 3210; x_wconf 88' lang='lat' dir='ltr'>ad</span> <span class='ocrx_word' id='word_1_133' title='bbox 655 3137 788 3210; x_wconf 88' lang='lat' dir='ltr'>curiam</span> <span class='ocrx_word' id='word_1_134' title='bbox 808 3143 959 3210; x_wconf 79' lang='lat' dir='ltr'>nosbam</span> <span class='ocrx_word' id='word_1_135' title='bbox 983 3135 1204 3208; x_wconf 89' lang='lat' dir='ltr'>Guilielmum</span> <span class='ocrx_word' id='word_1_136' title='bbox 1221 3135 1474 3209; x_wconf 85' lang='lat' dir='ltr'>Valentinensis</span> <span class='ocrx_word' id='word_1_137' title='bbox 1491 3137 1634 3211; x_wconf 87' lang='lat' dir='ltr'>ecclesie</span> 
     </span>
     <span class='ocr_line' id='line_1_18' title="bbox 213 3257 1634 3358; baseline 0.003 -28"><span class='ocrx_word' id='word_1_138' title='bbox 213 3259 444 3334; x_wconf 87' lang='lat' dir='ltr'>venerabilem</span> <span class='ocrx_word' id='word_1_139' title='bbox 477 3269 733 3356; x_wconf 88' lang='lat' dir='ltr'>procuratorem</span> <span class='ocrx_word' id='word_1_140' title='bbox 767 3281 829 3334; x_wconf 92' lang='lat' dir='ltr'>seu</span> <span class='ocrx_word' id='word_1_141' title='bbox 859 3260 1004 3333; x_wconf 92' lang='lat' dir='ltr'>electum</span> <span class='ocrx_word' id='word_1_142' title='bbox 1038 3258 1155 3332; x_wconf 89' lang='lat' dir='ltr'>debita</span> <span class='ocrx_word' id='word_1_143' title='bbox 1186 3257 1447 3334; x_wconf 88' lang='lat' dir='ltr'>honorificentia</span> <span class='ocrx_word' id='word_1_144' title='bbox 1474 3263 1634 3358; x_wconf 87' lang='lat' dir='ltr'>suscepi-</span> 
     </span>
     <span class='ocr_line' id='line_1_19' title="bbox 214 3381 1634 3480; baseline 0.004 -26"><span class='ocrx_word' id='word_1_145' title='bbox 214 3405 290 3454; x_wconf 91' lang='lat' dir='ltr'>mus</span> <span class='ocrx_word' id='word_1_146' title='bbox 308 3383 362 3478; x_wconf 85' lang='lat' dir='ltr'>(t)</span> <span class='ocrx_word' id='word_1_147' title='bbox 375 3392 410 3455; x_wconf 88' lang='lat' dir='ltr'>et</span> <span class='ocrx_word' id='word_1_148' title='bbox 423 3393 587 3458; x_wconf 88' lang='lat' dir='ltr'>consueta</span> <span class='ocrx_word' id='word_1_149' title='bbox 604 3385 820 3478; x_wconf 76' lang='lat' dir='ltr'>benignitate</span> <span class='ocrx_word' id='word_1_150' title='bbox 834 3384 1069 3474; x_wconf 81' lang='lat' dir='ltr'>tractavimus,</span> <span class='ocrx_word' id='word_1_151' title='bbox 1090 3383 1276 3478; x_wconf 88' lang='lat' dir='ltr'>ipsumque</span> <span class='ocrx_word' id='word_1_152' title='bbox 1291 3381 1336 3456; x_wconf 93' lang='lat' dir='ltr'>de</span> <span class='ocrx_word' id='word_1_153' title='bbox 1351 3383 1513 3457; x_wconf 92' lang='lat' dir='ltr'>omnibus</span> <span class='ocrx_word' id='word_1_154' title='bbox 1530 3405 1634 3480; x_wconf 82' lang='lat' dir='ltr'>rega-</span> 
     </span>
     <span class='ocr_line' id='line_1_20' title="bbox 212 3505 1635 3602; baseline 0.006 -26"><span class='ocrx_word' id='word_1_155' title='bbox 212 3505 320 3595; x_wconf 90' lang='lat' dir='ltr'>libus,</span> <span class='ocrx_word' id='word_1_156' title='bbox 339 3507 478 3598; x_wconf 85' lang='lat' dir='ltr'>castris,</span> <span class='ocrx_word' id='word_1_157' title='bbox 493 3509 747 3581; x_wconf 91' lang='lat' dir='ltr'>munitionibus</span> <span class='ocrx_word' id='word_1_158' title='bbox 759 3515 794 3580; x_wconf 92' lang='lat' dir='ltr'>et</span> <span class='ocrx_word' id='word_1_159' title='bbox 811 3507 984 3580; x_wconf 85' lang='lat' dir='ltr'>universis</span> <span class='ocrx_word' id='word_1_160' title='bbox 1001 3505 1276 3602; x_wconf 89' lang='lat' dir='ltr'>possessionibus</span> <span class='ocrx_word' id='word_1_161' title='bbox 1293 3507 1443 3581; x_wconf 83' lang='lat' dir='ltr'>civitatis</span> <span class='ocrx_word' id='word_1_162' title='bbox 1455 3508 1635 3584; x_wconf 82' lang='lat' dir='ltr'>valentine</span> 
     </span>
     <span class='ocr_line' id='line_1_21' title="bbox 211 3629 1634 3728; baseline 0.004 -28"><span class='ocrx_word' id='word_1_163' title='bbox 211 3638 246 3700; x_wconf 90' lang='lat' dir='ltr'>et</span> <span class='ocrx_word' id='word_1_164' title='bbox 267 3629 373 3701; x_wconf 89' lang='lat' dir='ltr'>totius</span> <span class='ocrx_word' id='word_1_165' title='bbox 396 3631 616 3727; x_wconf 86' lang='lat' dir='ltr'>episcopatus</span> <span class='ocrx_word' id='word_1_166' title='bbox 637 3631 837 3728; x_wconf 91' lang='lat' dir='ltr'>plenissime</span> <span class='ocrx_word' id='word_1_167' title='bbox 863 3631 1123 3721; x_wconf 90' lang='lat' dir='ltr'>investivimus;</span> <span class='ocrx_word' id='word_1_168' title='bbox 1147 3652 1228 3702; x_wconf 93' lang='lat' dir='ltr'>cum</span> <span class='ocrx_word' id='word_1_169' title='bbox 1246 3651 1309 3726; x_wconf 88' lang='lat' dir='ltr'>per</span> <span class='ocrx_word' id='word_1_170' title='bbox 1332 3631 1553 3726; x_wconf 80' lang='lat' dir='ltr'>privilegium</span> <span class='ocrx_word' id='word_1_171' title='bbox 1573 3633 1634 3705; x_wconf 92' lang='lat' dir='ltr'>in-</span> 
     </span>
     <span class='ocr_line' id='line_1_22' title="bbox 212 3751 1635 3851; baseline 0.006 -30"><span class='ocrx_word' id='word_1_172' title='bbox 212 3751 302 3846; x_wconf 85' lang='lat' dir='ltr'>clyte</span> <span class='ocrx_word' id='word_1_173' title='bbox 318 3753 564 3826; x_wconf 88' lang='lat' dir='ltr'>recordationis</span> <span class='ocrx_word' id='word_1_174' title='bbox 577 3753 742 3826; x_wconf 88' lang='lat' dir='ltr'>Friderici</span> <span class='ocrx_word' id='word_1_175' title='bbox 759 3755 817 3826; x_wconf 88' lang='lat' dir='ltr'>avi</span> <span class='ocrx_word' id='word_1_176' title='bbox 837 3755 943 3826; x_wconf 89' lang='lat' dir='ltr'>nostri</span> <span class='ocrx_word' id='word_1_177' title='bbox 959 3753 1062 3850; x_wconf 92' lang='lat' dir='ltr'>plene</span> <span class='ocrx_word' id='word_1_178' title='bbox 1076 3753 1267 3826; x_wconf 89' lang='lat' dir='ltr'>constiterit</span> <span class='ocrx_word' id='word_1_179' title='bbox 1283 3753 1348 3826; x_wconf 91' lang='lat' dir='ltr'>bec</span> <span class='ocrx_word' id='word_1_180' title='bbox 1361 3751 1484 3826; x_wconf 90' lang='lat' dir='ltr'>eadem</span> <span class='ocrx_word' id='word_1_181' title='bbox 1499 3755 1635 3851; x_wconf 85' lang='lat' dir='ltr'>abipso</span> 
     </span>
     <span class='ocr_line' id='line_1_23' title="bbox 212 3875 1635 3972; baseline 0.004 -26"><span class='ocrx_word' id='word_1_182' title='bbox 212 3875 495 3971; x_wconf 70' lang='lat' dir='ltr'>predecessorum</span> <span class='ocrx_word' id='word_1_183' title='bbox 513 3900 656 3950; x_wconf 88' lang='lat' dir='ltr'>suorum</span> <span class='ocrx_word' id='word_1_184' title='bbox 672 3879 829 3969; x_wconf 79' lang='lat' dir='ltr'>vestigiis</span> <span class='ocrx_word' id='word_1_185' title='bbox 843 3879 1020 3951; x_wconf 88' lang='lat' dir='ltr'>inherente</span> <span class='ocrx_word' id='word_1_186' title='bbox 1039 3899 1199 3950; x_wconf 91' lang='lat' dir='ltr'>concessa</span> <span class='ocrx_word' id='word_1_187' title='bbox 1217 3878 1322 3950; x_wconf 85' lang='lat' dir='ltr'>fuisse</span> <span class='ocrx_word' id='word_1_188' title='bbox 1335 3876 1635 3972; x_wconf 89' lang='lat' dir='ltr'>predecessoribus</span> 
     </span>
    </p>
   </div>
   <div class='ocr_carea' id='block_1_5' title="bbox 472 4045 1263 4055">
    <p class='ocr_par' dir='ltr' id='par_1_5' title="bbox 472 4045 1263 4055">
     <span class='ocr_line' id='line_1_24' title="bbox 472 4045 1263 4055; baseline -0.003 -1"><span class='ocrx_word' id='word_1_189' title='bbox 472 4045 479 4054; x_wconf 71' lang='grc' dir='ltr'><strong><em>ο</em></strong></span> <span class='ocrx_word' id='word_1_190' title='bbox 486 4046 537 4054; x_wconf 74' lang='grc' dir='ltr'>ι·-</span> <span class='ocrx_word' id='word_1_191' title='bbox 543 4047 951 4055; x_wconf 43' lang='grc' dir='ltr'>--η-..Ἀ---ωψ--ρ--η-..ᾑ</span> <span class='ocrx_word' id='word_1_192' title='bbox 957 4046 1021 4054; x_wconf 71' lang='grc' dir='ltr'>...ι-</span> <span class='ocrx_word' id='word_1_193' title='bbox 1027 4045 1197 4054; x_wconf 61' lang='lat'>0———0-0-0--1</span> <span class='ocrx_word' id='word_1_194' title='bbox 1207 4045 1263 4052; x_wconf 52' lang='lat' dir='ltr'>n·-</span> 
     </span>
    </p>
   </div>
   <div class='ocr_carea' id='block_1_6' title="bbox 210 4117 1636 4780">
    <p class='ocr_par' dir='ltr' id='par_1_6' title="bbox 210 4117 1636 4780">
     <span class='ocr_line' id='line_1_25' title="bbox 246 4117 1635 4196; baseline 0.006 -22"><span class='ocrx_word' id='word_1_195' title='bbox 246 4117 284 4192; x_wconf 87' lang='lat' dir='ltr'>(t)</span> <span class='ocrx_word' id='word_1_196' title='bbox 303 4119 413 4193; x_wconf 80' lang='lat' dir='ltr'>Legitur</span> <span class='ocrx_word' id='word_1_197' title='bbox 426 4136 472 4194; x_wconf 87' lang='lat' dir='ltr'>ap.</span> <span class='ocrx_word' id='word_1_198' title='bbox 486 4121 575 4180; x_wconf 71' lang='lat' dir='ltr'>Nam.</span> <span class='ocrx_word' id='word_1_199' title='bbox 591 4121 787 4193; x_wconf 78' lang='lat' dir='ltr'>rmrs.,11er.</span> <span class='ocrx_word' id='word_1_200' title='bbox 802 4123 870 4196; x_wconf 73' lang='lat' dir='ltr'>maj.</span> <span class='ocrx_word' id='word_1_201' title='bbox 883 4121 1007 4195; x_wconf 68' lang='lat' dir='ltr'>topica,</span> <span class='ocrx_word' id='word_1_202' title='bbox 1023 4122 1057 4179; x_wconf 88' lang='lat' dir='ltr'>ad</span> <span class='ocrx_word' id='word_1_203' title='bbox 1068 4136 1133 4178; x_wconf 89' lang='lat' dir='ltr'>ann.</span> <span class='ocrx_word' id='word_1_204' title='bbox 1147 4123 1228 4190; x_wconf 71' lang='lat' dir='ltr'>ttae,</span> <span class='ocrx_word' id='word_1_205' title='bbox 1243 4138 1271 4194; x_wconf 93' lang='lat' dir='ltr'>p.</span> <span class='ocrx_word' id='word_1_206' title='bbox 1286 4123 1359 4177; x_wconf 75' lang='lat' dir='ltr'>tte:</span> <span class='ocrx_word' id='word_1_207' title='bbox 1376 4121 1564 4181; x_wconf 78' lang='lat' dir='ltr'>atterentem</span> <span class='ocrx_word' id='word_1_208' title='bbox 1575 4123 1635 4182; x_wconf 75' lang='lat' dir='ltr'>An·</span> 
     </span>
     <span class='ocr_line' id='line_1_26' title="bbox 211 4213 1635 4292; baseline 0.006 -21"><span class='ocrx_word' id='word_1_209' title='bbox 211 4213 280 4284; x_wconf 73' lang='lat' dir='ltr'>gline</span> <span class='ocrx_word' id='word_1_210' title='bbox 300 4215 423 4274; x_wconf 78' lang='lat' dir='ltr'>sororius</span> <span class='ocrx_word' id='word_1_211' title='bbox 440 4217 501 4290; x_wconf 83' lang='lat' dir='ltr'>ejus</span> <span class='ocrx_word' id='word_1_212' title='bbox 513 4217 677 4292; x_wconf 78' lang='lat' dir='ltr'>(Frederici)</span> <span class='ocrx_word' id='word_1_213' title='bbox 694 4223 803 4277; x_wconf 86' lang='lat' dir='ltr'>centum</span> <span class='ocrx_word' id='word_1_214' title='bbox 825 4219 849 4274; x_wconf 88' lang='lat' dir='ltr'>ai</span> <span class='ocrx_word' id='word_1_215' title='bbox 870 4218 968 4275; x_wconf 84' lang='lat' dir='ltr'>milites</span> <span class='ocrx_word' id='word_1_216' title='bbox 990 4219 1072 4275; x_wconf 80' lang='lat' dir='ltr'>arm&#39;e</span> <span class='ocrx_word' id='word_1_217' title='bbox 1089 4224 1117 4274; x_wconf 88' lang='lat' dir='ltr'>et</span> <span class='ocrx_word' id='word_1_218' title='bbox 1134 4217 1211 4290; x_wconf 87' lang='lat' dir='ltr'>equis</span> <span class='ocrx_word' id='word_1_219' title='bbox 1224 4218 1353 4276; x_wconf 86' lang='lat' dir='ltr'>decenter</span> <span class='ocrx_word' id='word_1_220' title='bbox 1372 4219 1551 4279; x_wconf 85' lang='lat' dir='ltr'>communitos</span> <span class='ocrx_word' id='word_1_221' title='bbox 1573 4237 1635 4279; x_wconf 87' lang='lat' dir='ltr'>cum</span> 
     </span>
     <span class='ocr_line' id='line_1_27' title="bbox 213 4310 1636 4392; baseline 0.006 -23"><span class='ocrx_word' id='word_1_222' title='bbox 213 4310 342 4370; x_wconf 76' lang='lat' dir='ltr'>thesauro</span> <span class='ocrx_word' id='word_1_223' title='bbox 358 4328 413 4371; x_wconf 88' lang='lat' dir='ltr'>nnn</span> <span class='ocrx_word' id='word_1_224' title='bbox 434 4314 547 4374; x_wconf 74' lang='lat' dir='ltr'>minim</span> <span class='ocrx_word' id='word_1_225' title='bbox 565 4314 617 4374; x_wconf 87' lang='lat' dir='ltr'>sub</span> <span class='ocrx_word' id='word_1_226' title='bbox 635 4317 737 4374; x_wconf 87' lang='lat' dir='ltr'>ducatu</span> <span class='ocrx_word' id='word_1_227' title='bbox 760 4316 868 4374; x_wconf 86' lang='lat' dir='ltr'>ilenrici</span> <span class='ocrx_word' id='word_1_228' title='bbox 887 4317 921 4373; x_wconf 88' lang='lat' dir='ltr'>de</span> <span class='ocrx_word' id='word_1_229' title='bbox 936 4317 1098 4374; x_wconf 84' lang='lat' dir='ltr'>Trublaville</span> <span class='ocrx_word' id='word_1_230' title='bbox 1120 4315 1147 4372; x_wconf 93' lang='lat' dir='ltr'>in</span> <span class='ocrx_word' id='word_1_231' title='bbox 1169 4315 1299 4374; x_wconf 81' lang='lat' dir='ltr'>auxilium</span> <span class='ocrx_word' id='word_1_232' title='bbox 1322 4314 1475 4376; x_wconf 85' lang='lat' dir='ltr'>destinavit.</span> <span class='ocrx_word' id='word_1_233' title='bbox 1496 4318 1538 4375; x_wconf 80' lang='lat' dir='ltr'>Ad</span> <span class='ocrx_word' id='word_1_234' title='bbox 1559 4318 1636 4392; x_wconf 81' lang='lat' dir='ltr'>cujus</span> 
     </span>
     <span class='ocr_line' id='line_1_28' title="bbox 215 4410 1636 4486; baseline 0.005 -21"><span class='ocrx_word' id='word_1_235' title='bbox 215 4410 297 4466; x_wconf 84' lang='lat' dir='ltr'>ctiam</span> <span class='ocrx_word' id='word_1_236' title='bbox 312 4410 444 4467; x_wconf 84' lang='lat' dir='ltr'>auritium</span> <span class='ocrx_word' id='word_1_237' title='bbox 456 4426 518 4470; x_wconf 89' lang='lat' dir='ltr'>cum</span> <span class='ocrx_word' id='word_1_238' title='bbox 538 4411 669 4471; x_wconf 87' lang='lat' dir='ltr'>militibus</span> <span class='ocrx_word' id='word_1_239' title='bbox 682 4429 752 4486; x_wconf 87' lang='lat' dir='ltr'>quos</span> <span class='ocrx_word' id='word_1_240' title='bbox 772 4413 835 4470; x_wconf 87' lang='lat' dir='ltr'>illuc</span> <span class='ocrx_word' id='word_1_241' title='bbox 856 4419 911 4470; x_wconf 90' lang='lat' dir='ltr'>tarn</span> <span class='ocrx_word' id='word_1_242' title='bbox 926 4429 1017 4471; x_wconf 84' lang='lat' dir='ltr'>comes</span> <span class='ocrx_word' id='word_1_243' title='bbox 1038 4413 1206 4471; x_wconf 85' lang='lat' dir='ltr'>Tholosanns</span> <span class='ocrx_word' id='word_1_244' title='bbox 1225 4428 1310 4486; x_wconf 88' lang='lat' dir='ltr'>quam</span> <span class='ocrx_word' id='word_1_245' title='bbox 1322 4413 1494 4472; x_wconf 80' lang='lat' dir='ltr'>Prouincialis</span> <span class='ocrx_word' id='word_1_246' title='bbox 1513 4414 1542 4471; x_wconf 87' lang='lat' dir='ltr'>in</span> <span class='ocrx_word' id='word_1_247' title='bbox 1559 4416 1636 4474; x_wconf 83' lang='lat' dir='ltr'>auxt-</span> 
     </span>
     <span class='ocr_line' id='line_1_29' title="bbox 213 4504 1635 4584; baseline 0.007 -24"><span class='ocrx_word' id='word_1_248' title='bbox 213 4504 277 4562; x_wconf 89' lang='lat' dir='ltr'>tinm</span> <span class='ocrx_word' id='word_1_249' title='bbox 291 4505 466 4580; x_wconf 81' lang='lat' dir='ltr'>imperatoris</span> <span class='ocrx_word' id='word_1_250' title='bbox 479 4508 659 4580; x_wconf 82' lang='lat' dir='ltr'>destinarunt,</span> <span class='ocrx_word' id='word_1_251' title='bbox 674 4509 776 4568; x_wconf 85' lang='lat' dir='ltr'>alectus</span> <span class='ocrx_word' id='word_1_252' title='bbox 795 4510 951 4568; x_wconf 82' lang='lat' dir='ltr'>Valentinus</span> <span class='ocrx_word' id='word_1_253' title='bbox 964 4511 1011 4582; x_wconf 90' lang='lat' dir='ltr'>qui</span> <span class='ocrx_word' id='word_1_254' title='bbox 1027 4509 1088 4584; x_wconf 87' lang='lat' dir='ltr'>plus</span> <span class='ocrx_word' id='word_1_255' title='bbox 1102 4509 1137 4568; x_wconf 88' lang='lat' dir='ltr'>da</span> <span class='ocrx_word' id='word_1_256' title='bbox 1152 4509 1337 4569; x_wconf 87' lang='lat' dir='ltr'>materialibus</span> <span class='ocrx_word' id='word_1_257' title='bbox 1347 4526 1431 4584; x_wconf 92' lang='lat' dir='ltr'>quam</span> <span class='ocrx_word' id='word_1_258' title='bbox 1450 4510 1635 4584; x_wconf 86' lang='lat' dir='ltr'>spiritualibus</span> 
     </span>
     <span class='ocr_line' id='line_1_30' title="bbox 210 4602 1636 4682; baseline 0.005 -23"><span class='ocrx_word' id='word_1_259' title='bbox 210 4602 292 4660; x_wconf 78' lang='lat' dir='ltr'>ermis</span> <span class='ocrx_word' id='word_1_260' title='bbox 314 4609 444 4676; x_wconf 83' lang='lat' dir='ltr'>noverat,</span> <span class='ocrx_word' id='word_1_261' title='bbox 465 4621 520 4662; x_wconf 89' lang='lat' dir='ltr'>non</span> <span class='ocrx_word' id='word_1_262' title='bbox 542 4609 663 4679; x_wconf 81' lang='lat' dir='ltr'>segniter</span> <span class='ocrx_word' id='word_1_263' title='bbox 686 4608 850 4681; x_wconf 84' lang='lat' dir='ltr'>properavit.</span> <span class='ocrx_word' id='word_1_264' title='bbox 871 4626 885 4660; x_wconf 80' lang='lat' dir='ltr'>r</span> <span class='ocrx_word' id='word_1_265' title='bbox 906 4607 966 4676; x_wconf 90' lang='lat' dir='ltr'>Quo</span> <span class='ocrx_word' id='word_1_266' title='bbox 981 4617 1102 4680; x_wconf 88' lang='lat' dir='ltr'>tempore</span> <span class='ocrx_word' id='word_1_267' title='bbox 1125 4607 1286 4666; x_wconf 84' lang='lat' dir='ltr'>Guilelmus</span> <span class='ocrx_word' id='word_1_268' title='bbox 1304 4607 1340 4666; x_wconf 87' lang='lat' dir='ltr'>ad</span> <span class='ocrx_word' id='word_1_269' title='bbox 1362 4609 1552 4682; x_wconf 81' lang='lat' dir='ltr'>imperatorem</span> <span class='ocrx_word' id='word_1_270' title='bbox 1572 4612 1636 4666; x_wconf 87' lang='lat' dir='ltr'>tunc</span> 
     </span>
     <span class='ocr_line' id='line_1_31' title="bbox 211 4685 1183 4780; baseline 0.003 -20"><span class='ocrx_word' id='word_1_271' title='bbox 211 4695 325 4760; x_wconf 75' lang='lat' dir='ltr'>Brixiam</span> <span class='ocrx_word' id='word_1_272' title='bbox 338 4685 509 4762; x_wconf 75' lang='lat' dir='ltr'>obsidentem</span> <span class='ocrx_word' id='word_1_273' title='bbox 521 4704 677 4778; x_wconf 83' lang='lat' dir='ltr'>advenerit,</span> <span class='ocrx_word' id='word_1_274' title='bbox 691 4719 774 4780; x_wconf 84' lang='lat' dir='ltr'>supra</span> <span class='ocrx_word' id='word_1_275' title='bbox 788 4706 949 4778; x_wconf 82' lang='lat' dir='ltr'>notavimus,</span> <span class='ocrx_word' id='word_1_276' title='bbox 962 4721 991 4780; x_wconf 91' lang='lat' dir='ltr'>p.</span> <span class='ocrx_word' id='word_1_277' title='bbox 1004 4707 1067 4776; x_wconf 73' lang='lat'>2³⁰,</span> <span class='ocrx_word' id='word_1_278' title='bbox 1083 4713 1139 4764; x_wconf 88' lang='lat' dir='ltr'>not.</span> <span class='ocrx_word' id='word_1_279' title='bbox 1157 4709 1183 4763; x_wconf 93' lang='lat' dir='ltr'>t.</span> 
     </span>
    </p>
   </div>
   <div class='ocr_carea' id='block_1_7' title="bbox 0 0 2116 5893">
    <p class='ocr_par' dir='ltr' id='par_1_7' title="bbox 0 0 2116 5893">
     <span class='ocr_line' id='line_1_32' title="bbox 0 0 2116 5893; baseline 0 0"><span class='ocrx_word' id='word_1_280' title='bbox 0 0 2116 5893; x_wconf 95' lang='lat' dir='ltr'> </span> 
     </span>
    </p>
   </div>
  </div>
 </body>
</html>
