4246 5906
218 609 403 686 1611161131]
674 606 873 668 lllS'l'Ollld
901 600 1197 666 lllPLOllllTlCll.
1430 693 1432 699 ,
1589 595 1650 656 57³

224 743 332 816 tuisse
351 741 458 836 recipi
481 763 502 814 a
521 739 638 833 judeis
658 742 742 835 ipsis
762 742 976 814 morantibus
1000 741 1035 811 16
1058 739 1229 810 Ρ6661616
1253 753 1315 827 pro
1338 731 1423 826 gisia
1447 731 1548 803 anuis
1574 733 1650 804 sin-

223 868 315 962 gulis
332 865 378 938 ad
399 888 489 960 opus
507 864 603 936 curie
626 875 742 938 nostre
759 875 898 938 1116666
920 862 1202 960 qualringentoS,
1225 879 1289 952 pro
1306 856 1390 928 vino
1413 863 1550 928 1616666
1568 877 1650 928 cen·

226 999 299 1062 tum
322 998 357 1063 et
375 989 648 1084 qninquaginta,
672 998 707 1063 et
728 1010 792 1085 pro
815 989 962 1062 cultellis
989 997 1127 1060 tarenos
1147 981 1420 1078 quinquaginta,
1446 990 1481 1053 et
1503 978 1650 1075 quodsi

227 1113 318 1186 lacta
348 1113 454 1186 luerit
489 1112 724 1206 augmentatio
750 1111 937 1204 judeorum
967 1111 1123 1206 ipsorum
1158 1117 1193 1179 et
1220 1105 1378 1178 redditus
1404 1104 1469 1199 ipsi
1495 1115 1650 1176 crescent

226 1235 323 1308 curie
339 1245 472 1330 nostre,
489 1238 603 1332 placet
627 1236 728 1308 nobis
750 1245 785 1310 et
808 1244 906 1308 tuum
927 1234 1012 1308 inde
1034 1231 1190 1306 studium
1214 1229 1510 1302 commendamus.
1531 1229 1648 1320 Signi-

224 1357 332 1431 ficasti
356 1360 459 1432 etiam
482 1360 583 1432 nobis
610 1381 672 1455 per
696 1359 847 1456 capitula
874 1359 949 1454 ipsa
974 1367 1008 1431 te
1040 1356 1251 1430 concessisse
1276 1353 1435 1450 pluribus
1459 1353 1504 1424 de
1531 1354 1649 1447 judeis

227 1481 312 1576 ipsis
329 1482 456 1554 multas
472 1492 579 1556 terras
596 1482 643 1554 ad
659 1482 893 1556 excolendum
916 1483 951 1553 in
972 1489 1126 1554 contrata
1141 1477 1303 1568 bavarie,
1323 1479 1359 1548 in
1376 1477 1504 1572 quibus
1519 1499 1648 1572 procu-

228 1616 325 1680 ratur
340 1618 374 1680 et
391 1618 635 1700 augmentatur
647 1607 778 1680 utilitas
791 1608 888 1679 curie
903 1597 1020 1679 nostre
1037 1616 1073 1678 et
1085 1605 1214 1678 debent
1230 1603 1266 1673 in
1279 1601 1330 1674 eis
1343 1602 1515 1674 seminare
1530 1602 1647 1675 aleba-

227 1753 308 1804 nam
323 1741 357 1803 et
374 1731 529 1804 indicum
545 1730 596 1828 (o)
610 1741 645 1805 et
661 1732 729 1804 alia
744 1731 882 1804 diversa
900 1731 1115 1825 seminaque
1131 1737 1291 1800 crescunt
1304 1727 1340 1798 in
1353 1725 1467 1798 Garbe
1485 1749 1551 1799 nec
1565 1738 1648 1802 sunt

227 1854 264 1926 in
291 1855 447 1949 partibus
465 1855 580 1927 Sicilie
599 1853 716 1928 adbuc
740 1854 817 1928 visa
846 1875 1017 1938 crescere;
1041 1861 1263 1948 acceptamus
1287 1849 1384 1945 quod
1407 1849 1490 1924 inde
1512 1852 1643 1946 iecisti,

228 1977 313 2051 dum
333 1989 446 2052 tamen
462 1991 551 2052 terre
565 2000 634 2052 non
650 1980 719 2052 siut
736 1981 861 2054 nostris
879 1979 1009 2052 solatiis
1028 1979 1192 2073 deputate
1205 1986 1238 2050 et
1253 1976 1460 2049 mandamus
1472 1978 1569 2072 quod
1583 1979 1646 2052 des

227 2125 367 2199 operam
388 2105 484 2198 quod
500 2105 632 2177 semina
654 2106 728 2198 ipsa
745 2105 837 2178 bene
855 2105 1011 2177 colantur
1025 2115 1060 2176 et
1076 2104 1271 2198 diligenter.
1292 2101 1348 2177 dd
1371 2103 1434 2176 hec
1453 2104 1536 2212 quia
1556 2106 1646 2179 sicut

228 2229 394 2322 scripsisti
413 2229 513 2301 nobis
533 2229 579 2302 ad
599 2229 781 2302 utilitatem
803 2228 900 2301 curie
921 2239 1036 2301 nostre
1052 2227 1225 2301 redundat
1250 2227 1279 2298 si
1298 2227 1396 2320 judei
1413 2230 1570 2302 extranei
1589 2253 1645 2304 se-

229 2351 350 2423 motim
370 2353 528 2424 locantur
551 2362 586 2427 et
604 2353 761 2426 habitant
776 2375 798 2426 a
813 2351 931 2446 judeis
946 2351 1120 2440 Panormi,
1141 2352 1304 2424 uolumus
1324 2352 1422 2446 qnod
1442 2353 1537 2448 ipsos
1554 2357 1645 2430 looes

228 2475 386 2548 semotim
405 2477 464 2548 ubi
486 2476 548 2548 tibi
566 2476 707 2550 videtur
727 2476 853 2550 melius
872 2476 919 2550 ad
935 2477 1115 2548 utilitatem
1135 2484 1250 2548 nostre
1265 2476 1361 2548 curie
1378 2477 1593 2568 redundare,
1612 2491 1647 2554 et

230 2599 433 2692 magistrum
446 2601 496 2673 eis
512 2610 644 2674 statuas
654 2611 694 2674 ut
707 2613 760 2674 est
776 2602 925 2693 dictum;
937 2603 984 2674 ita
996 2611 1110 2674 tamen
1125 2601 1221 2696 quod
1232 2622 1293 2672 eos
1310 2621 1379 2672 non
1390 2603 1481 2675 loces
1492 2603 1526 2675 in
1539 2607 1647 2678 veteri

229 2745 366 2798 cassare
375 2737 566 2822 prenotato.
581 2726 692 2822 Super
701 2748 742 2799 eo
754 2727 851 2820 quod
862 2725 1082 2799 continebant
1094 2726 1169 2820 ipsa
1180 2736 1239 2797 tua
1251 2725 1401 2820 capitula
1415 2727 1512 2820 quod
1526 2753 1589 2825 pro
1606 2753 1649 2804 eo

229 2849 370 2944 quodin
389 2861 535 2924 canneto
548 2851 737 2925 Missilimir
748 2851 837 2925 adeo
853 2861 1037 2924 creverunt
1049 2851 1254 2946 spinaquod
1267 2852 1545 2947 cohoperuerunt
1562 2878 1649 2929 can-

230 2983 363 3065 netum,
393 2974 440 3047 ite
465 2975 562 3070 quod
581 2977 697 3048 nullus
716 2977 812 3049 canis
830 2976 937 3072 possit
952 2976 1081 3049 intrare
1103 2975 1253 3064 ibidem,
1278 2977 1410 3048 bonum
1429 2977 1567 3051 videtur
1586 2981 1649 3053 tibi

229 3097 327 3190 quod
350 3097 524 3171 incidatur
545 3109 730 3173 cannetum
748 3101 861 3194 ipsum
880 3121 943 3195 per
957 3099 1160 3189 circuitum;
1180 3099 1343 3172 volumus
1358 3100 1453 3194 quod
1475 3101 1651 3193 significes

229 3221 332 3292 nobis
347 3243 418 3315 que
436 3222 567 3294 utilitas
584 3234 635 3295 est
648 3209 704 3295 uel
718 3223 814 3317 quod
826 3224 1047 3296 commodum
1058 3225 1280 3317 consequitur
1290 3223 1371 3296 inde
1380 3224 1475 3296 ouria
1488 3236 1604 3299 nostra
1620 3227 1651 3299 si

230 3353 416 3416 cannetum
434 3345 548 3439 ipsum
564 3347 614 3418 sic
630 3346 815 3432 incidatur,
837 3357 872 3418 et
885 3349 968 3418 tuno
985 3347 1047 3418 tibi
1062 3347 1347 3441 respondebimus
1363 3347 1445 3422 inde
1463 3359 1576 3422 nostre
1590 3350 1650 3422 be·

230 3467 441 3560 neplaoitum
459 3469 661 3540 voluntatis.
684 3469 722 3538 ln
740 3467 870 3540 eisdem
887 3469 1030 3562 insuper
1053 3469 1121 3538 tuis
1144 3469 1301 3562 capitulis
1315 3470 1468 3541 vidimus
1485 3474 1652 3545 contineri

230 3587 327 3683 quod
345 3590 447 3661 novis
460 3590 710 3664 habitatoribus
725 3591 883 3663 Panormi
901 3591 1036 3664 dudum
1050 3611 1111 3686 per
1126 3593 1312 3684 bogerium
1330 3593 1375 3664 de
1392 3593 1550 3668 Calvellis
1569 3607 1654 3669 tunc

231 3713 434 3807 magistrum
452 3715 674 3806 justitiarium
692 3716 845 3810 ipsarum
868 3716 1017 3810 partium
1042 3716 1148 3788 multe
1168 3726 1260 3788 terre
1280 3737 1442 3790 concesse
1459 3720 1600 3792 fuerunt
1617 3721 1654 3792 ia

231 3846 385 3910 contrata
402 3836 500 3909 Asise
513 3859 618 3931 prope
631 3839 802 3933 palacium
819 3847 974 3910 nostrum
994 3838 1105 3934 ipsius
1118 3837 1218 3912 Asise
1233 3839 1278 3912 ad
1298 3841 1420 3914 vineas
1434 3842 1653 3937 plantandas,

232 3983 302 4056 que
317 3961 400 4055 quia
417 3961 480 4033 tibi
498 3961 661 4035 videntur
673 3964 822 4034 multum
835 3963 950 4035 vicine
968 3961 1033 4057 ipsi
1051 3963 1197 4057 palacio,
1215 3965 1329 4058 petisti
1346 3964 1430 4038 inde
1441 3967 1528 4040 scire
1550 3969 1658 4040 bene-

232 4084 399 4179 placitum
412 4093 567 4157 nostrum
585 4086 613 4157 si
631 4086 730 4158 nobis
750 4086 885 4181 placeat
899 4095 934 4159 et
944 4086 1114 4159 sustinere
1128 4088 1294 4178 velimus3
1307 4088 1353 4161 ad
1365 4091 1461 4185 quod
1470 4090 1533 4162 tibi
1548 4091 1659 4164 taliter

233 4207 486 4302 respondemus
503 4234 511 4276 :
527 4208 572 4281 de
589 4209 655 4280 illis
677 4209 773 4282 terris
790 4231 860 4303 que
870 4209 943 4301 jam
961 4210 1114 4304 plantate
1128 4221 1209 4283 sunt
1228 4211 1342 4306 placet
1356 4215 1459 4285 nobis
1470 4213 1568 4308 quod
1582 4214 1660 4289 illas

233 4329 392 4402 homines
406 4342 544 4404 teneant
553 4332 655 4424 juxta
665 4334 921 4406 concessionem
931 4334 997 4405 sibi
1012 4335 1135 4406 factam
1146 4357 1209 4430 per
1218 4336 1404 4430 Rogerium
1420 4337 1656 4430 nominatum

233 4455 263 4526 61
278 4475 359 4527 1616
368 4466 450 4527 6661
464 4456 513 4528 ibi
522 4465 610 4531 terre
619 4457 723 4531 valde
733 4459 799 4552 ipsi
813 4459 943 4554 palacio
954 4469 1073 4532 nostro
1085 4460 1551 4556 vicinenecadhucplantate
1563 4473 1659 4556 sunt,

234 4578 348 4651 donec
367 4579 467 4652 nobis
483 4583 613 4654 scribas
629 4593 799 4676 quantum
814 4582 879 4678 ipsi
897 4583 1029 4677 palacio
1045 4584 1260 4673 vicinantur,
1279 4586 1371 4680 ipsas
1387 4607 1457 4658 nou
1477 4587 1662 4683 permictas

281 4717 323 4802 (a)
346 4723 467 4785 Plantas
479 4695 599 4800 scillcet,
617 4743 694 4804 quae
710 4725 817 4804 gallice
831 4725 970 4787 11666161
983 4723 1117 4788 11111161
1130 4725 1238 4809 iudico.
