4224 5898
201 559 384 638 lrrnrcr.12.]
656 560 851 624 HISTORIA
876 559 1169 622 lllPLOllll'l'lCd.
1555 561 1615 623 28¹1

201 694 286 766 ltam
318 689 661 768 excommunicamus
699 705 734 768 et
767 695 1094 769 anathematizamus
1134 692 1296 766 eumdem
1338 716 1399 790 pro
1437 717 1479 770 eo
1517 700 1616 792 quod

202 838 271 890 non
300 815 466 912 permittit
497 815 665 910 quasdam
700 819 914 892 cathedrales
940 819 1103 894 ecclesias
1128 827 1163 892 et
1188 818 1273 892 alias
1303 830 1467 893 vacantes
1500 825 1616 895 eccle-

201 941 271 1014 sias
295 939 331 1012 in
361 961 468 1034 reguo
489 942 640 1034 reparari
670 951 704 1014 et
729 942 794 1016 hac
821 943 1002 1018 occasione
1035 941 1245 1038 periclitatur
1278 943 1418 1016 libertas
1443 945 1611 1038 Ecclesie,

202 1065 291 1161 perit
305 1061 412 1153 fides,
432 1064 515 1158 qula
536 1087 605 1136 non
624 1068 752 1160 estqui
773 1077 939 1162 proponat
956 1069 1102 1140 verbnm
1125 1065 1186 1138 llei
1205 1087 1269 1138 nec
1293 1067 1353 1159 qui
1373 1077 1468 1160 regat
1483 1070 1615 1142 animas

202 1186 383 1262 deficiente
408 1197 556 1282 pastore.
588 1189 631 1260 Et
655 1199 736 1262 aunt
765 1191 904 1264 nomina
934 1189 1104 1262 dictarum
1134 1189 1355 1262 ecclesiarum
1384 1193 1611 1264 vacantium:

201 1311 457 1402 Calhauiensis‚
487 1313 711 1406 Reginensis,
741 1313 1040 1402 Acheruntiensis,
1060 1313 1322 1408 squillacensis,
1340 1314 1521 1408 liubensls,
1546 1317 1615 1388 Po-

201 1436 427 1527 tentinensis,
462 1435 772 1532 Hydrontinensis,
804 1438 1078 1528 Policastrsnsis,
1115 1437 1315 1522 Sarnensis‚
1344 1436 1612 1532 aremarensis,

201 1559 400 1648 valvensis,
421 1559 722 1656 Monopoliteusis,
749 1561 1037 1649 Polinanetensis,
1065 1558 1265 1651 llelliensis,
1294 1561 1523 1654 llapelleusis‚
1545 1562 1615 1633 Ca-

201 1684 376 1775 riatensis,
398 1683 618 1775 Alilanensis,
641 1684 861 1768 Memnoneis,
883 1684 1118 1777 Vigiliarensis
1140 1683 1451 1756 etFricentiuensis
1468 1685 1518 1780 (a)
1536 1687 1615 1780 epi·

202 1817 363 1902 scopatus
379 1832 388 1876 :
404 1807 608 1880 monasteria
624 1828 708 1880 vero
727 1819 809 1880 sunt
825 1808 889 1880 ista
904 1807 1118 1880 Venusinam
1138 1817 1172 1878 et
1187 1807 1302 1878 Sancti
1323 1807 1509 1880 Salvatoris
1523 1810 1616 1880 Mes·

202 1933 372 2006 senensis.
399 1934 483 2006 Item
508 1933 850 2006 excommunicamus
877 1943 912 2006 et
935 1933 1262 2006 anathematizamus
1289 1931 1450 2005 eumdem
1478 1955 1541 2029 pro
1574 1956 1616 2008 ec

202 2056 298 2150 quod
321 2054 356 2127 in
373 2077 482 2150 regno
498 2057 613 2130 clerici
634 2047 817 2151 capiuntur
839 2067 875 2129 et
896 2057 1164 2145 incarcerantur,
1187 2055 1445 2149 proscribuntur
1466 2063 1501 2128 et
1525 2056 1615 2128 occi·

202 2179 347 2254 duntur.
367 2181 449 2254 Item
465 2181 561 2275 quod
586 2181 623 2251 in
646 2202 754 2272 regno
768 2180 920 2254 Ecclesia
942 2180 1090 2252 Domino
1112 2188 1306 2252 consecrata
1331 2177 1556 2252 destruuntur
1581 2189 1615 2252 et

200 2303 471 2400 pmphanantur.
498 2305 582 2376 ltam
604 2305 947 2377 excommunicamus
973 2313 1007 2376 et
1025 2302 1352 2376 anathematizamus
1374 2302 1534 2376 eumdem
1551 2325 1615 2399 pro

201 2449 243 2501 eo
269 2427 365 2522 quod
384 2449 453 2500 non
477 2427 640 2522 permittit
666 2429 831 2502 Serenam
858 2427 1039 2502 ecclesiam
1065 2427 1227 2522 reparari.
1259 2427 1340 2498 Item
1371 2429 1614 2500 excommuni-

201 2572 322 2624 camus
344 2559 379 2624 et
402 2550 731 2624 anathematizamus
750 2552 911 2625 eumdem
934 2573 996 2648 pro
1013 2573 1055 2624 eo
1074 2549 1170 2646 quud
1194 2561 1352 2646 nepotem
1372 2552 1463 2643 regis
1478 2553 1612 2624 Tunicii

200 2675 396 2748 venientem
423 2675 469 2749 sd
492 2675 681 2748 Ecclesiam
710 2676 897 2750 Romanam
923 2697 986 2770 pro
1012 2672 1232 2770 suscipiendo
1260 2673 1474 2768 baptismatis
1498 2696 1612 2748 sacra·

200 2807 334 2884 mento,
364 2798 495 2872 detinet
519 2820 584 2872 nec
605 2799 724 2872 venire
743 2799 910 2895 permisit.
930 2799 1015 2871 Item
1042 2797 1384 2872 excommunicamus
1409 2807 1443 2870 et
1469 2798 1612 2872 anathe-

199 2922 402 2995 matizamus
430 2919 591 2994 eumdem
622 2943 685 3017 pro
708 2943 750 2996 eo
778 2922 874 3018 quod
897 2923 1034 2996 Petrum
1062 2923 1289 3014 Saracenum,
1317 2921 1466 2994 nobilem
1497 2923 1610 2996 civem

200 3046 412 3138 Romanum,
432 3067 479 3118 en
497 3053 594 3141 parte
610 3045 702 3140 regis
718 3043 845 3140 Anglie
856 3046 904 3120 ad
921 3045 1046 3120 Sedem
1059 3044 1290 3140 Apostolicam
1307 3045 1503 3118 venientem
1521 3048 1612 3143 cepit

201 3177 235 3240 et
263 3168 395 3242 detinet
419 3171 549 3242 carceri
582 3169 826 3266 mancipatum.
855 3171 941 3244 ltem
970 3171 1311 3244 excommunicamus
1342 3179 1377 3240 et
1406 3170 1611 3244 anathema-

201 3290 345 3364 tizamus
369 3292 531 3366 eumdem
559 3315 622 3388 pro
651 3313 693 3366 eo
716 3294 810 3388 quod
838 3301 945 3366 terras
962 3293 1130 3384 Ecclesie,
1158 3293 1287 3366 scilicet
1315 3293 1519 3384 Ferrariam,
1550 3293 1611 3366 Pi·

201 3435 409 3508 gognanam,
426 3415 658 3504 ,mansuum
684 3417 935 3490 Ferrariamam
960 3417 1125 3490 diocesim
1144 3427 1178 3489 et
1196 3415 1477 3504 Bondansnsam,
1503 3419 1610 3488 Luca·

202 3559 344 3613 nensem
353 3540 519 3614 diocesim
533 3541 582 3636 (l)
591 3550 625 3614 et
640 3550 764 3614 terram
779 3540 937 3614 Sardinie
950 3541 1146 3637 occupavit,
1165 3549 1283 3614 contra
1292 3542 1525 3633 juramentum
1539 3562 1609 3635 quo

202 3683 306 3757 super
329 3662 397 3736 hoc
421 3663 571 3737 Ecclesia
591 3673 727 3738 tenetur
745 3674 873 3738 temere
897 3663 1085 3738 veniendo.
1112 3665 1197 3736 ltem
1218 3665 1558 3756 excommunicamus
1576 3673 1611 3738 et

202 3785 527 3860 anathematizamus
551 3788 711 3860 eumdem
729 3809 794 3883 pro
815 3809 857 3861 eo
880 3788 976 3883 quod
996 3797 1102 3861 terras
1127 3786 1356 3881 quorumdam
1378 3787 1545 3860 nobilium
1564 3788 1610 3862 de

203 3928 308 4002 regno
330 3931 419 4004 quas
440 3909 592 3984 Ecclesia
618 3911 777 3998 tenebat,
803 3911 849 3984 ad
875 3879 1105 3984 manus⁰suas
1129 3911 1311 4006 occupavit
1337 3919 1371 3983 et
1398 3910 1606 3987 devastarit.

202 4031 284 4106 ltem
300 4035 642 4108 excommunicamus
664 4045 699 4107 et
722 4033 1050 4108 anathematizamus
1067 4033 1228 4108 eumdem
1250 4055 1312 4130 pro
1330 4055 1371 4106 eo
1391 4035 1486 4129 quod
1505 4058 1612 4129 quas·

203 4151 280 4228 dam
297 4155 457 4228 ecclesias
476 4157 703 4248 cathedrales,
722 4157 886 4230 videlicet
901 4157 1001 4230 Mons
1014 4157 1168 4252 Regalis,
1185 4156 1467 4254 Cephaledensis,
1487 4157 1609 4232 Catha-

243 4343 283 4425 (α)
305 4347 386 4408 llaec
398 4351 519 4411 nomlna
527 4365 581 4428 pro
594 4353 700 4429 majori
709 4357 793 4428 parte
801 4349 885 4411 locale
897 4357 1047 4428 corrupta,
1060 4367 1097 4412 ex
1109 4354 1327 4429 comparatione
1340 4353 1492 4413 nominum
1503 4353 1609 4414 borum

202 4446 239 4508 de
256 4467 349 4532 ,regno
372 4452 564 4533 Neapolitano
586 4455 718 4516 locorum
741 4454 794 4516 ubl
814 4455 899 4516 sedes
921 4457 1100 4534 episcopales
1122 4458 1273 4518 institutae
1295 4457 1432 4532 luerent,
1455 4461 1609 4520 restituere

202 4558 378 4618 mrarlrnus.

243 4658 282 4742 (l)
303 4662 387 4725 Alias
399 4663 527 4724 Massam
540 4665 682 4726 dammis
694 4663 820 4741 docco,
836 4667 955 4728 rectius.
970 4667 1041 4730 vm.
1056 4666 1143 4744 intra,
1156 4675 1267 4747 pass.
