4350 5922
238 631 334 686 lucrm.
355 621 415 706 101
689 621 884 683 iiiSTOillri
912 621 1204 682 btruoual'tctt.
1612 623 1653 686 69

238 759 477 856 appellationis
492 757 539 830 ad
556 757 770 830 audientiam
785 766 937 829 nostram
951 757 1100 829 delatam
1110 779 1215 851 super
1227 757 1394 829 sententia
1413 758 1480 830 lata
1493 757 1529 828 iu
1545 780 1649 852 ques·

239 885 331 956 boue
350 883 522 976 quainter
535 882 702 954 iacobum
721 881 954 954 venerabilem
972 881 1177 953 Paduanum
1194 881 1393 975 episcopum
1409 877 1545 952 fidelem
1567 904 1650 956 nos·

237 1016 328 1079 trum
348 1029 395 1078 cx
414 1027 486 1078 una
502 1015 601 1101 parts
620 1013 656 1076 et
673 1003 761 1077 lilios
774 1003 951 1099 quondam
966 1005 1102 1076 'l'isonis
1125 1001 1170 1076 da
1190 1002 1318 1098 Campo
1334 1005 1450 1076 Sancti
1469 1004 1557 1076 Petri
1575 1006 1650 1079 sive

236 1138 386 1203 actorem
399 1128 533 1201 tutricis
555 1127 763 1223 pupillorum
779 1128 931 1222 ipsorum
946 1148 992 1200 ex
1007 1129 1126 1220 altera,
1144 1149 1250 1222 super
1264 1128 1360 1199 curia
1377 1129 1492 1200 Sancti
1511 1127 1650 1204 Andrea

236 1262 271 1330 et
285 1253 390 1326 domo
405 1253 516 1349 ipsius
539 1253 623 1341 loci,
645 1251 852 1325 molendinis
868 1263 904 1324 ot
916 1251 1125 1345 quibusdam
1147 1251 1225 1324 aliis
1244 1252 1519 1348 possessionibus
1534 1263 1650 1326 varto-

237 1380 338 1452 batur
357 1399 473 1450 coram
497 1375 653 1450 Iohanne
672 1373 792 1468 judice
813 1375 948 1448 Ottonis
974 1376 1020 1449 de
1044 1375 1215 1448 Mandello
1237 1385 1321 1447 tunc
1344 1377 1505 1472 temporis
1530 1377 1649 1452 Padus

232 1502 428 1599 potestatis,
445 1523 552 1595 quam
568 1499 662 1573 idem
677 1499 791 1592 judex
805 1499 924 1594 iniqua
939 1499 1018 1570 tulit
1031 1510 1071 1572 ut
1088 1500 1210 1572 asserit
1225 1511 1342 1572 contra
1358 1521 1438 1572 eum
1456 1498 1520 1596 (a),
1537 1501 1649 1576 davo·

232 1626 318 1700 boui
335 1635 396 1698 tue
410 1624 654 1696 committimus
676 1622 947 1712 terminandam
968 1621 1172 1696 mandantes
1190 1633 1361 1717 quatenus
1386 1624 1516 1696 meritis
1538 1625 1647 1718 ipsius

233 1772 336 1824 cause
353 1749 560 1845 perspectis,
579 1768 718 1848 causam
737 1747 847 1843 ipsam
863 1745 981 1820 debito
1000 1745 1069 1820 lina
1083 1745 1240 1837 decidas,
1262 1747 1391 1820 iaciens
1410 1748 1505 1842 quod
1524 1748 1644 1822 decra-

232 1872 324 1948 veris
356 1871 560 1945 auctoritate
586 1879 704 1944 nostra
736 1868 878 1944 firmiter
900 1871 1091 1944 observari.
1120 1871 1256 1942 Datum·
1273 1870 1368 1965 apud
1399 1871 1642 1966 Ratisponam,

231 1998 401 2092 vigesimo
412 2006 536 2069 octavo
546 1995 681 2091 aprilis,
695 1993 884 2067 indictione
894 1993 1061 2067 X.—Nos
1079 2015 1162 2067 vero
1175 1994 1377 2066 mandatum
1391 1993 1522 2067 domini
1535 1996 1645 2092 impe-

230 2123 351 2194 ratoris
365 2121 520 2194 volentes
540 2119 670 2213 oxcqui
692 2127 731 2190 ut
752 2127 929 2210 tenemur,
948 2117 1011 2190 tibi
1029 2119 1232 2191 auctoritate
1253 2129 1367 2192 nostra
1385 2120 1553 2214 imperiali
1574 2145 1644 2216 qua

229 2247 405 2340 fungimur
429 2245 464 2315 in
493 2245 561 2316 bac
588 2254 686 2338 parta
712 2242 935 2338 precipiendo
967 2242 1175 2316 mandamus
1200 2253 1371 2338 quatenus
1394 2266 1457 2340 pro
1481 2247 1642 2340 predictis

230 2369 369 2466 pupillis
389 2367 447 2441 dia
473 2367 590 2440 martis
617 2366 753 2439 decimo
776 2376 928 2438 exeunte
941 2367 1030 2459 julio
1053 2387 1167 2439 coram
1185 2367 1285 2440 nobis
1309 2369 1430 2441 venire
1454 2391 1636 2465 procures,

227 2493 400 2566 antedicto
421 2489 563 2563 domino
578 2490 742 2586 episcopo
762 2491 819 2562 vel
837 2491 914 2584 ejus
930 2489 1065 2564 sindico
1082 2511 1313 2586 responsurus
1329 2515 1434 2590 super
1453 2515 1557 2568 causa
1576 2517 1638 2568 seu

228 2618 409 2713 questione
426 2614 596 2710 predicta.
634 2615 638 2622 '

275 2743 349 2836 Ego
360 2741 559 2833 Boujoanno
573 2735 665 2810 iilius
680 2735 822 2811 Gerardi
834 2737 957 2811 notarii
972 2737 1018 2810 ab
1032 2738 1205 2812 Omnibus
1216 2741 1363 2827 Sanctis,
1381 2742 1536 2815 notarius
1548 2745 1636 2818 sacri

226 2866 362 2965 palatii,
376 2863 433 2937 bis
447 2862 587 2936 interlui
604 2872 639 2936 at
654 2871 792 2958 rogatus
808 2861 874 2935 bac
888 2861 1022 2958 scripsi.

1170 3143 1275 3154 aua—n·-
1283 3145 1412 3160 uhu-una

272 3416 503 3521 Fridericus,
518 3415 778 3500 Romanorum
797 3415 1019 3526 imperator,
1035 3417 1084 3500 ad
1103 3443 1232 3526 preces
1249 3421 1399 3505 comitis
1417 3423 1465 3508 de
1483 3427 1630 3516 Ultimis
1656 3455 1719 3511 arnt
1733 3457 1839 3516 um,

220 3547 460 3660 privilegium
479 3547 508 3631 F
509 3547 657 3632 riderici
679 3549 793 3658 primi
812 3549 871 3632 ari
892 3549 951 3632 sui
977 3553 1016 3630 1⁰
1038 3549 1129 3631 maii
1151 3553 1254 3636 1189
1275 3553 1409 3658 datum
1428 3559 1629 3650 inserendo
1713 3513 1781 3557 m

218 3683 419 3767 confirmat
441 3707 512 3792 pro
538 3682 656 3765 tutela
682 3682 903 3766 monasterii
925 3683 973 3766 de
993 3683 1085 3768 Owe
1106 3682 1147 3764 in
1164 3684 1382 3795 episcopatu
1408 3690 1627 3782 Tridentino

216 3817 395 3901 acomite
412 3817 462 3899 de
480 3815 720 3926 Griscnstcyu
739 3825 777 3898 ct
803 3840 921 3899 uxore
943 3815 1026 3923 ejus
1047 3813 1220 3924 fundati,
1249 3845 1319 3926 pro
1340 3824 1626 3918 confirmatione

215 3948 457 4058 praediorum
483 3947 625 4030 ibidem
645 3946 872 4030 nominatim
901 3972 1186 4056 expressorum,
1210 3975 1280 4058 pro
1299 3952 1494 4042 advocatia
1511 3961 1624 4071 ejus-

214 4080 303 4164 dem
320 4079 394 4164 loci
412 4089 450 4162 el
466 4078 593 4188 quiete
609 4077 848 4163 colonorum.

294 4295 411 4371 (Edidit
422 4295 568 4372 bonrum,
583 4295 700 4358 illotizic
715 4295 833 4358 intumo
849 4291 891 4357 od
908 4291 1063 4376 Adclprtto
1077 4311 1150 4358 cccc.
1164 4293 1196 4356 di
1212 4295 1327 4377 Treui„
1341 4305 1415 4362 tom.
1431 4301 1487 4377 ΙΙΙ,
1503 4323 1572 4382 pars
1582 4310 1620 4386 1¹,

332 4419 362 4479 p.
382 4409 437 4464 tat
455 4409 484 4464 et
496 4401 595 4482 seqq.)

257 4587 459 4660 innomine
483 4597 599 4661 sancia
627 4597 662 4662 et
687 4588 870 4662 individua
885 4589 1071 4663 Trinitatis.
1091 4588 1284 4664 Friderious
1306 4593 1480 4667 secundus
1503 4596 1622 4675 divina

249 4739 291 4812 (o)
313 4739 430 4802 Scilicet
442 4745 546 4800 contra
558 4741 725 4817 episcopum
738 4739 924 4802 Paduauum.
