4242 5904
481 575 541 638 eoo
979 582 1192 644 rnrnnurcr
1215 581 1390 646 sncooor
1700 585 1781 665 [ne.
1798 585 1884 650 usas.

481 711 637 804 devotio,
658 737 703 786 ex
722 715 873 792 humans
895 718 1077 812 fragilitate
1093 727 1215 791 nature
1233 717 1366 791 reluta
1390 717 1500 814 primo
1517 727 1659 814 parente
1681 721 1717 791 in
1736 731 1888 816 posteros
1951 711 1954 719 ’

482 847 685 930 propagata,
703 837 778 912 visa
799 840 901 913 luerit
919 841 1043 914 diebos
1066 841 1140 913 istis
1159 841 1353 936 aliquorum
1377 841 1556 915 rebellium
1576 853 1768 918 nostrorum
1786 847 1886 917 mali-

480 960 570 1033 volis
581 961 838 1037 seductionibus
854 965 1010 1057 alterata,
1024 963 1215 1038 serenitatis
1227 975 1343 1037 nostre
1357 966 1508 1059 potentia
1519 969 1695 1064 querelnt
1705 968 1888 1040 nobilisira

480 1086 618 1158 leonum
635 1088 907 1182 repugnantibus
925 1109 996 1161 non
1012 1087 1121 1176 cedit,
1142 1087 1205 1162 sed
1222 1087 1400 1182 prostratis
1416 1088 1594 1182 indulget,
1615 1089 1745 1161 bonum
1765 1112 1889 1186 propo·

481 1209 583 1280 situm
611 1210 708 1304 qood
734 1231 797 1306 pro
823 1209 1006 1284 devotione
1034 1219 1266 1306 assumpserat
1296 1211 1342 1284 ab
1365 1211 1433 1284 alte
1461 1211 1586 1284 mentis
1614 1212 1791 1307 signaculo
1819 1234 1889 1286 non
1925 1211 1930 1220 '

480 1332 695 1428 proscripsit,
728 1355 879 1428 cumque
903 1334 1091 1428 maJestatis
1120 1343 1237 1408 nostre
1266 1333 1436 1425 gremium
1461 1334 1686 1408 redeuntibus
1711 1343 1826 1431 puteat
1856 1343 1890 1407 et
1969 1318 1973 1328 ’

481 1456 676 1550 petentibus
697 1457 834 1530 veniam
856 1457 990 1531 nesciat
1013 1458 1202 1550 denegem,
1220 1457 1454 1530 universitatis
1475 1465 1589 1530 vestre
1610 1457 1890 1530 ambasiatoribus

482 1565 691 1651 ad'nostram
704 1581 910 1675 presentiam
926 1589 1065 1676 propter
1082 1581 1149 1653 hoc
1166 1579 1359 1676 specialiter
1370 1578 1549 1653 destinatis
1565 1577 1633 1674 (l),
1647 1581 1792 1672 gratiam
1810 1601 1889 1655 nos·

482 1711 568 1775 tram
582 1725 687 1796 quam
703 1724 822 1776 eorum
837 1705 1038 1798 implorabat
1049 1705 1177 1796 oratio,
1193 1726 1255 1798 pro
1266 1712 1363 1798 parte
1376 1713 1491 1777 vestra
1508 1703 1660 1796 benigno
1676 1703 1890 1778 reddidimus

481 1833 516 1897 et
542 1834 612 1896 tam
638 1845 698 1898 eos
718 1847 823 1920 quam
845 1847 908 1897 vos
931 1846 1050 1899 omnes
1071 1825 1107 1896 in
1132 1825 1379 1919 plenitudinem
1405 1825 1515 1920 gratie
1539 1835 1654 1900 nostre
1676 1827 1887 1921 recepimus;

481 1949 635 2020 volentes
655 1969 717 2020 vos
731 1948 896 2043 deinceps
914 1948 1003 2021 inter
1018 1947 1138 2020 fideles
1156 1958 1190 2020 ct
1204 1949 1347 2022 devotos
1365 1949 1500 2044 imperii
1517 1951 1705 2023 numerari.
1725 1951 1796 2022 Nec
1813 1960 1889 2022 tan·

482 2081 555 2142 torn
574 2071 676 2143 vobis
693 2071 967 2164 supplicantibus
986 2071 1129 2164 gratiam
1148 2081 1300 2144 nostram
1316 2071 1548 2164 restituimus,
1572 2071 1754 2144 sedetiam
1776 2071 1889 2144 homi·

482 2194 586 2265 nibus
604 2194 705 2265 castri
720 2194 818 2266 Nauli
834 2217 922 2288 qnos
936 2195 971 2264 in
986 2197 1087 2288 petita
1103 2195 1282 2266 clementia
1298 2205 1412 2269 vestra
1429 2196 1634 2290 supplicatio
1646 2195 1886 2268 concludebat.

481 2317 600 2389 Banna
617 2316 720 2389 etiam
743 2316 845 2391 dictis
868 2317 1067 2390 hominibus
1089 2319 1190 2390 castri
1219 2319 1319 2390 Nanli
1339 2339 1402 2413 per
1420 2317 1636 2394 Manlredum
1659 2319 1890 2392 marchionem

482 2440 655 2530 lanciam,
669 2440 757 2512 sacri
769 2439 905 2536 imperii
920 2440 1027 2513 nostri
1042 2440 1211 2514 vicarium
1227 2464 1247 2514 a
1264 2441 1370 2537 Papia
1383 2442 1556 2537 superios,
1571 2441 1736 2515 dilectum
1754 2439 1891 2516 fidelem

482 2573 651 2652 nostrum,
671 2562 844 2658 imposita,
859 2563 943 2658 ipsis
955 2562 1002 2636 ad
1010 2560 1210 2637 fidelitatem
1224 2571 1375 2636 nostram
1390 2563 1596 2638 etmendata
1612 2574 1727 2637 nostra
1743 2563 1892 2638 redeam

482 2687 576 2759 tibus
586 2695 621 2758 et
634 2684 807 2759 fidelitatis
818 2699 852 2758 et
862 2687 1005 2759 hominii
1015 2698 1227 2761 sacramenta
1238 2689 1486 2784 prestantibus,
1501 2689 1707 2761 remittimus
1718 2687 1763 2762 de
1779 2697 1893 2762 nostre

483 2809 699 2905 plenitudine
713 2809 869 2904 pietatis;
892 2811 1147 2884 considerantes
1169 2811 1265 2906 quod
1282 2813 1368 2884 dum
1396 2811 1607 2885 liberalitatis
1623 2822 1738 2885 nostre
1760 2833 1893 2905 cogno-

483 2932 602 3005 veritis
617 2934 780 3027 gratiam,
796 2933 969 3007 fidelitatis
979 2945 1093 3008 vestre
1111 2933 1249 3008 devotio
1266 2934 1313 3008 ad
1324 2934 1491 3030 obsequia
1507 2943 1623 3008 nostra
1636 2935 1757 3007 lortius
1769 2956 1893 3008 ranas-

484 3067 593 3128 catur.
610 3056 666 3130 Ad
688 3058 753 3130 hec
768 3057 979 3130 Beltranium
991 3059 1236 3149 Pontelletum,
1257 3059 1447 3130 Robertnm
1464 3058 1510 3131 dc
1522 3059 1632 3150 Pizio,
1654 3057 1763 3130 filium
1779 3057 1893 3130 Mani-

483 3181 573 3254 lredi
590 3191 624 3253 et
637 3183 839 3275 magistrum
856 3182 1035 3255 liolridum
1054 3182 1099 3257 de
1120 3184 1244 3256 Sancto
1261 3179 1430 3255 Germano
1441 3182 1506 3278 (2),
1522 3203 1647 3277 magne
1667 3182 1763 3254 curie
1778 3189 1894 3254 nostre

480 3302 654 3396 judicem,
680 3305 844 3396 nuncios,
868 3303 985 3377 fideles
1010 3315 1160 3395 nostms,
1187 3326 1337 3399 quorum
1364 3303 1568 3377 industriam
1595 3303 1820 3376 sufficientem
1846 3301 1894 3377 ad

483 3425 588 3518 hujus
611 3427 739 3520 negotii
762 3427 931 3500 sarcinam
954 3439 1172 3523 reputamus,
1193 3449 1255 3522 pro
1280 3425 1486 3522 recipiendis
1504 3428 1549 3499 ab
1570 3427 1741 3500 universis
1767 3437 1803 3500 et
1817 3427 1893 3500 sin-

484 3551 575 3642 golis
592 3562 743 3623 vestrum
762 3549 937 3624 fidelitatis
953 3561 987 3624 et
1002 3551 1145 3624 hominii
1163 3573 1224 3646 pro
1239 3561 1334 3646 parte
1356 3561 1470 3624 nostra
1488 3563 1523 3624 et
1540 3551 1675 3648 imperii
1690 3551 1893 3644 juramentis

829 3741 856 3748 ο-
860 3740 896 3748 0-
900 3737 1886 3750 --mn—m—-a--n-uffl

519 3827 556 3902 (t)
574 3827 651 3886 Circa
660 3828 764 3885 initium
775 3829 838 3885 maii
848 3831 995 3886 ianusnses
1006 3833 1122 3901 quatuor
1129 3826 1230 3900 legatos
1240 3827 1275 3884 ad
1289 3825 1475 3901 imperatorem
1488 3829 1615 3887 miserant
1629 3833 1660 3886 ot
1673 3829 1701 3886 io
1713 3829 1772 3902 ejus
1780 3827 1891 3902 gratiam

483 3925 609 3982 redirent.
622 3925 661 3982 Cl.
673 3926 805 3996 meunt,
818 3924 919 3982 Assoi.
933 3927 1075 3995 Gonoessa„
1088 3940 1133 3997 ap.
1149 3925 1307 3996 Mnaseus,
1319 3925 1464 3998 Scriptus„
1479 3931 1501 3984 t.
1514 3926 1562 3998 Vl,
1575 3943 1604 4000 p.
1618 3928 1681 3982 trs.

518 4021 555 4095 (ἱ)
573 4023 632 4078 Duo
651 4028 756 4078 tantum
775 4021 926 4078 iudicantur
943 4021 1022 4094 legati
1037 4021 1064 4078 in
1084 4020 1240 4078 Annalibus
1252 4021 1450 4092 samsom,
1472 4021 1574 4078 scilicet
1589 4021 1729 4078 Detesalve
1748 4021 1853 4078 Bottum
1866 4024 1896 4076 et

482 4118 626 4190 quemdam
639 4117 721 4175 alium
735 4118 771 4175 de
787 4118 878 4189 Pulla,
897 4118 974 4190 cujus
991 4133 1046 4176 non
1058 4118 1216 4192 exprimitur
1230 4133 1336 4174 nomen.
1353 4119 1441 4188 Quom
1453 4119 1522 4175 duae
1533 4118 1651 4176 vicissim
1666 4117 1812 4190 legationes
1825 4117 1895 4172 inter

480 4215 669 4289 imperatorem
683 4221 712 4271 et
728 4215 877 4272 leonenses
895 4215 994 4272 ibidem
1016 4221 1209 4278 memorantur.
1228 4220 1320 4272 utrum
1334 4215 1403 4272 haec
1416 4215 1527 4290 epistola
1545 4214 1580 4272 ad
1600 4215 1714 4289 primam
1728 4213 1772 4274 rel
1793 4213 1827 4270 ad
1849 4229 1895 4271 ss-

481 4313 597 4369 cundam
611 4312 696 4369 ricem
708 4311 849 4370 referenda
863 4313 899 4370 sit
908 4312 1022 4370 fortasse
1031 4313 1141 4369 dubium
1151 4317 1283 4386 superest,
1296 4311 1358 4369 licet
1370 4311 1474 4386 primae
1484 4313 1608 4386 legationi
1621 4327 1682 4369 eam
1694 4309 1782 4384 aptius
1792 4323 1892 4368 conre-

480 4409 539 4466 uire
550 4409 698 4466 credamus
715 4409 838 4467 &cuum
850 4415 939 4467 autem
952 4409 1049 4482 legatio
1061 4409 1127 4466 nibil
1145 4407 1272 4484 prolecit,
1285 4409 1350 4466 dom
1363 4415 1561 4466 sacramentum
1574 4407 1706 4467 fidelitatis
1718 4407 1791 4482 quod
1806 4405 1896 4464 nuncii

480 4505 522 4563 sui
535 4504 687 4578 imperatori
707 4504 843 4578 fecerant,
860 4508 1007 4565 leonenses
1023 4507 1074 4581 ipsi
1087 4523 1103 4564 a
1115 4511 1246 4582 potestate
1263 4505 1297 4562 ad
1315 4505 1455 4564 consilium
1478 4507 1603 4580 generals
1625 4504 1764 4563 convocati
1786 4504 1895 4562 demum

483 4611 622 4678 praestare
641 4603 847 4676 denegaverunt
867 4605 944 4662 Unde
960 4605 1093 4661 discordia
1116 4604 1213 4660 iterum
1237 4603 1305 4661 iuter
1323 4603 1488 4661 Fridsricom
1512 4609 1540 4662 et
1561 4615 1704 4663 commune
1718 4601 1894 4660 laccensium

481 4706 575 4758 exorta
587 4709 639 4761 est.
654 4699 695 4758 Gi.
709 4700 842 4772 masur,
855 4701 956 4759 danai.
969 4702 1114 4773 Genusus,
1123 4717 1167 4776 ap.
1182 4701 1343 4774 semron,
1358 4699 1472 4776 script,
1484 4709 1507 4762 t.
1517 4701 1564 4775 vt,
1579 4719 1607 4777 p.
1622 4701 1751 4760 trs-tre.
