4242 5904
506 595 567 658 226
1009 603 1223 664 retneetct
1250 601 1424 664 secentur
1733 602 1811 686 [etv.
1831 604 1915 668 1238.

505 732 675 828 perpessi,
703 734 986 830 supplicaverunt
1008 737 1204 810 celsitudini
1228 745 1363 824 nostre,
1391 745 1428 808 ut
1452 757 1572 809 eorum
1601 737 1842 833 oonpaoientes
1864 741 1916 812 iu·

504 855 713 948 commodis,
737 858 890 952 aliquam
911 860 1056 952 gratiam
1080 871 1115 934 et
1132 859 1402 934 misericordiam
1426 881 1506 932 cum
1523 861 1574 932 eis
1593 881 1699 956 super
1715 863 1917 937 remissione

504 979 657 1075 precario
682 1000 744 1076 pro
761 990 914 1077 tempore
932 983 1043 1056 lacere
1062 984 1293 1079 dignaremur.
1322 985 1391 1057 Nos
1416 981 1523 1076 igitur
1553 984 1601 1058 ad
1625 984 1766 1058 eosdem
1795 985 1916 1060 fideles

502 1111 653 1192 nostros,
680 1126 744 1198 pro
768 1106 828 1178 tali
856 1106 1085 1179 inextimabili
1114 1107 1283 1203 dampno,
1313 1108 1601 1203 compacienciam
1630 1108 1815 1203 benignam
1847 1111 1915 1183 ha·

500 1227 641 1316 bentes,
661 1237 700 1298 ut
717 1229 930 1323 reparacioni
957 1230 1105 1304 civitatis
1121 1243 1157 1304 et
1177 1231 1359 1304 domorum
1382 1253 1523 1304 suarum
1549 1231 1668 1324 quiete
1696 1253 1820 1307 vacare
1850 1255 1913 1306 va·

500 1351 613 1441 leant,
643 1373 709 1424 uec
736 1353 851 1447 aliqua
876 1355 1058 1429 exactione
1087 1367 1289 1451 graventur,
1321 1378 1343 1428 a
1368 1355 1517 1450 presenti
1539 1375 1658 1428 mense
1687 1357 1908 1451 septembris,

500 1472 706 1546 duodecime
722 1475 935 1568 indictionis,
957 1501 1068 1572 usque
1086 1480 1132 1552 ad
1149 1481 1356 1574 completum
1373 1479 1560 1551 triennium
1581 1479 1840 1574 quartodecimo
1857 1481 1911 1553 iu·

499 1597 677 1688 dictioniS,
697 1600 886 1693 precariam
905 1602 1063 1692 ejusdem
1085 1603 1234 1674 civitatis
1252 1603 1388 1675 civibus
1406 1603 1451 1675 de
1467 1603 1584 1675 inuata
1602 1603 1788 1676 clemencia
1805 1603 1910 1678 duxi·

498 1743 576 1794 mus
594 1723 834 1796 universaliter
851 1727 1105 1800 remittendam.
1130 1727 1185 1800 Ad
1204 1728 1305 1819 cujus
1321 1727 1529 1800 remissionis
1551 1729 1750 1800 memoriam
1774 1737 1809 1800 et
1826 1749 1909 1801 cau·

498 1847 599 1920 telam
619 1869 761 1942 presens
779 1849 944 1944 scriptum
962 1849 1048 1942 lieri,
1066 1861 1102 1923 et
1116 1851 1229 1945 sigillo
1247 1859 1362 1924 nostro
1372 1850 1541 1943 jussimus
1561 1851 1781 1942 communiri,
1801 1873 1905 1943 anno,

497 1991 615 2042 mense
627 1980 662 2043 et
674 1970 863 2044 indictione
879 1973 1093 2069 subscriptis.

544 2095 669 2165 Datum
680 2094 714 2164 in
730 2099 850 2169 castris
861 2097 896 2168 in
911 2097 1092 2171 obsidione
1104 2097 1232 2186 Brixie,
1249 2118 1340 2169 euno
1354 2096 1526 2170 dominice
1538 2097 1786 2170 iucamaeionis
1798 2099 1906 2172 mille·

496 2217 583 2292 simo
607 2218 844 2294 ducentesimo
862 2221 1033 2314 tricesimo
1057 2233 1199 2314 octavo,
1227 2244 1346 2296 mense
1368 2223 1593 2317 septembris,
1613 2223 1674 2294 llll
1691 2219 1900 2296 indictionis.

728 2529 844 2540 ——oeuo
852 2530 1004 2539 nun-um.-
1011 2533 1016 2537 .
1024 2531 1050 2538 0-
1056 2532 1095 2539 ...η
1102 2532 1123 2538 -..Ὶ
1130 2533 1132 2538 t
1140 2529 1669 2538 .--..--=--——n---—-——-o—-o-··-

545 2751 777 2858 Fridericus,
797 2753 1056 2836 Romanorum
1083 2754 1302 2862 imperator,
1321 2751 1530 2836 lohanucm
1554 2751 1812 2836 Arelatensem
1834 2779 1901 2836 ar-

491 2883 791 2993 chiepiscopum,
811 2896 960 2994 recepto
982 2885 1031 2968 ab
1056 2913 1101 2969 eo
1123 2885 1313 2969 fidelitatis
1341 2894 1378 2968 et
1407 2885 1567 2968 hominii
1585 2884 1824 2996 juramento,
1853 2887 1900 2970 de

490 3017 682 3127 regalibus
700 3045 767 3126 per
785 3029 976 3126 sceptrum
994 3019 1158 3102 investit.

569 3216 691 3297 (lnedlt.
713 3235 749 3278 ex
764 3219 924 3296 exemplar!
938 3219 1109 3280 autbeutlco
1121 3221 1152 3280 ln
1165 3220 1245 3280 arch.
1261 3219 1400 3296 praesset.
1416 3218 1542 3293 blassll,
1555 3217 1640 3280 Llcrc
1655 3225 1718 3280 cert
1730 3217 1764 3280 de
1778 3215 1898 3281 imole-

607 3321 688 3384 vecte
700 3320 822 3400 d'Arler,
836 3325 887 3386 lol.
904 3334 931 3386 2.
948 3357 989 3371 -
999 3327 1195 3386 luvenluntur
1207 3325 1284 3388 duee
1296 3327 1413 3402 eoplse,
1432 3327 1554 3386 mluorls
1568 3342 1638 3386 vero
1654 3325 1740 3400 fidel,
1754 3343 1803 3403 ap.
1821 3323 1910 3402 coll.

607 3431 755 3508 scyros,
775 3435 807 3491 ln
828 3431 906 3494 Blbl.
929 3431 1101 3509 Carpentor.
1116 3449 1178 3511 reg.
1196 3431 1440 3509 rt,vol.1‚tol.
1458 3441 1533 3504 ²06,
1552 3438 1582 3492 et
1600 3433 1801 3510 Bouuurmuu,
1817 3433 1894 3494 Hist.

603 3536 671 3599 MS.
684 3537 719 3596 de
732 3534 834 3599 lorch.
851 3535 974 3614 aare,
990 3537 1069 3600 Bibl.
1083 3535 1170 3611 tbtd,
1178 3535 1418 3618 pilearjostific„
1434 3537 1483 3597 fol.
1502 3545 1557 3612 45,
1572 3554 1610 3597 ex
1622 3537 1703 3598 arch.
1721 3536 1833 3617 Salon.)

536 3707 753 3800 Fradericm,
770 3709 832 3782 Dei
848 3710 959 3806 gratia
975 3709 1206 3782 Romanorum
1227 3709 1413 3803 imperator
1430 3729 1564 3804 semper
1582 3717 1768 3801 augustus,
1791 3709 1893 3782 Jeru-

485 3831 589 3904 salem
605 3840 640 3904 et
658 3833 770 3906 Sicilie
785 3855 860 3906 rex.
879 3833 984 3905 Iustis
999 3831 1153 3905 fidelium
1170 3843 1362 3905 nostrornm
1379 3831 1603 3927 petitionibus
1620 3830 1894 3906 condescendere

485 3956 641 4046 cogimur
662 3977 750 4050 quas
765 3957 830 4026 nisi
856 3956 1086 4028 favorabiliter
1111 3955 1332 4046 audiremus,
1352 3955 1518 4039 obaudire
1541 3954 1636 4049 quod
1653 3955 1747 4046 juste
1768 3954 1894 4049 petitur

484 4100 546 4174 per
567 4078 726 4170 injuriam
752 4079 964 4151 videremur.
990 4079 1166 4153 Universis
1187 4079 1291 4174 igitur
1313 4079 1447 4174 imperii
1474 4078 1634 4151 lidelibus
1658 4087 1728 4150 tam
1751 4099 1893 4174 presen-

484 4201 576 4275 tibus
598 4223 703 4296 qnam
724 4203 849 4274 luturis
874 4202 1034 4275 volumus
1062 4225 1139 4276 esse
1163 4211 1283 4275 uotum
1305 4202 1401 4298 quod
1426 4201 1572 4275 dilectus
1598 4199 1759 4297 princeps
1778 4211 1892 4276 noster

481 4323 654 4398 lohannes
672 4325 879 4398 venerabilis
894 4323 1105 4399 Arelatensis
1118 4323 1413 4421 archiepiscopus,
1429 4328 1531 4419 juxta
1552 4347 1683 4400 morem
1700 4333 1735 4399 et
1747 4327 1806 4419 jus
1823 4348 1891 4399 au·

481 4448 616 4542 tiquom
640 4449 776 4545 imperii
796 4449 842 4521 ad
865 4449 1071 4543 presentiam
1089 4458 1204 4522 nostre
1228 4449 1415 4542 majestatis
1442 4447 1628 4540 accedens,
1654 4449 1768 4522 oblato
1790 4449 1890 4522 nobis

480 4581 516 4644 et
537 4572 681 4667 imperio
704 4570 878 4646 fidelitatis
901 4582 935 4646 et
953 4573 1095 4646 hominii
1115 4574 1331 4666 juramento,
1354 4573 1529 4644 humiliter
1552 4583 1667 4644 nostre
1692 4572 1889 4646 celsitudini

479 4697 690 4793 supplicavit
709 4707 748 4770 ut
764 4697 810 4772 de
829 4698 1002 4794 regalibus
1024 4719 1093 4792 que
1114 4719 1135 4769 a
1154 4696 1255 4768 nobis
1271 4705 1308 4768 et
1323 4697 1466 4792 imperio
1486 4695 1632 4769 ecclesia
1650 4717 1714 4768 sua
1728 4704 1820 4771 tenet
1833 4695 1890 4768 iu-
