4278 5920
220 610 314 670 aare.
335 609 396 683 ru]
665 605 863 668 srsrourn
889 605 1180 670 urnnounrrcs.
1573 601 1630 662 115
1698 583 1701 593 '

221 753 372 816 nostrum
387 741 603 816 debilitatum
618 739 830 832 describunt,
849 763 911 836 per
929 764 999 838 que
1015 741 1139 816 advos
1155 741 1203 838 (a)
1223 741 1352 814 habere
1371 739 1550 812 transitum
1569 735 1631 810 de·

220 865 401 954 heremus,
425 865 666 964 praepedientes
692 866 728 936 iu
748 867 814 940 hoc
834 867 926 940 viras
950 867 1104 963 imperii,
1122 876 1156 940 et
1179 873 1311 942 vestras
1334 865 1379 962 (b)
1399 887 1486 960 quas
1511 865 1632 938 saltem

222 969 429 1064 vicinatione
445 991 598 1062 locorum
620 989 806 1062 formidare
819 990 1002 1082 deberent,
1021 991 1244 1066 nibilominus
1258 997 1528 1064 contemnentes.
1547 985 1633 1058 Cum

223 1115 326 1208 igitur
349 1113 439 1186 firmi
463 1114 569 1187 nostri
589 1113 754 1210 propositi
770 1115 816 1186 sit
835 1135 914 1186 cum
933 1115 1023 1188 felici
1040 1115 1196 1188 exercitu
1214 1123 1329 1189 nostro
1350 1113 1397 1186 ad
1414 1119 1527 1208 partes
1543 1110 1634 1205 ipsas

225 1238 405 1328 accedere,
432 1245 471 1308 ut
497 1237 664 1332 serpentis
693 1237 882 1332 nequitiam
912 1259 982 1311 uon
1001 1239 1037 1310 iu
1073 1239 1203 1323 cauda,
1228 1232 1290 1312 se'd
1317 1239 1353 1309 iu
1381 1237 1493 1334 capite
1518 1244 1634 1308 coute-

224 1381 356 1451 ramus;
387 1359 561 1433 devotioni
588 1369 702 1433 vestre
726 1360 953 1455 mandamus,
980 1372 1171 1456 quatenus,
1197 1361 1287 1435 sicut
1312 1361 1477 1434 honorem
1500 1359 1635 1454 imperii

225 1482 365 1576 diligitis
382 1492 417 1556 et
440 1484 585 1555 salutem
611 1493 762 1556 nostram
782 1486 923 1580 optatis,
949 1496 1066 1558 contra
1088 1485 1359 1559 Mediolanenses
1384 1493 1557 1558 eteorum
1581 1504 1636 1554 se·

225 1627 351 1699 quaocs
368 1605 473 1694 alios,
488 1605 549 1700 qui
563 1607 614 1678 sic
636 1606 672 1676 iu
687 1605 841 1680 dedecus
857 1617 892 1680 et
910 1608 1072 1680 lesionem
1094 1617 1243 1680 nostram
1263 1617 1525 1700 nostrorumque
1546 1604 1636 1678 lide·

225 1729 307 1800 lium
334 1729 464 1802 effrene
483 1739 672 1823 vagantur,
693 1729 740 1802 ad
760 1751 920 1824 guerram
943 1751 963 1803 e
984 1731 1130 1826 vestigio
1150 1731 1362 1826 resurgatis:
1389 1739 1428 1801 ut
1447 1729 1497 1800 sic
1521 1729 1633 1822 ipsos.

227 1853 285 1947 qui
306 1863 424 1926 contm
443 1873 505 1926 nos
527 1861 562 1926 at
582 1853 765 1948 imperium
786 1865 820 1926 et
837 1854 872 1925 in
891 1853 1009 1927 lideles
1031 1865 1165 1928 nostros
1186 1857 1272 1928 alios
1290 1853 1448 1926 lascivire
1465 1853 1635 1942 nituntur,

227 1976 272 2050 ad
291 1977 525 2050 defensionem
545 1977 671 2050 domus
690 1979 827 2073 proprie
844 1979 1037 2051 necessario
1058 1981 1244 2069 revocetis,
1266 1977 1362 2073 quod
1383 1975 1638 2050 multitudinem

230 2099 421 2174 devotionis
444 2109 579 2194 vestra,
600 2121 707 2195 qnam
735 2101 771 2172 iu
798 2101 942 2174 auribus
963 2103 1087 2175 nostris
1108 2107 1285 2176 retroactis
1305 2101 1515 2197 temporibus
1539 2121 1641 2197 spou-

229 2223 381 2314 debatis‚
402 2225 438 2296 iu
456 2225 565 2298 oculis
583 2225 787 2298 excellentia
800 2235 917 2298 nostre
931 2247 992 2299 uos
1008 2227 1159 2324 experiri
1177 2226 1327 2299 viriliter
1343 2225 1539 2298 videamus.

465 2531 939 2544 m·
944 2536 1009 2544 'm-
1013 2530 1403 2544 -ιῳ--ι--ι--ιῲ-

282 2789 331 2872 Et
359 2799 487 2872 motus
515 2789 722 2899 imperator
749 2817 772 2872 a
799 2789 949 2874 Verona
977 2817 1066 2874 cum
1093 2791 1257 2875 exercitu
1285 2815 1356 2874 suo
1473 2789 1576 2872 veuit
1603 2789 1643 2870 in

233 2922 449 3031 episcopatu
475 2921 623 3006 Brixiae
649 2933 687 3006 et
715 2923 850 3006 habuit
875 2923 1162 3008 Reddodescum
1194 2933 1362 3008 castrum
1387 2921 1571 3006 comitum
1597 2923 1645 3006 de

234 3055 351 3140 Mosa.
375 3054 573 3138 Praeterea
602 3055 875 3140 Cremonenses
902 3067 941 3140 et
963 3058 1185 3141 Parmenses
1209 3081 1299 3138 oum
1324 3055 1482 3139 carooiis
1510 3065 1548 3138 et
1568 3057 1647 3140 lle-

237 3187 337 3298 ginis
368 3197 407 3270 et
435 3187 711 3272 Mutinensibus
743 3189 1009 3298 equitaverunt
1040 3189 1089 3270 ad
1120 3188 1326 3271 exereitum
1357 3186 1453 3298 ejus.
1484 3187 1534 3270 Et
1557 3189 1646 3269 iude

236 3327 404 3402 mmotus
427 3319 530 3427 apud
556 3318 721 3403 Godium
744 3329 912 3403 castrum
934 3320 1109 3406 Mantuae
1126 3320 1343 3430 properauit
1367 3330 1405 3402 et
1429 3319 1520 3402 data
1538 3319 1648 3402 obsi-

236 3451 348 3534 dione
365 3450 493 3561 ipsum
511 3459 680 3535 castrum
696 3454 807 3562 cepit.
826 3454 996 3536 chronic.
1019 3481 1191 3565 anonym.
1208 3459 1254 3537 dc
1265 3455 1344 3536 reb.
1360 3452 1402 3533 t'o
1413 3456 1502 3536 leot.
1519 3452 1644 3562 qesta's,

236 3609 276 3690 p.
300 3586 375 3668 167
397 3584 557 3692 (Paris,
580 3587 697 3692 1856,
717 3585 856 3697 inb).

483 3905 1271 3916 ,ι---η-...ι--ηι--ι-..ῳ--α--ι--αιο--..ηε-μ..
1289 3905 1325 3914 -n
1345 3904 1403 3913 ..o-

291 4162 522 4268 Friderious,
547 4163 806 4247 Romanorum
829 4163 1055 4272 imperetur,
1080 4162 1238 4272 antiqua
1262 4159 1498 4244 considerata
1524 4159 1649 4242 devo-

239 4293 340 4378 tione
371 4295 666 4380 Mantuanorum
699 4296 767 4405 qui
798 4296 838 4378 in
866 4295 1087 4380 fidelitatem
1114 4319 1225 4394 suam
1251 4293 1445 4378 mdimunt
1475 4301 1511 4374 et
1538 4291 1652 4401 jura-

242 4427 379 4510 mentis
400 4422 689 4511 cum'societate
711 4428 1015 4513 Lombardorum
1042 4426 1145 4510 initis
1168 4425 1504 4533 renunciaverunt,
1528 4448 1593 4506 eos
1612 4423 1652 4502 in

283 4603 324 4684 (a)
345 4605 381 4666 In
395 4607 536 4684 imorem
549 4623 610 4668 aaa.

285 4707 324 4791 (b)
344 4709 458 4772 Ibidem
470 4717 594 4774 mour.
683 4775 687 4784 ,

1708 4184 1734 4227 lu
1746 4183 1824 4226 ωὶήι

1677 4237 1856 4335 ‘titillet’
