4262 5910
521 599 582 662 582
616 601 619 608 ⁴
1019 599 1236 662 adiubaret
1260 599 1434 662 saccant
1737 599 1818 676 [Αιι
1837 597 1922 660 lm

521 735 653 807 inutilia
672 732 816 806 correda
832 733 935 806 etiam
954 742 989 806 et
1004 735 1130 808 assisas
1147 733 1197 832 (o)
1213 743 1248 808 et
1263 735 1331 808 alia
1345 733 1584 828 guarnimenta
1602 733 1698 806 curie
1721 741 1836 806 nosue
1856 755 1923 806 ve-

520 869 594 931 tera
620 867 656 929 et
681 857 816 928 inutilia
836 856 1020 930 existentia
1047 857 1081 930 in
1113 860 1239 932 nostris
1263 857 1503 932 tarsionatibus
1531 863 1566 928 at
1595 863 1695 928 extra
1711 843 1923 928 'tersionatns

520 977 677 1070 eosdem,
698 979 771 1050 suis
788 977 994 1048 utilitatibus
1012 977 1234 1072 applicanda.
1255 977 1484 1052 concedimus
1496 976 1659 1071 equidem
1676 975 1829 1070 predicto
1847 999 1923 1050 anr-

520 1101 643 1174 mirato
660 1100 705 1172 dc
723 1099 834 1193 gratia
851 1099 992 1194 speciali
1015 1099 1111 1193 quod
1129 1100 1175 1172 de
1194 1099 1371 1174 Saracenis
1397 1097 1577 1194 capiendis
1594 1121 1675 1172 cunr
1698 1101 1823 1172 nostris
1839 1123 1923 1174 uas-

520 1225 617 1297 callis
637 1223 778 1296 armatis
798 1243 859 1317 per
887 1243 968 1294 eum
993 1224 1049 1294 vei
1073 1245 1134 1318 per
1153 1225 1239 1298 alios
1262 1222 1493 1297 demandato
1515 1243 1599 1314 suo,
1626 1224 1703 1317 ipse
1723 1223 1922 1317 vigesimam

520 1355 651 1442 partem
679 1355 909 1439 consequatur
931 1355 965 1418 et
991 1346 1135 1438 babeat,
1160 1347 1301 1441 reiiqms
1323 1345 1478 1442 partibus
1500 1347 1746 1421 Saracenorum
1772 1346 1922 1440 ipsorum

520 1469 594 1542 fisci
618 1467 725 1541 nostri
752 1468 1052 1542 mmmoditatibns
1074 1469 1301 1566 applicandis.
1325 1471 1409 1543 item
1431 1467 1704 1542 concedimussi
1727 1477 1766 1540 ut
1782 1469 1813 1540 si
1837 1491 1923 1542 cou-

519 1595 630 1688 tiugat
648 1593 811 1668 eumdem
827 1595 1044 1666 ammiratum
1061 1615 1124 1667 sna
1143 1594 1325 1690 prudentia
1341 1603 1377 1668 et
1392 1601 1537 1668 tractatu
1551 1615 1572 1666 a
1588 1594 1766 1668 Saracenis
1780 1594 1925 1688 qrnibus-

520 1715 603 1788 libet
623 1717 721 1789 solita
744 1715 835 1810 regis
864 1716 978 1788 Sicilie
1003 1717 1157 1810 recipere
1186 1715 1313 1790 tn'buta
1335 1725 1370 1789 et
1392 1717 1529 1790 insolita
1555 1727 1590 1790 ct
1614 1735 1707 1788 nova
1732 1716 1921 1811 requiram,

520 1839 657 1910 tributis
673 1839 781 1912 soiitis
799 1847 834 1910 at
850 1839 987 1910 noviter
1001 1838 1178 1932 acquisitis
1195 1839 1294 1912 nobis
1311 1839 1443 1933 integre
1459 1837 1730 1928 remanentibus,
1747 1835 1793 1910 ad
1811 1858 1924 1931 qnan-

522 1961 650 2034 titatam
666 1962 823 2056 equalem
837 1960 971 2034 decime
986 1961 1218 2056 predictorum
1232 1960 1436 2034 tributorum
1453 1961 1529 2057 ipso
1545 1961 1725 2034 ammirato
1739 1961 1923 2034 &meones

520 2093 663 2178 cogente
681 2083 871 2178 predictos,
890 2105 971 2156 sum
990 2083 1036 2156 ad
1056 2105 1146 2178 opus
1163 2105 1266 2156 suum
1288 2085 1333 2157 de
1355 2085 1494 2178 speciali
1518 2083 1629 2178 gratia
1653 2083 1746 2155 iliam
1763 2083 1924 2156 volumus

519 2207 678 2280 retinere.
700 2209 813 2280 Naves
832 2229 915 2280 vcro
935 2215 970 2279 et
989 2209 1138 2280 vascelia
1163 2217 1359 2280 exterorum
1379 2228 1448 2300 qna
1468 2207 1505 2278 in
1524 2207 1622 2300 regni
1644 2205 1750 2280 nostri
1770 2207 1924 2301 partibus

520 2329 700 2422 naufragia
718 2329 763 2400 de
780 2339 894 2402 cetero
907 2329 1079 2424 patientur
1094 2329 1154 2426 (b),
1175 2329 1221 2402 de
1237 2350 1308 2422 quo
1322 2329 1504 2420 naufragio
1516 2329 1575 2421 jus
1591 2339 1793 2402 consuetum
1807 2337 1841 2402 et
1856 2329 1923 2402 de-

519 2451 631 2524 bitum
650 2461 765 2524 nostra
781 2451 877 2526 curia
895 2461 1134 2545 consequetur,
1155 2451 1248 2524 idem
1267 2453 1466 2524 ammiratus
1485 2451 1613 2524 habeat
1629 2451 1703 2524 suis
1724 2452 1923 2524 utilitatibus

519 2575 768 2669 acquirendum
791 2572 851 2672 (c).
874 2575 1031 2648 Prcdicto
1055 2575 1149 2646 enim
1170 2575 1352 2648 ammirato
1377 2573 1600 2648 concedimus
1620 2575 1716 2668 quod
1740 2575 1865 2649 habant
1891 2587 1923 2648 et

519 2697 645 2770 habere
659 2697 784 2770 debeat
799 2699 915 2772 omnia
925 2699 1005 2790 jura
1020 2720 1090 2792 qne
1105 2697 1275 2770 ammirati
1290 2697 1349 2770 alii
1364 2697 1621 2792 predecoesores
1634 2698 1690 2771 sni
1703 2697 1833 2771 ratione
1847 2719 1923 2772 am-

519 2821 654 2893 miratio
667 2821 772 2893 officii
788 2821 984 2894 habuerunt
998 2829 1067 2894 mm
1084 2822 1215 2896 acaria
1235 2819 1423 2894 inferendis
1438 2821 1512 2918 (air)
1528 2843 1668 2916 quama
1685 2821 1874 2894 marinariis
1890 2833 1923 2894 et

519 2945 597 3017 aliia
613 2967 674 3040 per
689 2967 784 3018 mare
800 2945 1043 3039 navigantibus
1059 2953 1309 3018 consueverant
1324 2945 1475 3040 recipere
1491 2955 1526 3017 et
1542 2944 1682 3018 babere.
1702 2945 1923 3018 attendentes

519 3069 637 3160 itaque
655 3069 807 3162 pericula
823 3079 859 3141 at
876 3069 1010 3142 laboras
1026 3069 1299 3162 immensosque
1314 3089 1377 3162 pm
1398 3067 1498 3140 nobis
1515 3069 1695 3160 sustinuit,
1716 3067 1830 3141 eidem
1844 3089 1923 3140 am-

499 3211 504 3220 ·
519 3190 642 3262 mirato
655 3190 700 3263 de
710 3191 911 3264 liberalitato
927 3213 1023 3264 mera
1036 3199 1072 3264 et
1085 3191 1193 3284 gratia
1205 3191 1344 3286 speciali
1361 3189 1586 3264 concedimus
1597 3191 1693 3284 quod
1705 3190 1750 3264 de
1764 3191 1924 3264 omnibus

520 3315 692 3388 mercibus
707 3325 741 3388 et
757 3317 861 3388 rebus
880 3315 982 3388 licitis
999 3325 1034 3388 et
1048 3315 1224 3411 permissis
1238 3339 1326 3410 quas
1343 3315 1389 3390 da
1404 3337 1468 3388 suo
1488 3317 1627 3412 proprio
1649 3317 1716 3388 emi
1740 3316 1842 3389 iaciat
1859 3315 1920 3410 (d),

520 3437 674 3524 onerari,
697 3438 832 3510 immitti
852 3436 898 3534 (e)
920 3449 955 3511 et
970 3438 1152 3512 extrahere
1172 3439 1209 3510 in
1230 3440 1509 3534 quibuscumque
1529 3449 1564 3511 ct
1586 3440 1632 3514 de
1649 3439 1924 3534 quibuscumque

522 3559 688 3653 portubus
705 3569 740 3633 et
759 3561 861 3633 licitis
878 3561 1124 3634 maritimarum
1141 3561 1275 3654 Sicilie,
1293 3561 1427 3634 nulium
1443 3564 1502 3656 jus
1522 3561 1722 3658 solverem
1737 3571 1772 3634 et
1785 3563 1924 3636 alterius

522 3683 771 3778 cujuscumque
792 3683 954 3777 dirictus;
979 3695 1096 3758 nostre
1118 3683 1213 3758 curie
1229 3707 1270 3758 ac
1284 3685 1361 3758 aliis
1380 3685 1584 3758 officialibus
1598 3695 1633 3758 ct
1649 3685 1830 3779 gaballotis
1847 3705 1924 3756 nos·

521 3807 583 3876 tris
607 3807 721 3879 Siciiie
750 3807 958 3901 presentium
988 3819 1107 3881 tenore
1132 3807 1335 3882 mandantes
1356 3807 1451 3902 quod
1474 3809 1520 3881 ab
1542 3807 1666 3882 codem
1688 3808 1868 3880 ammirato
1892 3817 1925 3878 et

522 3929 598 4020 ejus
617 3929 753 4002 nunciis
771 3931 816 4004 de
841 3932 945 4004 rebus
960 3941 995 4004 et
1017 3933 1189 4004 mercibus
1211 3953 1274 4028 per
1295 3953 1376 4006 enm
1400 3934 1527 4026 atejus
1548 3931 1695 4006 nuncios
1712 3931 1758 4004 de
1779 3951 1844 4004 sua
1861 3951 1925 4026 pe-

563 4150 605 4231 (c)
627 4152 763 4214 Forsitan
772 4153 928 4232 legendum
941 4151 1045 4234 afflant,
1059 4156 1130 4218 aiibi
1142 4153 1252 4238 offena.

563 4256 604 4336 (d)
626 4258 661 4318 In
675 4261 817 4336 impresso
828 4257 1017 4340 patientibus.

565 4363 601 4442 (c)
627 4365 732 4442 Aptius
747 4365 896 4426 videretur
907 4365 1099 4446 nouando,
1114 4369 1173 4428 nisi
1187 4367 1309 4429 verbum
1323 4367 1361 4429 ad
1367 4367 1422 4449 jos
1434 4365 1587 4430 mierum

565 4466 609 4549 (d)
629 4470 663 4528 ln
677 4469 934 4549 impressosacera.
1422 4499 1426 4506 ·

564 4573 603 4654 (e)
629 4576 684 4636 iiic
699 4579 797 4654 inepta
804 4574 905 4656 jacere
916 4579 1066 4654 repetitur.

563 4678 614 4760 (s)
633 4682 699 4756 Sic,
714 4685 823 4745 racttna
836 4701 907 4746 vero
923 4681 1013 4746 atvar
1027 4679 1193 4746 vetabere
1208 4679 1319 4746 debeat.
