4242 5904
195 590 293 650 lanrcr.
312 586 373 672 li]
647 584 845 646 HISTORIA
869 584 1161 648 iiiitoiiiiricti.
1554 583 1613 648 199

194 724 363 798 honorem
389 719 558 816 prefigere
575 719 795 794 deberemus.
820 721 1033 814 Suggerunte
1052 721 1153 794 nohis
1173 718 1243 794 lide
1265 729 1325 793 tua
1347 718 1511 792 fiduciam
1534 741 1611 793 cer·

194 846 317 920 liorem
335 843 433 940 quod
451 843 497 918 ad
515 843 723 918 servandam
742 843 881 918 laudem
906 853 941 917 et
959 844 1103 938 gloriam
1121 866 1168 918 ex
1188 855 1284 939 parte
1307 843 1614 918 consummationis

194 970 327 1064 negotii
340 967 545 1041 lombardie
558 989 629 1063 que
640 990 701 1064 pre
717 968 878 1041 manibus
891 977 999 1041 estate
1010 969 1169 1064 proxima
1184 967 1330 1040 finaliter
1343 967 1443 1041 nobis
1458 966 1610 1062 offertur,

195 1093 420 1168 laudabiliter
437 1092 483 1165 ad
502 1114 622 1187 pugne
640 1114 805 1166 coronam
818 1091 938 1165 venies
960 1100 999 1164 ut
1018 1092 1172 1186 vocaris,
1190 1093 1404 1164 oblivisceris
1423 1113 1612 1186 gravamen

196 1237 314 1289 rerum
328 1223 363 1290 et
378 1217 542 1311 temporis
555 1225 590 1288 et
607 1214 653 1289 ad
670 1236 871 1290 successuro
886 1214 1107 1310 perfectionis
1122 1215 1270 1308 gaudia,
1287 1215 1469 1288 conatibus
1483 1215 1610 1288 virium

196 1339 392 1430 renovatis,
411 1359 563 1433 exurges
576 1349 615 1412 ut
629 1341 746 1412 nullus
762 1339 870 1434 possit
885 1339 1108 1416 modestiora
1130 1339 1232 1412 nobis
1253 1360 1418 1412 numerus
1437 1339 1613 1434 pretaxari

196 1463 284 1558 quin
298 1463 334 1535 in
347 1483 390 1536 eo
403 1461 560 1557 derogari
572 1462 719 1536 nobisei
733 1462 795 1534 tibi
814 1460 1158 1558 crederemuspotius
1173 1485 1278 1558 quam
1295 1461 1439 1554 delerri;
1461 1464 1614 1537 maxime

198 1608 309 1682 quom
321 1585 417 1682 (o)...
432 1607 549 1660 comes
564 1585 740 1660 Sabaudie
755 1585 908 1660 sororius
926 1595 1021 1678 tuns,
1032 1586 1179 1660 dilectus
1196 1585 1311 1660 fidelis
1327 1595 1455 1678 noster,
1467 1586 1514 1661 ad
1530 1610 1614 1682 pre-

197 1711 345 1784 sentiam
366 1719 518 1784 nostrem
541 1711 633 1784 circa
655 1719 770 1806 partes
793 1709 1014 1783 Pedemontis
1035 1709 1205 1784 accedens
1224 1711 1366 1808 proprio
1387 1711 1462 1784 zelo
1488 1710 1613 1785 ductus

199 1856 281 1908 cum
299 1833 493 1907 honorabili
505 1834 671 1906 comitiva
683 1833 730 1907 ad
742 1833 935 1906 exercitum
949 1843 1102 1906 nostrum
1116 1834 1239 1906 obtulit
1250 1855 1289 1906 se
1305 1843 1505 1939 venturum,
1523 1856 1614 1906 mar·

198 1956 324 2033 chione
348 1957 592 2030 Montisierrati
616 1967 774 2052 presente
798 1966 833 2030 ot
857 1958 983 2030 nostris
1004 1957 1163 2030 similiter
1185 1958 1344 2054 exposito
1365 1957 1516 2031 servitiis
1534 1980 1614 2031 cum

198 2082 355 2155 omnium
368 2103 510 2154 suarum
525 2081 653 2154 virium
666 2081 842 2154 facultate.
858 2081 931 2154 Noc
944 2089 978 2154 te
993 2081 1146 2177 patimur
1158 2082 1316 2176 ignorare
1330 2079 1425 2176 quod
1435 2104 1457 2154 a
1469 2081 1614 2156 diversis

198 2206 317 2301 regnis
345 2215 381 2278 et
413 2205 534 2278 mundi
562 2205 751 2301 provinciis
780 2213 924 2278 strenua
953 2207 1184 2300 prestolamur
1212 2205 1345 2278 auxilia
1379 2214 1414 2278 et
1443 2204 1614 2279 infinitam

199 2329 327 2402 babere
340 2327 548 2402 confidimus
561 2328 696 2424 copiam
715 2339 946 2421 armatorum,
963 2331 1118 2402 volentos
1133 2337 1250 2402 notam
1265 2329 1399 2401 cunctis
1414 2338 1474 2402 tue
1489 2329 1615 2404 domus

200 2451 340 2527 laudem
362 2462 396 2525 et
416 2453 559 2547 gloriam
582 2453 831 2547 presentialiter
852 2453 1031 2544 ostentari,
1054 2461 1093 2524 ut
1111 2453 1211 2525 nobis
1232 2453 1404 2548 gratiosus
1425 2452 1611 2546 advenias,

199 2574 413 2650 admirabilis
431 2575 560 2649 exteris
582 2584 619 2649 et
641 2576 703 2649 tihi
724 2599 765 2650 ac
787 2577 858 2650 tuis
880 2576 987 2650 titulis
1009 2577 1190 2672 gloriosus.
1211 2578 1281 2650 Nos
1305 2586 1420 2650 autem
1446 2578 1493 2651 ad
1514 2587 1615 2651 tuum

199 2698 456 2795 oportuniorem
478 2698 671 2774 adventum
690 2700 727 2772 iu
748 2699 907 2774 kalendis
924 2701 1006 2774 maii
1025 2702 1210 2774 torminum
1230 2701 1276 2774 ad
1302 2700 1459 2794 ejusdem
1485 2704 1615 2776 mensis

201 2821 305 2895 linem
324 2822 388 2894 tibi
404 2823 567 2896 volumus
588 2825 784 2918 prorogari,
805 2825 853 2898 ita
867 2825 1034 2900 videlicet
1051 2825 1147 2919 quod
1167 2826 1203 2897 in
1217 2826 1375 2899 kalendis
1386 2827 1614 2922 sequentibus

196 2943 288 3039 junii
305 2959 340 3018 te
353 2967 472 3020 coram
487 2947 587 3020 nobis
601 2947 729 3021 debeas
743 2947 897 3022 hilariter
910 2957 1118 3044 presentare
1139 2949 1255 3024 Cetera
1274 2971 1360 3024 vero
1372 2959 1453 3024 tuus
1471 2952 1615 3023 nuntius

202 3091 261 3143 ore
276 3071 464 3166 supplebit,
478 3073 540 3166 qui
555 3072 601 3146 de
616 3073 704 3145 ielici
722 3083 858 3148 statuet
870 3075 1092 3170 processibus
1106 3074 1232 3148 nostris
1246 3083 1280 3147 te
1294 3084 1425 3148 certum
1442 3085 1477 3148 et
1486 3077 1614 3168 jocun-

202 3193 286 3267 dum
301 3193 428 3268 efficiet
444 3195 534 3268 sicut
544 3195 646 3269 vidit.

436 3533 461 3544 ..
469 3537 474 3542 .
483 3534 533 3542 .-...
540 3533 891 3542 ..mmm-q...
897 3533 1378 3549 ——-—-—·—-—-—---—.-..

255 3803 491 3914 hildericus,
520 3805 781 3892 Romanorum
815 3807 1036 3917 imperator,
1067 3811 1197 3895 comiti
1224 3813 1389 3899 Guidoni
1418 3818 1466 3900 dc
1495 3818 1617 3902 Blan-
1642 3838 1820 3940 cuffiam

204 3936 307 4021 drale
324 3938 567 4050 priuilegium
590 3940 805 4025 Fridericil
827 3942 1088 4050 imperaturo,
1112 3945 1246 4027 datum
1279 3949 1380 4056 apud
1408 3947 1616 4035 Franllurt

204 4070 255 4150 20
271 4069 453 4154 februarii
476 4075 592 4177 1156,
609 4099 680 4157 avo
700 4073 872 4184 ejusdem
892 4075 1078 4158 Gnidonis
1090 4077 1305 4186 indultum,
1321 4091 1477 4165 renovat
1494 4095 1531 4167 et
1549 4085 1614 4166 iu-

205 4204 361 4286 serendo
379 4205 598 4314 confirmat,
617 4207 753 4317 etipse
771 4209 950 4291 eumdem
967 4211 1143 4294 comitem
1163 4211 1236 4294 sub
1255 4238 1326 4296 sua
1344 4217 1496 4324 speciali
1516 4244 1613 4326 pro-

203 4335 361 4419 tectione
377 4337 522 4447 recipit.

244 4585 285 4667 (a)
306 4589 427 4651 Lacuna
438 4593 470 4651 in
483 4591 594 4655 codice.
609 4595 720 4656 Littera
737 4611 809 4655 vero
822 4595 1004 4676 initiallsP.,
1014 4597 1156 4661 mendosa
1172 4616 1218 4678 ap.
1236 4601 1384 4681 Marione,
1394 4621 1442 4684 ap.
1459 4605 1546 4667 Periz
1558 4607 1614 4666 Pe·

205 4699 265 4754 trus
280 4696 457 4779 traducitur,
473 4698 545 4760 dum
560 4715 659 4762 comes
672 4701 838 4763 sabaudiae
850 4708 922 4764 tuuc
935 4706 1075 4782 temporis
1087 4704 1178 4767 fuerit
1189 4705 1342 4771 Amadoco.
