4350 5922
254 621 351 682 lrmror.
373 616 433 701 lo]
702 616 898 678 HiSTORlA
924 615 1216 676 otrnonarrctt.
1629 618 1666 678 13

254 753 442 848 sumpserit
451 751 726 846 indignationum
739 761 891 824 nostram
903 773 942 824 se
955 752 1088 824 noverit
1101 752 1333 838 incursurum,
1349 751 1447 823 salvo
1457 751 1619 824 mundato
1633 761 1668 824 et

254 879 471 952 ordinatione
483 885 611 947 nostra.
632 874 688 946 Ad
709 876 810 967 eujus
831 876 879 947 rei
898 875 1097 947 memoriam
1119 885 1153 946 ot
1174 876 1279 948 robur
1298 885 1461 970 perpetuo
1479 876 1667 948 valiturum

253 1023 396 1098 proeens
411 1001 577 1094 seriptum
595 997 668 1072 fieri
687 998 848 1092 etsigilto
862 998 1047 1090 majestatis
1065 1007 1180 1069 nostre
1189 999 1356 1089 jussimus
1375 999 1591 1070 communiri.

301 1127 427 1198 Datum
438 1122 536 1216 apud
544 1121 726 1212 Viennam,
736 1143 829 1193 anno
843 1121 1016 1194 dominice
1029 1121 1274 1193 incarnationis
1286 1121 1538 1208 MCCXXXVH,
1550 1143 1667 1194 mansa

252 1247 434 1338 februarii,
455 1245 589 1322 decima
609 1244 809 1317 indictione.

475 1555 1152 1566 -ιι-ι-ιιοο-σ--ιι--ι-...μ---μ-...η-...............
1164 1555 1455 1567 ....-..--.......--...........

303 1846 537 1952 Friderious,
561 1847 823 1930 Romanorum
845 1845 1066 1953 imperator,
1087 1853 1290 1954 postquam
1313 1846 1474 1926 dunatus
1492 1845 1667 1929 Austriae
1711 1873 1853 1970 affig-

249 1989 288 2063 et
304 1980 453 2090 Styriae
477 1980 527 2061 ad
549 2005 664 2061 soum
690 1975 905 2060 dominium
929 1977 1166 2082 devenerint,
1190 1975 1372 2061 Wiennae
1396 1978 1436 2058 in
1454 1978 1560 2060 ouria
1576 2003 1664 2060 oum
1731 1958 1827 2025 b'⁰²'⁸¹⁰·

248 2109 486 2220 principibus
508 2109 697 2211 residem,
726 2107 957 2190 monasterio
984 2109 1032 2190 de
1059 2108 1146 2190 Alta
1166 2106 1484 2219 (Niedoraltaioh)
1509 2110 1667 2219 privile-

249 2244 357 2352 gium
379 2241 574 2351 Linpoldi‚
599 2240 707 2325 ducis
735 2243 931 2350 quondam
954 2241 1130 2324 Austriae
1154 2252 1192 2323 et
1219 2241 1382 2350 Styriae,
1413 2243 1536 2325 eidem
1565 2269 1665 2328 anno

251 2377 356 2458 1210
373 2374 588 2480 indultum,
608 2384 764 2457 renouat
781 2383 818 2455 et
835 2373 1049 2455 confirmat.

328 2619 425 2698 (Edit.
439 2635 489 2697 ap.
503 2617 637 2679 Monam.
653 2619 751 2694 Buteo,
765 2623 789 2678 t.
804 2616 872 2690 XV,
887 2633 918 2694 p.
936 2617 980 2696 o.)

295 2839 510 2930 Friderious,
528 2840 590 2912 Dei
609 2840 720 2930 gratia
737 2839 968 2912 Romanorum
991 2837 1176 2931 imperator
1201 2858 1337 2933 semper
1355 2849 1541 2932 augustus,
1560 2843 1663 2914 teru-

246 2963 353 3036 satem
364 2975 400 3036 et
411 2963 526 3036 Sicilie
539 2984 616 3036 rex.
627 2963 691 3035 Per
699 2983 841 3057 presens
854 2961 919 3033 sori
924 2973 1020 3055 ptum
1031 2970 1150 3033 notum
1160 2959 1233 3032 fieri
1248 2962 1408 3034 volomus
1418 2964 1588 3036 universis
1600 2985 1663 3060 per

245 3084 422 3159 Austriam
435 3095 473 3160 et
483 3085 632 3182 Styriem
646 3085 838 3158 eonstitutis
854 3083 1015 3156 fidelibus
1031 3084 1156 3156 nostris
1176 3083 1272 3176 quod
1291 3085 1400 3156 abbas
1417 3096 1452 3158 et
1468 3101 1661 3162 conventus

246 3210 444 3283 monasterii
466 3211 513 3284 de
529 3210 608 3282 Alta
625 3207 745 3284 fideles
760 3207 866 3280 nostri
884 3203 1012 3305 [nobis]
1029 3206 1126 3303 apud
1146 3207 1328 3278 Wiennam
1350 3231 1430 3281 oum
1446 3211 1661 3305 principibus

245 3335 371 3406 nostris
393 3332 624 3406 residentibus
649 3341 973 3427 representaverunt
997 3333 1034 3402 in
1053 3331 1148 3403 curia
1166 3339 1282 3404 nostra
1300 3332 1478 3427 quoddam
1495 3335 1660 3429 seriptum

245 3455 362 3530 dilecti
380 3456 546 3552 principis
565 3456 672 3528 nostri
688 3453 849 3549 Luipotdi
869 3455 960 3526 clare
978 3455 1142 3527 memorie
1158 3453 1334 3549 quondam
1361 3456 1460 3529 duois
1476 3458 1612 3532 Austris
1626 3469 1661 3533 et

245 3581 358 3676 Styris
368 3580 453 3674 ipsis
460 3589 496 3652 et
508 3579 716 3652 monasterio
724 3600 845 3651 eorum
859 3579 1043 3650 clementer
1056 3574 1248 3666 indultum3
1267 3579 1367 3670 cnjus
1383 3589 1481 3653 tenor
1495 3584 1572 3654 talis
1584 3593 1656 3655 est:

292 3705 332 3774 lu
355 3705 495 3776 nomine
517 3711 634 3774 sancte
660 3711 694 3772 et
715 3700 899 3802 individue
921 3700 1107 3773 Trinitatis.
1126 3701 1352 3796 Luitpotdus‚
1372 3703 1433 3774 Dei
1451 3705 1561 3795 gratia
1583 3706 1659 3778 dux

244 3826 384 3900 Austris
394 3837 429 3898 et
441 3826 564 3919 Styrie,
583 3824 880 3898 omuibusChristi
894 3822 1054 3896 fidelibus
1069 3824 1334 3920 inperpetuum.
1352 3825 1500 3910 Quando
1515 3829 1660 3920 quidem

243 3972 360 4022 rerum
378 3959 551 4044 gestarum
566 3948 760 4022 recordatio
777 3949 903 4020 tuturis
915 3957 967 4020 est
982 3948 1157 4042 pmteotus
1168 3959 1203 4018 et
1221 3949 1337 4039 tuitio,
1356 3961 1552 4045 eapropter
1570 3973 1659 4024 oom-

243 4076 458 4148 monetaotus
472 4095 538 4168 ego
551 4071 755 4168 unipotens,
764 4072 826 4144 Dei
838 4073 949 4164 gratia
963 4072 1038 4145 dux
1049 4071 1189 4143 Austris
1202 4081 1237 4143 et
1250 4073 1378 4168 Styrie‚
1390 4076 1599 4150 monasterio
1614 4076 1659 4150 de

244 4196 321 4271 Atta
338 4195 711 4290 recognovijustitiam
729 4196 765 4266 iu
785 4205 880 4267 muta
903 4217 972 4290 qus
989 4195 1025 4266 in
1043 4195 1167 4268 diebus
1185 4196 1292 4291 patris
1312 4197 1381 4268 mei
1400 4218 1468 4269 uon
1483 4200 1657 4274 modicum

244 4341 266 4392 a
281 4321 438 4392 materiis
451 4323 561 4394 inerat
575 4329 693 4392 contra
705 4319 763 4411 jus
780 4319 871 4391 itlius
883 4316 1087 4391 disturbata.
1108 4318 1266 4391 Predioto
1280 4320 1398 4414 itaque
1413 4321 1557 4395 cenobio
1573 4345 1656 4395 con-

244 4445 331 4516 oessi
346 4452 512 4540 perpetuo
530 4442 688 4516 eamdem
707 4443 852 4536 gratiam
870 4451 904 4515 et
915 4443 1084 4534 justitiam
1098 4464 1204 4536 quam
1224 4444 1269 4515 ab
1293 4465 1361 4516 avo
1381 4453 1415 4518 et
1432 4467 1563 4540 proavo
1580 4468 1658 4519 meo

244 4565 365 4640 eadem
393 4567 536 4640 eeclesia
553 4565 749 4662 possedisse
772 4575 807 4637 et
832 4565 995 4638 habuisse
1021 4575 1091 4638 tam
1122 4565 1396 4643 ministerialium
1422 4591 1528 4664 quam
1553 4570 1657 4674 etiam

245 4691 469 4764 mutariorum
477 4711 634 4766 meorum
642 4689 859 4764 attestatione
873 4689 1075 4783 dinoscitur,
1089 4713 1237 4785 quorum
1251 4693 1405 4767 veridico
1420 4695 1529 4767 relatu
1539 4705 1574 4767 et
1584 4695 1660 4766 sut-
