<?xml version="1.0" encoding="UTF-8"?>
<!DOCTYPE html PUBLIC "-//W3C//DTD XHTML 1.0 Transitional//EN"
    "http://www.w3.org/TR/xhtml1/DTD/xhtml1-transitional.dtd">
<html xmlns="http://www.w3.org/1999/xhtml" xml:lang="en" lang="en">
 <head>
  <title>
</title>
<meta http-equiv="Content-Type" content="text/html;charset=utf-8" />
  <meta name='ocr-system' content='tesseract 3.04.00' />
  <meta name='ocr-capabilities' content='ocr_page ocr_carea ocr_par ocr_line ocrx_word'/>
</head>
<body>
  <div class='ocr_page' id='page_1' title='image "./historiadiploma02fredgoog_0309.png"; bbox 0 0 4224 5898; ppageno 0'>
   <div class='ocr_carea' id='block_1_1' title="bbox 502 614 1909 704">
    <p class='ocr_par' dir='ltr' id='par_1_1' title="bbox 502 614 1909 704">
     <span class='ocr_line' id='line_1_1' title="bbox 502 614 1909 704; baseline 0.019 -39"><span class='ocrx_word' id='word_1_1' title='bbox 502 626 562 688; x_wconf 68' lang='lat'>296</span> <span class='ocrx_word' id='word_1_2' title='bbox 1000 614 1214 676; x_wconf 74' lang='lat' dir='ltr'>curuantur</span> <span class='ocrx_word' id='word_1_3' title='bbox 1240 616 1414 678; x_wconf 80' lang='lat' dir='ltr'>secunus</span> <span class='ocrx_word' id='word_1_4' title='bbox 1727 622 1805 704; x_wconf 66' lang='lat' dir='ltr'>[aar.</span> <span class='ocrx_word' id='word_1_5' title='bbox 1823 627 1909 694; x_wconf 72' lang='lat' dir='ltr'>tate.</span> 
     </span>
    </p>
   </div>
   <div class='ocr_carea' id='block_1_2' title="bbox 499 750 1911 2944">
    <p class='ocr_par' dir='ltr' id='par_1_2' title="bbox 499 750 1911 2944">
     <span class='ocr_line' id='line_1_2' title="bbox 500 750 1910 856; baseline 0.001 -23"><span class='ocrx_word' id='word_1_6' title='bbox 500 757 693 833; x_wconf 78' lang='lat' dir='ltr'><strong>adfectibus</strong></span> <span class='ocrx_word' id='word_1_7' title='bbox 721 752 955 839; x_wconf 80' lang='lat' dir='ltr'>firmaremus,</span> <span class='ocrx_word' id='word_1_8' title='bbox 985 750 1133 844; x_wconf 89' lang='lat' dir='ltr'>qualiter</span> <span class='ocrx_word' id='word_1_9' title='bbox 1159 750 1225 824; x_wconf 91' lang='lat' dir='ltr'>iste</span> <span class='ocrx_word' id='word_1_10' title='bbox 1253 773 1367 825; x_wconf 90' lang='lat' dir='ltr'>novus</span> <span class='ocrx_word' id='word_1_11' title='bbox 1394 753 1543 844; x_wconf 79' lang='lat' dir='ltr'>athleta,</span> <span class='ocrx_word' id='word_1_12' title='bbox 1573 755 1720 830; x_wconf 71' lang='lat' dir='ltr'>sinistris</span> <span class='ocrx_word' id='word_1_13' title='bbox 1746 761 1910 856; x_wconf 87' lang='lat' dir='ltr'>auspiciis</span> 
     </span>
     <span class='ocr_line' id='line_1_3' title="bbox 501 873 1911 976; baseline 0.001 -20"><span class='ocrx_word' id='word_1_14' title='bbox 501 887 612 958; x_wconf 90' lang='lat' dir='ltr'>lactus</span> <span class='ocrx_word' id='word_1_15' title='bbox 629 879 785 976; x_wconf 88' lang='lat' dir='ltr'>pontilex</span> <span class='ocrx_word' id='word_1_16' title='bbox 808 874 995 968; x_wconf 78' lang='lat' dir='ltr'>generalis,</span> <span class='ocrx_word' id='word_1_17' title='bbox 1021 873 1155 946; x_wconf 88' lang='lat' dir='ltr'>amicus</span> <span class='ocrx_word' id='word_1_18' title='bbox 1181 883 1296 947; x_wconf 89' lang='lat' dir='ltr'>noster</span> <span class='ocrx_word' id='word_1_19' title='bbox 1321 877 1527 971; x_wconf 89' lang='lat' dir='ltr'>precipuus,</span> <span class='ocrx_word' id='word_1_20' title='bbox 1552 877 1637 952; x_wconf 92' lang='lat' dir='ltr'>dum</span> <span class='ocrx_word' id='word_1_21' title='bbox 1661 879 1698 951; x_wconf 91' lang='lat' dir='ltr'>in</span> <span class='ocrx_word' id='word_1_22' title='bbox 1723 882 1911 958; x_wconf 92' lang='lat' dir='ltr'>minoribus</span> 
     </span>
     <span class='ocr_line' id='line_1_4' title="bbox 500 995 1908 1100; baseline -0.001 -20"><span class='ocrx_word' id='word_1_23' title='bbox 500 1015 590 1080; x_wconf 89' lang='lat' dir='ltr'>esset</span> <span class='ocrx_word' id='word_1_24' title='bbox 618 1003 798 1077; x_wconf 87' lang='lat' dir='ltr'>ordinibus</span> <span class='ocrx_word' id='word_1_25' title='bbox 828 999 1052 1087; x_wconf 88' lang='lat' dir='ltr'>constitutus,</span> <span class='ocrx_word' id='word_1_26' title='bbox 1083 995 1332 1070; x_wconf 85' lang='lat' dir='ltr'>beneficiorum</span> <span class='ocrx_word' id='word_1_27' title='bbox 1365 1001 1541 1091; x_wconf 91' lang='lat' dir='ltr'>omnium,</span> <span class='ocrx_word' id='word_1_28' title='bbox 1574 1003 1703 1096; x_wconf 90' lang='lat' dir='ltr'>quihus</span> <span class='ocrx_word' id='word_1_29' title='bbox 1729 1005 1908 1100; x_wconf 90' lang='lat' dir='ltr'>imperium</span> 
     </span>
     <span class='ocr_line' id='line_1_5' title="bbox 501 1120 1909 1224; baseline -0.001 -21"><span class='ocrx_word' id='word_1_30' title='bbox 501 1130 724 1204; x_wconf 90' lang='lat' dir='ltr'>christianum</span> <span class='ocrx_word' id='word_1_31' title='bbox 748 1130 996 1198; x_wconf 89' lang='lat' dir='ltr'>sacrosanctam</span> <span class='ocrx_word' id='word_1_32' title='bbox 1013 1120 1137 1194; x_wconf 84' lang='lat' dir='ltr'>ditavit</span> <span class='ocrx_word' id='word_1_33' title='bbox 1147 1120 1350 1212; x_wconf 78' lang='lat' dir='ltr'>Ecclesiam,</span> <span class='ocrx_word' id='word_1_34' title='bbox 1364 1123 1510 1215; x_wconf 91' lang='lat' dir='ltr'>oblitus,</span> <span class='ocrx_word' id='word_1_35' title='bbox 1527 1125 1642 1198; x_wconf 91' lang='lat' dir='ltr'>statim</span> <span class='ocrx_word' id='word_1_36' title='bbox 1657 1137 1737 1221; x_wconf 89' lang='lat' dir='ltr'>post</span> <span class='ocrx_word' id='word_1_37' title='bbox 1753 1150 1909 1224; x_wconf 87' lang='lat' dir='ltr'>assnmp</span> 
     </span>
     <span class='ocr_line' id='line_1_6' title="bbox 501 1246 1910 1343; baseline 0 -18"><span class='ocrx_word' id='word_1_38' title='bbox 501 1255 628 1325; x_wconf 79' lang='lat' dir='ltr'>tionem</span> <span class='ocrx_word' id='word_1_39' title='bbox 652 1271 750 1322; x_wconf 90' lang='lat' dir='ltr'>suam</span> <span class='ocrx_word' id='word_1_40' title='bbox 771 1247 876 1319; x_wconf 90' lang='lat' dir='ltr'>iidem</span> <span class='ocrx_word' id='word_1_41' title='bbox 900 1267 978 1317; x_wconf 90' lang='lat' dir='ltr'>curn</span> <span class='ocrx_word' id='word_1_42' title='bbox 1003 1254 1158 1339; x_wconf 91' lang='lat' dir='ltr'>tempore</span> <span class='ocrx_word' id='word_1_43' title='bbox 1172 1246 1311 1318; x_wconf 89' lang='lat' dir='ltr'>varians</span> <span class='ocrx_word' id='word_1_44' title='bbox 1330 1255 1365 1320; x_wconf 90' lang='lat' dir='ltr'>et</span> <span class='ocrx_word' id='word_1_45' title='bbox 1386 1269 1499 1320; x_wconf 90' lang='lat' dir='ltr'>mores</span> <span class='ocrx_word' id='word_1_46' title='bbox 1524 1269 1603 1320; x_wconf 92' lang='lat' dir='ltr'>cum</span> <span class='ocrx_word' id='word_1_47' title='bbox 1625 1248 1793 1343; x_wconf 79' lang='lat' dir='ltr'>dignitate</span> <span class='ocrx_word' id='word_1_48' title='bbox 1814 1273 1910 1325; x_wconf 85' lang='lat' dir='ltr'>com·</span> 
     </span>
     <span class='ocr_line' id='line_1_7' title="bbox 500 1366 1909 1467; baseline 0.001 -20"><span class='ocrx_word' id='word_1_49' title='bbox 500 1384 657 1466; x_wconf 71' lang='lat' dir='ltr'>mamus,</span> <span class='ocrx_word' id='word_1_50' title='bbox 676 1395 717 1446; x_wconf 91' lang='lat' dir='ltr'>ac</span> <span class='ocrx_word' id='word_1_51' title='bbox 732 1371 865 1443; x_wconf 91' lang='lat' dir='ltr'>habens</span> <span class='ocrx_word' id='word_1_52' title='bbox 887 1366 1143 1464; x_wconf 91' lang='lat' dir='ltr'>quodammodo</span> <span class='ocrx_word' id='word_1_53' title='bbox 1166 1369 1211 1441; x_wconf 93' lang='lat' dir='ltr'>de</span> <span class='ocrx_word' id='word_1_54' title='bbox 1230 1369 1369 1464; x_wconf 91' lang='lat' dir='ltr'>publica</span> <span class='ocrx_word' id='word_1_55' title='bbox 1391 1371 1645 1466; x_wconf 77' lang='lat' dir='ltr'>perturbatione</span> <span class='ocrx_word' id='word_1_56' title='bbox 1666 1373 1853 1467; x_wconf 85' lang='lat' dir='ltr'>pruritum,</span> <span class='ocrx_word' id='word_1_57' title='bbox 1874 1377 1909 1448; x_wconf 94' lang='lat' dir='ltr'>iu</span> 
     </span>
     <span class='ocr_line' id='line_1_8' title="bbox 500 1491 1907 1590; baseline -0.001 -20"><span class='ocrx_word' id='word_1_58' title='bbox 500 1521 576 1590; x_wconf 91' lang='lat' dir='ltr'>uos,</span> <span class='ocrx_word' id='word_1_59' title='bbox 588 1519 762 1571; x_wconf 91' lang='lat' dir='ltr'>summum</span> <span class='ocrx_word' id='word_1_60' title='bbox 776 1503 811 1567; x_wconf 91' lang='lat' dir='ltr'>et</span> <span class='ocrx_word' id='word_1_61' title='bbox 824 1494 965 1565; x_wconf 92' lang='lat' dir='ltr'>unicum</span> <span class='ocrx_word' id='word_1_62' title='bbox 978 1493 1129 1564; x_wconf 85' lang='lat' dir='ltr'>Ecclesia</span> <span class='ocrx_word' id='word_1_63' title='bbox 1144 1491 1268 1584; x_wconf 90' lang='lat' dir='ltr'>filium,</span> <span class='ocrx_word' id='word_1_64' title='bbox 1285 1515 1348 1566; x_wconf 90' lang='lat' dir='ltr'>sne</span> <span class='ocrx_word' id='word_1_65' title='bbox 1363 1493 1582 1587; x_wconf 82' lang='lat' dir='ltr'>malignitatis</span> <span class='ocrx_word' id='word_1_66' title='bbox 1595 1497 1733 1568; x_wconf 91' lang='lat' dir='ltr'>aculeos</span> <span class='ocrx_word' id='word_1_67' title='bbox 1747 1498 1907 1587; x_wconf 90' lang='lat' dir='ltr'>acuisset,</span> 
     </span>
     <span class='ocr_line' id='line_1_9' title="bbox 501 1615 1909 1712; baseline -0.002 -17"><span class='ocrx_word' id='word_1_68' title='bbox 501 1623 586 1695; x_wconf 90' lang='lat' dir='ltr'>dum</span> <span class='ocrx_word' id='word_1_69' title='bbox 609 1620 789 1693; x_wconf 89' lang='lat' dir='ltr'>occasione</span> <span class='ocrx_word' id='word_1_70' title='bbox 815 1625 952 1712; x_wconf 90' lang='lat' dir='ltr'>sumpta</span> <span class='ocrx_word' id='word_1_71' title='bbox 978 1616 1074 1711; x_wconf 91' lang='lat' dir='ltr'>quod</span> <span class='ocrx_word' id='word_1_72' title='bbox 1103 1626 1242 1711; x_wconf 91' lang='lat' dir='ltr'>propter</span> <span class='ocrx_word' id='word_1_73' title='bbox 1267 1617 1449 1689; x_wconf 89' lang='lat' dir='ltr'>imminens</span> <span class='ocrx_word' id='word_1_74' title='bbox 1477 1615 1679 1690; x_wconf 89' lang='lat' dir='ltr'>scandalum</span> <span class='ocrx_word' id='word_1_75' title='bbox 1708 1620 1909 1692; x_wconf 91' lang='lat' dir='ltr'>evitandum</span> 
     </span>
     <span class='ocr_line' id='line_1_10' title="bbox 500 1739 1908 1837; baseline -0.002 -19"><span class='ocrx_word' id='word_1_76' title='bbox 500 1753 712 1818; x_wconf 90' lang='lat' dir='ltr'>sacramento</span> <span class='ocrx_word' id='word_1_77' title='bbox 724 1741 862 1837; x_wconf 92' lang='lat' dir='ltr'>prestito</span> <span class='ocrx_word' id='word_1_78' title='bbox 880 1750 915 1811; x_wconf 90' lang='lat' dir='ltr'>et</span> <span class='ocrx_word' id='word_1_79' title='bbox 931 1741 1023 1812; x_wconf 90' lang='lat' dir='ltr'>illata</span> <span class='ocrx_word' id='word_1_80' title='bbox 1038 1749 1155 1812; x_wconf 90' lang='lat' dir='ltr'>contra</span> <span class='ocrx_word' id='word_1_81' title='bbox 1172 1760 1235 1812; x_wconf 91' lang='lat' dir='ltr'>nos</span> <span class='ocrx_word' id='word_1_82' title='bbox 1252 1739 1620 1812; x_wconf 90' lang='lat' dir='ltr'>excommunicationis</span> <span class='ocrx_word' id='word_1_83' title='bbox 1640 1742 1825 1830; x_wconf 88' lang='lat' dir='ltr'>sententia,</span> <span class='ocrx_word' id='word_1_84' title='bbox 1847 1763 1908 1815; x_wconf 83' lang='lat' dir='ltr'>nos</span> 
     </span>
     <span class='ocr_line' id='line_1_11' title="bbox 500 1863 1911 1960; baseline -0.002 -18"><span class='ocrx_word' id='word_1_85' title='bbox 500 1868 546 1942; x_wconf 93' lang='lat' dir='ltr'>ad</span> <span class='ocrx_word' id='word_1_86' title='bbox 562 1867 647 1940; x_wconf 91' lang='lat' dir='ltr'>certi</span> <span class='ocrx_word' id='word_1_87' title='bbox 667 1865 831 1960; x_wconf 88' lang='lat' dir='ltr'>temporis</span> <span class='ocrx_word' id='word_1_88' title='bbox 855 1864 1005 1958; x_wconf 87' lang='lat' dir='ltr'>spatium</span> <span class='ocrx_word' id='word_1_89' title='bbox 1019 1863 1290 1955; x_wconf 82' lang='lat' dir='ltr'>obligaverimus</span> <span class='ocrx_word' id='word_1_90' title='bbox 1308 1864 1529 1952; x_wconf 89' lang='lat' dir='ltr'>transituros,</span> <span class='ocrx_word' id='word_1_91' title='bbox 1551 1864 1698 1936; x_wconf 88' lang='lat' dir='ltr'>adversa</span> <span class='ocrx_word' id='word_1_92' title='bbox 1711 1865 1911 1940; x_wconf 85' lang='lat' dir='ltr'>valetudiue</span> 
     </span>
     <span class='ocr_line' id='line_1_12' title="bbox 501 1987 1909 2086; baseline -0.001 -22"><span class='ocrx_word' id='word_1_93' title='bbox 501 1990 653 2086; x_wconf 91' lang='lat' dir='ltr'>corporis</span> <span class='ocrx_word' id='word_1_94' title='bbox 674 1987 888 2084; x_wconf 86' lang='lat' dir='ltr'>prepeditus,</span> <span class='ocrx_word' id='word_1_95' title='bbox 913 1987 1055 2078; x_wconf 86' lang='lat' dir='ltr'>adjectis</span> <span class='ocrx_word' id='word_1_96' title='bbox 1081 1987 1240 2080; x_wconf 90' lang='lat' dir='ltr'>capitulis</span> <span class='ocrx_word' id='word_1_97' title='bbox 1263 1987 1359 2072; x_wconf 84' lang='lat' dir='ltr'>aliis,</span> <span class='ocrx_word' id='word_1_98' title='bbox 1386 1987 1586 2080; x_wconf 89' lang='lat' dir='ltr'>dequibus</span> <span class='ocrx_word' id='word_1_99' title='bbox 1612 1997 1713 2060; x_wconf 89' lang='lat' dir='ltr'>antea</span> <span class='ocrx_word' id='word_1_100' title='bbox 1733 2010 1909 2084; x_wconf 89' lang='lat' dir='ltr'>nunquam</span> 
     </span>
     <span class='ocr_line' id='line_1_13' title="bbox 499 2109 1908 2203; baseline -0.001 -19"><span class='ocrx_word' id='word_1_101' title='bbox 499 2115 674 2186; x_wconf 85' lang='lat' dir='ltr'>fueramus</span> <span class='ocrx_word' id='word_1_102' title='bbox 701 2111 889 2199; x_wconf 85' lang='lat' dir='ltr'>admoniti,</span> <span class='ocrx_word' id='word_1_103' title='bbox 921 2109 1202 2182; x_wconf 84' lang='lat' dir='ltr'>excusationibus</span> <span class='ocrx_word' id='word_1_104' title='bbox 1228 2110 1354 2182; x_wconf 87' lang='lat' dir='ltr'>uostris</span> <span class='ocrx_word' id='word_1_105' title='bbox 1389 2119 1507 2182; x_wconf 91' lang='lat' dir='ltr'>contra</span> <span class='ocrx_word' id='word_1_106' title='bbox 1541 2112 1651 2182; x_wconf 86' lang='lat' dir='ltr'>Deum</span> <span class='ocrx_word' id='word_1_107' title='bbox 1678 2119 1713 2183; x_wconf 90' lang='lat' dir='ltr'>et</span> <span class='ocrx_word' id='word_1_108' title='bbox 1728 2143 1730 2148; x_wconf 96' lang='lat'>·</span> <span class='ocrx_word' id='word_1_109' title='bbox 1735 2111 1908 2203; x_wconf 88' lang='lat' dir='ltr'>justiciam</span> 
     </span>
     <span class='ocr_line' id='line_1_14' title="bbox 499 2231 1905 2328; baseline -0.004 -21"><span class='ocrx_word' id='word_1_110' title='bbox 499 2235 640 2307; x_wconf 92' lang='lat' dir='ltr'>omnino</span> <span class='ocrx_word' id='word_1_111' title='bbox 656 2235 804 2328; x_wconf 89' lang='lat' dir='ltr'>rejectis,</span> <span class='ocrx_word' id='word_1_112' title='bbox 818 2231 1183 2306; x_wconf 87' lang='lat' dir='ltr'>excommunicationis</span> <span class='ocrx_word' id='word_1_113' title='bbox 1197 2233 1365 2304; x_wconf 88' lang='lat' dir='ltr'>sententia</span> <span class='ocrx_word' id='word_1_114' title='bbox 1382 2253 1446 2304; x_wconf 90' lang='lat' dir='ltr'>nos</span> <span class='ocrx_word' id='word_1_115' title='bbox 1462 2231 1688 2305; x_wconf 84' lang='lat' dir='ltr'>denunciavit</span> <span class='ocrx_word' id='word_1_116' title='bbox 1703 2233 1905 2308; x_wconf 85' lang='lat' dir='ltr'>adstrictos:</span> 
     </span>
     <span class='ocr_line' id='line_1_15' title="bbox 499 2355 1908 2450; baseline 0 -20"><span class='ocrx_word' id='word_1_117' title='bbox 499 2359 557 2430; x_wconf 91' lang='lat' dir='ltr'>cui</span> <span class='ocrx_word' id='word_1_118' title='bbox 574 2358 670 2430; x_wconf 90' lang='lat' dir='ltr'>velut</span> <span class='ocrx_word' id='word_1_119' title='bbox 688 2357 724 2428; x_wconf 93' lang='lat' dir='ltr'>in</span> <span class='ocrx_word' id='word_1_120' title='bbox 744 2377 808 2427; x_wconf 91' lang='lat' dir='ltr'>nos</span> <span class='ocrx_word' id='word_1_121' title='bbox 825 2355 984 2450; x_wconf 92' lang='lat' dir='ltr'>primitus</span> <span class='ocrx_word' id='word_1_122' title='bbox 1001 2377 1081 2426; x_wconf 90' lang='lat' dir='ltr'>cum</span> <span class='ocrx_word' id='word_1_123' title='bbox 1104 2365 1221 2428; x_wconf 89' lang='lat' dir='ltr'>nostra</span> <span class='ocrx_word' id='word_1_124' title='bbox 1241 2356 1420 2428; x_wconf 88' lang='lat' dir='ltr'>voluntate</span> <span class='ocrx_word' id='word_1_125' title='bbox 1441 2357 1591 2450; x_wconf 91' lang='lat' dir='ltr'>prolate,</span> <span class='ocrx_word' id='word_1_126' title='bbox 1613 2379 1695 2428; x_wconf 91' lang='lat' dir='ltr'>cum</span> <span class='ocrx_word' id='word_1_127' title='bbox 1719 2355 1908 2430; x_wconf 87' lang='lat' dir='ltr'>humilitate</span> 
     </span>
     <span class='ocr_line' id='line_1_16' title="bbox 499 2473 1909 2577; baseline 0.001 -23"><span class='ocrx_word' id='word_1_128' title='bbox 499 2473 697 2577; x_wconf 84' lang='lat' dir='ltr'>paruimus,</span> <span class='ocrx_word' id='word_1_129' title='bbox 724 2479 949 2552; x_wconf 85' lang='lat' dir='ltr'>absolutionis</span> <span class='ocrx_word' id='word_1_130' title='bbox 974 2478 1180 2550; x_wconf 79' lang='lat' dir='ltr'>beneficium</span> <span class='ocrx_word' id='word_1_131' title='bbox 1206 2479 1350 2572; x_wconf 91' lang='lat' dir='ltr'>pristina</span> <span class='ocrx_word' id='word_1_132' title='bbox 1374 2480 1475 2552; x_wconf 91' lang='lat' dir='ltr'>nobis</span> <span class='ocrx_word' id='word_1_133' title='bbox 1499 2480 1733 2552; x_wconf 87' lang='lat' dir='ltr'>incolumitate</span> <span class='ocrx_word' id='word_1_134' title='bbox 1760 2483 1909 2577; x_wconf 86' lang='lat' dir='ltr'>eorporis</span> 
     </span>
     <span class='ocr_line' id='line_1_17' title="bbox 499 2602 1908 2700; baseline 0.001 -24"><span class='ocrx_word' id='word_1_135' title='bbox 499 2605 652 2696; x_wconf 88' lang='lat' dir='ltr'>reddita,</span> <span class='ocrx_word' id='word_1_136' title='bbox 679 2603 914 2700; x_wconf 85' lang='lat' dir='ltr'>postulantes,</span> <span class='ocrx_word' id='word_1_137' title='bbox 942 2602 1027 2675; x_wconf 91' lang='lat' dir='ltr'>dum</span> <span class='ocrx_word' id='word_1_138' title='bbox 1052 2625 1117 2674; x_wconf 90' lang='lat' dir='ltr'>nos</span> <span class='ocrx_word' id='word_1_139' title='bbox 1133 2604 1180 2676; x_wconf 89' lang='lat' dir='ltr'>ad</span> <span class='ocrx_word' id='word_1_140' title='bbox 1205 2603 1386 2675; x_wconf 91' lang='lat' dir='ltr'>transitum</span> <span class='ocrx_word' id='word_1_141' title='bbox 1408 2625 1610 2698; x_wconf 90' lang='lat' dir='ltr'>pararemus</span> <span class='ocrx_word' id='word_1_142' title='bbox 1632 2605 1815 2695; x_wconf 89' lang='lat' dir='ltr'>instanter;</span> <span class='ocrx_word' id='word_1_143' title='bbox 1840 2626 1908 2700; x_wconf 88' lang='lat' dir='ltr'>quo</span> 
     </span>
     <span class='ocr_line' id='line_1_18' title="bbox 499 2727 1908 2824; baseline 0.001 -24"><span class='ocrx_word' id='word_1_144' title='bbox 499 2730 606 2824; x_wconf 92' lang='lat' dir='ltr'>petito</span> <span class='ocrx_word' id='word_1_145' title='bbox 619 2737 653 2800; x_wconf 91' lang='lat' dir='ltr'>et</span> <span class='ocrx_word' id='word_1_146' title='bbox 665 2727 829 2819; x_wconf 86' lang='lat' dir='ltr'>injuriose</span> <span class='ocrx_word' id='word_1_147' title='bbox 850 2736 995 2819; x_wconf 83' lang='lat' dir='ltr'>negato,</span> <span class='ocrx_word' id='word_1_148' title='bbox 1016 2728 1051 2797; x_wconf 92' lang='lat' dir='ltr'>iu</span> <span class='ocrx_word' id='word_1_149' title='bbox 1072 2728 1172 2799; x_wconf 88' lang='lat' dir='ltr'>Terre</span> <span class='ocrx_word' id='word_1_150' title='bbox 1189 2729 1313 2800; x_wconf 91' lang='lat' dir='ltr'>Sancte</span> <span class='ocrx_word' id='word_1_151' title='bbox 1332 2727 1528 2800; x_wconf 89' lang='lat' dir='ltr'>subsidium</span> <span class='ocrx_word' id='word_1_152' title='bbox 1548 2727 1614 2799; x_wconf 91' lang='lat' dir='ltr'>suh</span> <span class='ocrx_word' id='word_1_153' title='bbox 1628 2727 1685 2823; x_wconf 91' lang='lat' dir='ltr'>pia</span> <span class='ocrx_word' id='word_1_154' title='bbox 1699 2729 1772 2800; x_wconf 89' lang='lat' dir='ltr'>voti</span> <span class='ocrx_word' id='word_1_155' title='bbox 1786 2749 1908 2823; x_wconf 88' lang='lat' dir='ltr'>prose-</span> 
     </span>
     <span class='ocr_line' id='line_1_19' title="bbox 499 2849 1907 2944; baseline 0.001 -22"><span class='ocrx_word' id='word_1_156' title='bbox 499 2853 636 2923; x_wconf 88' lang='lat' dir='ltr'>cutione</span> <span class='ocrx_word' id='word_1_157' title='bbox 662 2850 882 2939; x_wconf 91' lang='lat' dir='ltr'>trausiimus,</span> <span class='ocrx_word' id='word_1_158' title='bbox 911 2849 1091 2922; x_wconf 89' lang='lat' dir='ltr'>estimante</span> <span class='ocrx_word' id='word_1_159' title='bbox 1118 2851 1285 2921; x_wconf 90' lang='lat' dir='ltr'>vicarium</span> <span class='ocrx_word' id='word_1_160' title='bbox 1312 2851 1394 2922; x_wconf 89' lang='lat' dir='ltr'>Jesu</span> <span class='ocrx_word' id='word_1_161' title='bbox 1417 2849 1541 2922; x_wconf 89' lang='lat' dir='ltr'>Christi</span> <span class='ocrx_word' id='word_1_162' title='bbox 1563 2849 1610 2924; x_wconf 92' lang='lat' dir='ltr'>ad</span> <span class='ocrx_word' id='word_1_163' title='bbox 1636 2851 1711 2942; x_wconf 91' lang='lat' dir='ltr'>ejus</span> <span class='ocrx_word' id='word_1_164' title='bbox 1732 2853 1907 2944; x_wconf 79' lang='lat' dir='ltr'>negotium</span> 
     </span>
    </p>
   </div>
   <div class='ocr_carea' id='block_1_3' title="bbox 393 2972 1908 3068">
    <p class='ocr_par' dir='ltr' id='par_1_3' title="bbox 393 2972 1908 3068">
     <span class='ocr_line' id='line_1_20' title="bbox 393 2972 1908 3068; baseline 0.001 -21"><span class='ocrx_word' id='word_1_165' title='bbox 393 3005 395 3012; x_wconf 53' lang='lat'><strong><em>⁴</em></strong></span> <span class='ocrx_word' id='word_1_166' title='bbox 499 2975 614 3068; x_wconf 90' lang='lat' dir='ltr'>potius</span> <span class='ocrx_word' id='word_1_167' title='bbox 633 2996 739 3068; x_wconf 88' lang='lat' dir='ltr'>quam</span> <span class='ocrx_word' id='word_1_168' title='bbox 761 2972 807 3045; x_wconf 92' lang='lat' dir='ltr'>ad</span> <span class='ocrx_word' id='word_1_169' title='bbox 828 2983 993 3068; x_wconf 88' lang='lat' dir='ltr'>concepte</span> <span class='ocrx_word' id='word_1_170' title='bbox 1011 2973 1252 3045; x_wconf 88' lang='lat' dir='ltr'>malevolentis</span> <span class='ocrx_word' id='word_1_171' title='bbox 1268 2981 1389 3045; x_wconf 91' lang='lat' dir='ltr'>contra</span> <span class='ocrx_word' id='word_1_172' title='bbox 1414 2993 1479 3045; x_wconf 92' lang='lat' dir='ltr'>uos</span> <span class='ocrx_word' id='word_1_173' title='bbox 1498 2973 1617 3046; x_wconf 91' lang='lat' dir='ltr'>odium</span> <span class='ocrx_word' id='word_1_174' title='bbox 1633 2973 1822 3068; x_wconf 81' lang='lat' dir='ltr'>adspirare.</span> <span class='ocrx_word' id='word_1_175' title='bbox 1841 2974 1908 3048; x_wconf 89' lang='lat' dir='ltr'>Sed</span> 
     </span>
    </p>
   </div>
   <div class='ocr_carea' id='block_1_4' title="bbox 496 3095 1909 4792">
    <p class='ocr_par' dir='ltr' id='par_1_4' title="bbox 496 3095 1909 4792">
     <span class='ocr_line' id='line_1_21' title="bbox 498 3095 1906 3191; baseline 0.001 -25"><span class='ocrx_word' id='word_1_176' title='bbox 498 3097 545 3188; x_wconf 93' lang='lat' dir='ltr'>is,</span> <span class='ocrx_word' id='word_1_177' title='bbox 568 3117 673 3190; x_wconf 90' lang='lat' dir='ltr'>quern</span> <span class='ocrx_word' id='word_1_178' title='bbox 697 3095 913 3191; x_wconf 90' lang='lat' dir='ltr'>speravimus</span> <span class='ocrx_word' id='word_1_179' title='bbox 939 3116 980 3166; x_wconf 90' lang='lat' dir='ltr'>ea</span> <span class='ocrx_word' id='word_1_180' title='bbox 1007 3095 1223 3168; x_wconf 92' lang='lat' dir='ltr'>solummodo</span> <span class='ocrx_word' id='word_1_181' title='bbox 1249 3116 1319 3189; x_wconf 89' lang='lat' dir='ltr'>qua</span> <span class='ocrx_word' id='word_1_182' title='bbox 1343 3117 1483 3168; x_wconf 93' lang='lat' dir='ltr'>sursum</span> <span class='ocrx_word' id='word_1_183' title='bbox 1506 3104 1586 3167; x_wconf 91' lang='lat' dir='ltr'>suut</span> <span class='ocrx_word' id='word_1_184' title='bbox 1609 3117 1748 3191; x_wconf 88' lang='lat' dir='ltr'>sapere,</span> <span class='ocrx_word' id='word_1_185' title='bbox 1770 3106 1805 3167; x_wconf 89' lang='lat' dir='ltr'>et</span> <span class='ocrx_word' id='word_1_186' title='bbox 1831 3097 1906 3168; x_wconf 90' lang='lat' dir='ltr'>visu</span> 
     </span>
     <span class='ocr_line' id='line_1_22' title="bbox 499 3196 1909 3314; baseline -0.001 -22"><span class='ocrx_word' id='word_1_187' title='bbox 499 3220 634 3292; x_wconf 89' lang='lat' dir='ltr'>celestia</span> <span class='ocrx_word' id='word_1_188' title='bbox 655 3219 944 3314; x_wconf 86' lang='lat' dir='ltr'>contemplantem</span> <span class='ocrx_word' id='word_1_189' title='bbox 966 3227 1081 3290; x_wconf 90' lang='lat' dir='ltr'>mente</span> <span class='ocrx_word' id='word_1_190' title='bbox 1101 3217 1313 3290; x_wconf 88' lang='lat' dir='ltr'>credidimus</span> <span class='ocrx_word' id='word_1_191' title='bbox 1337 3219 1372 3290; x_wconf 93' lang='lat' dir='ltr'>iu</span> <span class='ocrx_word' id='word_1_192' title='bbox 1393 3219 1578 3291; x_wconf 88' lang='lat' dir='ltr'>celestibus</span> <span class='ocrx_word' id='word_1_193' title='bbox 1598 3217 1771 3312; x_wconf 87' lang='lat' dir='ltr'>habitare,</span> <span class='ocrx_word' id='word_1_194' title='bbox 1795 3196 1909 3290; x_wconf 89' lang='lat' dir='ltr'>subito</span> 
     </span>
     <span class='ocr_line' id='line_1_23' title="bbox 498 3340 1908 3436; baseline 0.001 -23"><span class='ocrx_word' id='word_1_195' title='bbox 498 3343 660 3415; x_wconf 89' lang='lat' dir='ltr'>inventus</span> <span class='ocrx_word' id='word_1_196' title='bbox 681 3353 733 3415; x_wconf 91' lang='lat' dir='ltr'>est</span> <span class='ocrx_word' id='word_1_197' title='bbox 756 3343 887 3414; x_wconf 91' lang='lat' dir='ltr'>homo:</span> <span class='ocrx_word' id='word_1_198' title='bbox 910 3340 997 3435; x_wconf 92' lang='lat' dir='ltr'>quin</span> <span class='ocrx_word' id='word_1_199' title='bbox 1023 3342 1128 3413; x_wconf 92' lang='lat' dir='ltr'>immo</span> <span class='ocrx_word' id='word_1_200' title='bbox 1153 3363 1215 3435; x_wconf 90' lang='lat' dir='ltr'>per</span> <span class='ocrx_word' id='word_1_201' title='bbox 1239 3341 1499 3414; x_wconf 85' lang='lat' dir='ltr'>inhumanitatis</span> <span class='ocrx_word' id='word_1_202' title='bbox 1516 3363 1640 3436; x_wconf 93' lang='lat' dir='ltr'>opera,</span> <span class='ocrx_word' id='word_1_203' title='bbox 1663 3363 1733 3414; x_wconf 92' lang='lat' dir='ltr'>non</span> <span class='ocrx_word' id='word_1_204' title='bbox 1756 3343 1908 3414; x_wconf 90' lang='lat' dir='ltr'>soluma</span> 
     </span>
     <span class='ocr_line' id='line_1_24' title="bbox 498 3463 1907 3560; baseline -0.001 -24"><span class='ocrx_word' id='word_1_205' title='bbox 498 3466 642 3538; x_wconf 88' lang='lat' dir='ltr'>veritate</span> <span class='ocrx_word' id='word_1_206' title='bbox 665 3466 853 3560; x_wconf 90' lang='lat' dir='ltr'>sepositus,</span> <span class='ocrx_word' id='word_1_207' title='bbox 879 3465 943 3537; x_wconf 89' lang='lat' dir='ltr'>sed</span> <span class='ocrx_word' id='word_1_208' title='bbox 960 3487 981 3535; x_wconf 91' lang='lat' dir='ltr'>a</span> <span class='ocrx_word' id='word_1_209' title='bbox 999 3465 1153 3558; x_wconf 87' lang='lat' dir='ltr'>qualibet</span> <span class='ocrx_word' id='word_1_210' title='bbox 1175 3465 1388 3538; x_wconf 87' lang='lat' dir='ltr'>humanitate</span> <span class='ocrx_word' id='word_1_211' title='bbox 1406 3463 1581 3553; x_wconf 87' lang='lat' dir='ltr'>desertus;</span> <span class='ocrx_word' id='word_1_212' title='bbox 1602 3463 1686 3536; x_wconf 90' lang='lat' dir='ltr'>dum</span> <span class='ocrx_word' id='word_1_213' title='bbox 1714 3473 1827 3559; x_wconf 86' lang='lat' dir='ltr'>preter</span> <span class='ocrx_word' id='word_1_214' title='bbox 1842 3464 1907 3536; x_wconf 90' lang='lat' dir='ltr'>im·</span> 
     </span>
     <span class='ocr_line' id='line_1_25' title="bbox 498 3587 1907 3684; baseline -0.001 -22"><span class='ocrx_word' id='word_1_215' title='bbox 498 3589 697 3684; x_wconf 91' lang='lat' dir='ltr'>pedimeuta</span> <span class='ocrx_word' id='word_1_216' title='bbox 716 3610 786 3682; x_wconf 89' lang='lat' dir='ltr'>que</span> <span class='ocrx_word' id='word_1_217' title='bbox 807 3588 908 3661; x_wconf 92' lang='lat' dir='ltr'>uobis</span> <span class='ocrx_word' id='word_1_218' title='bbox 935 3588 971 3658; x_wconf 92' lang='lat' dir='ltr'>iu</span> <span class='ocrx_word' id='word_1_219' title='bbox 997 3589 1096 3683; x_wconf 79' lang='lat' dir='ltr'>Syria</span> <span class='ocrx_word' id='word_1_220' title='bbox 1121 3595 1363 3683; x_wconf 89' lang='lat' dir='ltr'>preparaverat</span> <span class='ocrx_word' id='word_1_221' title='bbox 1385 3608 1447 3682; x_wconf 90' lang='lat' dir='ltr'>per</span> <span class='ocrx_word' id='word_1_222' title='bbox 1469 3587 1615 3660; x_wconf 89' lang='lat' dir='ltr'>nuncios</span> <span class='ocrx_word' id='word_1_223' title='bbox 1629 3596 1665 3659; x_wconf 90' lang='lat' dir='ltr'>et</span> <span class='ocrx_word' id='word_1_224' title='bbox 1680 3587 1829 3682; x_wconf 81' lang='lat' dir='ltr'>legalOS,</span> <span class='ocrx_word' id='word_1_225' title='bbox 1847 3589 1907 3682; x_wconf 92' lang='lat' dir='ltr'>qui</span> 
     </span>
     <span class='ocr_line' id='line_1_26' title="bbox 497 3711 1908 3806; baseline -0.001 -22"><span class='ocrx_word' id='word_1_226' title='bbox 497 3711 704 3785; x_wconf 88' lang='lat' dir='ltr'>soldanuum</span> <span class='ocrx_word' id='word_1_227' title='bbox 723 3711 828 3783; x_wconf 90' lang='lat' dir='ltr'>literis</span> <span class='ocrx_word' id='word_1_228' title='bbox 841 3711 931 3802; x_wconf 91' lang='lat' dir='ltr'>suis,</span> <span class='ocrx_word' id='word_1_229' title='bbox 947 3732 1036 3804; x_wconf 89' lang='lat' dir='ltr'>ques</span> <span class='ocrx_word' id='word_1_230' title='bbox 1050 3731 1113 3783; x_wconf 91' lang='lat' dir='ltr'>nos</span> <span class='ocrx_word' id='word_1_231' title='bbox 1131 3711 1240 3806; x_wconf 89' lang='lat' dir='ltr'>captis</span> <span class='ocrx_word' id='word_1_232' title='bbox 1253 3733 1373 3784; x_wconf 91' lang='lat' dir='ltr'>eornm</span> <span class='ocrx_word' id='word_1_233' title='bbox 1386 3711 1553 3783; x_wconf 89' lang='lat' dir='ltr'>latoribus</span> <span class='ocrx_word' id='word_1_234' title='bbox 1569 3711 1603 3781; x_wconf 94' lang='lat' dir='ltr'>in</span> <span class='ocrx_word' id='word_1_235' title='bbox 1619 3711 1797 3806; x_wconf 89' lang='lat' dir='ltr'>publicum</span> <span class='ocrx_word' id='word_1_236' title='bbox 1808 3711 1908 3784; x_wconf 90' lang='lat' dir='ltr'>testi-</span> 
     </span>
     <span class='ocr_line' id='line_1_27' title="bbox 497 3830 1907 3926; baseline -0.001 -20"><span class='ocrx_word' id='word_1_237' title='bbox 497 3835 651 3906; x_wconf 90' lang='lat' dir='ltr'>monium</span> <span class='ocrx_word' id='word_1_238' title='bbox 667 3855 896 3926; x_wconf 89' lang='lat' dir='ltr'>reservamus,</span> <span class='ocrx_word' id='word_1_239' title='bbox 914 3853 960 3905; x_wconf 91' lang='lat' dir='ltr'>ue</span> <span class='ocrx_word' id='word_1_240' title='bbox 973 3833 1208 3905; x_wconf 77' lang='lat' dir='ltr'>nohisterram</span> <span class='ocrx_word' id='word_1_241' title='bbox 1225 3833 1346 3906; x_wconf 91' lang='lat' dir='ltr'>divino</span> <span class='ocrx_word' id='word_1_242' title='bbox 1363 3833 1473 3906; x_wconf 90' lang='lat' dir='ltr'>cultui</span> <span class='ocrx_word' id='word_1_243' title='bbox 1489 3833 1641 3906; x_wconf 90' lang='lat' dir='ltr'>deditam</span> <span class='ocrx_word' id='word_1_244' title='bbox 1655 3830 1816 3906; x_wconf 89' lang='lat' dir='ltr'>redderet</span> <span class='ocrx_word' id='word_1_245' title='bbox 1828 3854 1907 3904; x_wconf 92' lang='lat' dir='ltr'>cum</span> 
     </span>
     <span class='ocr_line' id='line_1_28' title="bbox 497 3954 1908 4052; baseline -0.001 -24"><span class='ocrx_word' id='word_1_246' title='bbox 497 3959 593 4051; x_wconf 79' lang='lat' dir='ltr'>regui</span> <span class='ocrx_word' id='word_1_247' title='bbox 612 3957 913 4052; x_wconf 78' lang='lat' dir='ltr'>Hierosolymitaui</span> <span class='ocrx_word' id='word_1_248' title='bbox 931 3957 1088 4049; x_wconf 91' lang='lat' dir='ltr'>juribus,</span> <span class='ocrx_word' id='word_1_249' title='bbox 1107 3957 1326 4047; x_wconf 90' lang='lat' dir='ltr'>munierunt,</span> <span class='ocrx_word' id='word_1_250' title='bbox 1346 3977 1494 4050; x_wconf 79' lang='lat' dir='ltr'>reguum</span> <span class='ocrx_word' id='word_1_251' title='bbox 1515 3964 1670 4028; x_wconf 89' lang='lat' dir='ltr'>nostrum</span> <span class='ocrx_word' id='word_1_252' title='bbox 1692 3954 1807 4026; x_wconf 89' lang='lat' dir='ltr'>Sicilie</span> <span class='ocrx_word' id='word_1_253' title='bbox 1829 3954 1908 4026; x_wconf 88' lang='lat' dir='ltr'>vio·</span> 
     </span>
     <span class='ocr_line' id='line_1_29' title="bbox 497 4077 1906 4176; baseline -0.004 -23"><span class='ocrx_word' id='word_1_254' title='bbox 497 4083 605 4155; x_wconf 88' lang='lat' dir='ltr'>lenter</span> <span class='ocrx_word' id='word_1_255' title='bbox 630 4082 788 4171; x_wconf 92' lang='lat' dir='ltr'>intravit,</span> <span class='ocrx_word' id='word_1_256' title='bbox 805 4091 944 4175; x_wconf 89' lang='lat' dir='ltr'>sumpta</span> <span class='ocrx_word' id='word_1_257' title='bbox 966 4081 1147 4153; x_wconf 87' lang='lat' dir='ltr'>occasione</span> <span class='ocrx_word' id='word_1_258' title='bbox 1162 4079 1258 4174; x_wconf 91' lang='lat' dir='ltr'>quod</span> <span class='ocrx_word' id='word_1_259' title='bbox 1276 4081 1474 4176; x_wconf 81' lang='lat' dir='ltr'>linynaldus</span> <span class='ocrx_word' id='word_1_260' title='bbox 1496 4078 1588 4150; x_wconf 90' lang='lat' dir='ltr'>lilius</span> <span class='ocrx_word' id='word_1_261' title='bbox 1607 4079 1689 4150; x_wconf 93' lang='lat' dir='ltr'>olim</span> <span class='ocrx_word' id='word_1_262' title='bbox 1707 4077 1807 4150; x_wconf 89' lang='lat' dir='ltr'>ducis</span> <span class='ocrx_word' id='word_1_263' title='bbox 1820 4077 1906 4172; x_wconf 91' lang='lat' dir='ltr'>Spo-</span> 
     </span>
     <span class='ocr_line' id='line_1_30' title="bbox 498 4199 1908 4300; baseline -0.004 -24"><span class='ocrx_word' id='word_1_264' title='bbox 498 4206 577 4294; x_wconf 92' lang='lat' dir='ltr'>leti,</span> <span class='ocrx_word' id='word_1_265' title='bbox 598 4215 709 4299; x_wconf 90' lang='lat' dir='ltr'>preter</span> <span class='ocrx_word' id='word_1_266' title='bbox 731 4203 909 4276; x_wconf 90' lang='lat' dir='ltr'>scientiam</span> <span class='ocrx_word' id='word_1_267' title='bbox 929 4213 964 4275; x_wconf 87' lang='lat' dir='ltr'>et</span> <span class='ocrx_word' id='word_1_268' title='bbox 980 4205 1195 4276; x_wconf 88' lang='lat' dir='ltr'>voluntatem</span> <span class='ocrx_word' id='word_1_269' title='bbox 1216 4213 1386 4295; x_wconf 92' lang='lat' dir='ltr'>nostram,</span> <span class='ocrx_word' id='word_1_270' title='bbox 1410 4212 1513 4300; x_wconf 91' lang='lat' dir='ltr'>prout</span> <span class='ocrx_word' id='word_1_271' title='bbox 1535 4223 1597 4275; x_wconf 92' lang='lat' dir='ltr'>uos</span> <span class='ocrx_word' id='word_1_272' title='bbox 1614 4199 1830 4296; x_wconf 89' lang='lat' dir='ltr'>postmodum</span> <span class='ocrx_word' id='word_1_273' title='bbox 1847 4221 1908 4294; x_wconf 90' lang='lat' dir='ltr'>per</span> 
     </span>
     <span class='ocr_line' id='line_1_31' title="bbox 497 4325 1906 4424; baseline -0.004 -24"><span class='ocrx_word' id='word_1_274' title='bbox 497 4329 605 4424; x_wconf 92' lang='lat' dir='ltr'>ipsius</span> <span class='ocrx_word' id='word_1_275' title='bbox 635 4349 760 4423; x_wconf 90' lang='lat' dir='ltr'>penam</span> <span class='ocrx_word' id='word_1_276' title='bbox 787 4327 1040 4421; x_wconf 83' lang='lat' dir='ltr'>expressimus,</span> <span class='ocrx_word' id='word_1_277' title='bbox 1078 4337 1201 4398; x_wconf 88' lang='lat' dir='ltr'>terram</span> <span class='ocrx_word' id='word_1_278' title='bbox 1233 4327 1387 4400; x_wconf 82' lang='lat' dir='ltr'>Ecclesia</span> <span class='ocrx_word' id='word_1_279' title='bbox 1417 4325 1562 4422; x_wconf 85' lang='lat' dir='ltr'>parabat</span> <span class='ocrx_word' id='word_1_280' title='bbox 1590 4325 1736 4413; x_wconf 88' lang='lat' dir='ltr'>intrare,</span> <span class='ocrx_word' id='word_1_281' title='bbox 1770 4333 1805 4394; x_wconf 89' lang='lat' dir='ltr'>et</span> <span class='ocrx_word' id='word_1_282' title='bbox 1838 4343 1906 4395; x_wconf 92' lang='lat' dir='ltr'>uon</span> 
     </span>
     <span class='ocr_line' id='line_1_32' title="bbox 498 4444 1908 4546; baseline -0.004 -22"><span class='ocrx_word' id='word_1_283' title='bbox 498 4460 600 4546; x_wconf 89' lang='lat' dir='ltr'>prout</span> <span class='ocrx_word' id='word_1_284' title='bbox 614 4452 720 4522; x_wconf 89' lang='lat' dir='ltr'>sancti</span> <span class='ocrx_word' id='word_1_285' title='bbox 743 4471 850 4542; x_wconf 78' lang='lat' dir='ltr'>regua</span> <span class='ocrx_word' id='word_1_286' title='bbox 867 4471 929 4543; x_wconf 92' lang='lat' dir='ltr'>per</span> <span class='ocrx_word' id='word_1_287' title='bbox 956 4447 1060 4521; x_wconf 86' lang='lat' dir='ltr'>iidem</span> <span class='ocrx_word' id='word_1_288' title='bbox 1085 4449 1260 4542; x_wconf 90' lang='lat' dir='ltr'>vicerunt,</span> <span class='ocrx_word' id='word_1_289' title='bbox 1279 4449 1342 4524; x_wconf 90' lang='lat' dir='ltr'>sed</span> <span class='ocrx_word' id='word_1_290' title='bbox 1367 4447 1547 4545; x_wconf 86' lang='lat' dir='ltr'>perfidiam</span> <span class='ocrx_word' id='word_1_291' title='bbox 1573 4455 1607 4520; x_wconf 89' lang='lat' dir='ltr'>et</span> <span class='ocrx_word' id='word_1_292' title='bbox 1623 4445 1774 4543; x_wconf 73' lang='lat' dir='ltr'>periuria</span> <span class='ocrx_word' id='word_1_293' title='bbox 1791 4444 1908 4540; x_wconf 88' lang='lat' dir='ltr'>predi·</span> 
     </span>
     <span class='ocr_line' id='line_1_33' title="bbox 497 4568 1907 4667; baseline -0.004 -21"><span class='ocrx_word' id='word_1_294' title='bbox 497 4596 580 4646; x_wconf 90' lang='lat' dir='ltr'>cans</span> <span class='ocrx_word' id='word_1_295' title='bbox 603 4573 792 4662; x_wconf 89' lang='lat' dir='ltr'>universis,</span> <span class='ocrx_word' id='word_1_296' title='bbox 817 4582 856 4643; x_wconf 91' lang='lat' dir='ltr'>ut</span> <span class='ocrx_word' id='word_1_297' title='bbox 877 4571 907 4642; x_wconf 93' lang='lat' dir='ltr'>si</span> <span class='ocrx_word' id='word_1_298' title='bbox 933 4571 1048 4664; x_wconf 92' lang='lat' dir='ltr'>quiin</span> <span class='ocrx_word' id='word_1_299' title='bbox 1076 4571 1266 4666; x_wconf 87' lang='lat' dir='ltr'>perjurium</span> <span class='ocrx_word' id='word_1_300' title='bbox 1287 4572 1522 4667; x_wconf 82' lang='lat' dir='ltr'>predicatione</span> <span class='ocrx_word' id='word_1_301' title='bbox 1541 4568 1759 4643; x_wconf 90' lang='lat' dir='ltr'>solummodo</span> <span class='ocrx_word' id='word_1_302' title='bbox 1776 4589 1907 4664; x_wconf 92' lang='lat' dir='ltr'>provo·</span> 
     </span>
     <span class='ocr_line' id='line_1_34' title="bbox 496 4689 1908 4792; baseline -0.005 -24"><span class='ocrx_word' id='word_1_303' title='bbox 496 4697 567 4770; x_wconf 90' lang='lat' dir='ltr'>cari</span> <span class='ocrx_word' id='word_1_304' title='bbox 591 4719 659 4770; x_wconf 92' lang='lat' dir='ltr'>oon</span> <span class='ocrx_word' id='word_1_305' title='bbox 690 4703 863 4792; x_wconf 92' lang='lat' dir='ltr'>poterant,</span> <span class='ocrx_word' id='word_1_306' title='bbox 894 4703 1161 4788; x_wconf 86' lang='lat' dir='ltr'>provocarentur</span> <span class='ocrx_word' id='word_1_307' title='bbox 1191 4695 1371 4791; x_wconf 90' lang='lat' dir='ltr'>exemplo,</span> <span class='ocrx_word' id='word_1_308' title='bbox 1398 4695 1484 4768; x_wconf 90' lang='lat' dir='ltr'>dum</span> <span class='ocrx_word' id='word_1_309' title='bbox 1514 4695 1581 4789; x_wconf 89' lang='lat' dir='ltr'>ipsi</span> <span class='ocrx_word' id='word_1_310' title='bbox 1609 4689 1750 4788; x_wconf 85' lang='lat' dir='ltr'>prefecti</span> <span class='ocrx_word' id='word_1_311' title='bbox 1775 4689 1908 4785; x_wconf 88' lang='lat' dir='ltr'>papalis</span> 
     </span>
    </p>
   </div>
   <div class='ocr_carea' id='block_1_5' title="bbox 0 0 2116 5894">
    <p class='ocr_par' dir='ltr' id='par_1_5' title="bbox 0 0 2116 5894">
     <span class='ocr_line' id='line_1_35' title="bbox 0 0 2116 5894; baseline 0 0"><span class='ocrx_word' id='word_1_312' title='bbox 0 0 2116 5894; x_wconf 95' lang='lat' dir='ltr'> </span> 
     </span>
    </p>
   </div>
  </div>
 </body>
</html>
