<?xml version="1.0" encoding="UTF-8"?>
<!DOCTYPE html PUBLIC "-//W3C//DTD XHTML 1.0 Transitional//EN"
    "http://www.w3.org/TR/xhtml1/DTD/xhtml1-transitional.dtd">
<html xmlns="http://www.w3.org/1999/xhtml" xml:lang="en" lang="en">
 <head>
  <title>
</title>
<meta http-equiv="Content-Type" content="text/html;charset=utf-8" />
  <meta name='ocr-system' content='tesseract 3.04.00' />
  <meta name='ocr-capabilities' content='ocr_page ocr_carea ocr_par ocr_line ocrx_word'/>
</head>
<body>
  <div class='ocr_page' id='page_1' title='image "./historiadiploma02fredgoog_0534.png"; bbox 0 0 4246 5906; ppageno 0'>
   <div class='ocr_carea' id='block_1_1' title="bbox 210 634 1619 719">
    <p class='ocr_par' dir='ltr' id='par_1_1' title="bbox 210 634 1619 719">
     <span class='ocr_line' id='line_1_1' title="bbox 210 634 1619 719; baseline -0.001 -20"><span class='ocrx_word' id='word_1_1' title='bbox 210 640 307 700; x_wconf 82' lang='lat' dir='ltr'><strong>lrnrcr.</strong></span> <span class='ocrx_word' id='word_1_2' title='bbox 326 634 386 719; x_wconf 76' lang='lat' dir='ltr'><strong>la]</strong></span> <span class='ocrx_word' id='word_1_3' title='bbox 657 635 853 696; x_wconf 78' lang='lat' dir='ltr'><strong>HISTORIA</strong></span> <span class='ocrx_word' id='word_1_4' title='bbox 879 637 1172 701; x_wconf 80' lang='lat' dir='ltr'><strong>lllPLOhlllTlGll.</strong></span> <span class='ocrx_word' id='word_1_5' title='bbox 1562 637 1619 698; x_wconf 74' lang='lat' dir='ltr'><strong>eal</strong></span> 
     </span>
    </p>
   </div>
   <div class='ocr_carea' id='block_1_2' title="bbox 199 769 1627 2969">
    <p class='ocr_par' dir='ltr' id='par_1_2' title="bbox 199 769 1627 2969">
     <span class='ocr_line' id='line_1_2' title="bbox 211 769 1622 848; baseline -0.001 -2"><span class='ocrx_word' id='word_1_6' title='bbox 211 787 308 847; x_wconf 90' lang='lat' dir='ltr'><strong>tuum</strong></span> <span class='ocrx_word' id='word_1_7' title='bbox 333 771 464 846; x_wconf 76' lang='lat' dir='ltr'><strong>miserit</strong></span> <span class='ocrx_word' id='word_1_8' title='bbox 485 779 521 844; x_wconf 91' lang='lat' dir='ltr'><strong>et</strong></span> <span class='ocrx_word' id='word_1_9' title='bbox 543 769 762 844; x_wconf 88' lang='lat' dir='ltr'><strong>devotionem</strong></span> <span class='ocrx_word' id='word_1_10' title='bbox 786 796 884 847; x_wconf 87' lang='lat' dir='ltr'><strong>suum</strong></span> <span class='ocrx_word' id='word_1_11' title='bbox 912 774 1043 848; x_wconf 82' lang='lat' dir='ltr'><strong>exinde</strong></span> <span class='ocrx_word' id='word_1_12' title='bbox 1067 774 1360 848; x_wconf 86' lang='lat' dir='ltr'><strong>commendamus.</strong></span> <span class='ocrx_word' id='word_1_13' title='bbox 1383 775 1540 846; x_wconf 86' lang='lat' dir='ltr'><strong>Pretereu</strong></span> <span class='ocrx_word' id='word_1_14' title='bbox 1563 783 1622 845; x_wconf 90' lang='lat' dir='ltr'><strong>tue</strong></span> 
     </span>
     <span class='ocr_line' id='line_1_3' title="bbox 212 894 1623 992; baseline 0 -21"><span class='ocrx_word' id='word_1_15' title='bbox 212 897 406 971; x_wconf 90' lang='lat' dir='ltr'><strong>devotionis</strong></span> <span class='ocrx_word' id='word_1_16' title='bbox 426 894 585 968; x_wconf 85' lang='lat' dir='ltr'><strong>ardorem</strong></span> <span class='ocrx_word' id='word_1_17' title='bbox 602 917 707 989; x_wconf 91' lang='lat' dir='ltr'><strong>quem</strong></span> <span class='ocrx_word' id='word_1_18' title='bbox 731 917 814 991; x_wconf 80' lang='lat' dir='ltr'><strong>erga</strong></span> <span class='ocrx_word' id='word_1_19' title='bbox 834 898 1074 972; x_wconf 80' lang='lat' dir='ltr'><strong>celsitudinem</strong></span> <span class='ocrx_word' id='word_1_20' title='bbox 1100 909 1251 972; x_wconf 89' lang='lat' dir='ltr'><strong>nostram</strong></span> <span class='ocrx_word' id='word_1_21' title='bbox 1274 899 1365 992; x_wconf 83' lang='lat' dir='ltr'><strong>geris</strong></span> <span class='ocrx_word' id='word_1_22' title='bbox 1384 898 1485 992; x_wconf 93' lang='lat' dir='ltr'><strong>pleno</strong></span> <span class='ocrx_word' id='word_1_23' title='bbox 1505 899 1623 971; x_wconf 87' lang='lat' dir='ltr'><strong>lavore</strong></span> 
     </span>
     <span class='ocr_line' id='line_1_4' title="bbox 211 1020 1620 1118; baseline -0.001 -24"><span class='ocrx_word' id='word_1_24' title='bbox 211 1020 465 1118; x_wconf 82' lang='lat' dir='ltr'><strong>prosequimur.</strong></span> <span class='ocrx_word' id='word_1_25' title='bbox 480 1021 590 1114; x_wconf 80' lang='lat' dir='ltr'><strong>Super</strong></span> <span class='ocrx_word' id='word_1_26' title='bbox 602 1040 645 1092; x_wconf 90' lang='lat' dir='ltr'><strong>eo</strong></span> <span class='ocrx_word' id='word_1_27' title='bbox 659 1041 744 1093; x_wconf 90' lang='lat' dir='ltr'><strong>vero</strong></span> <span class='ocrx_word' id='word_1_28' title='bbox 758 1021 852 1115; x_wconf 90' lang='lat' dir='ltr'><strong>quod</strong></span> <span class='ocrx_word' id='word_1_29' title='bbox 866 1022 1014 1094; x_wconf 87' lang='lat' dir='ltr'><strong>alilictus</strong></span> <span class='ocrx_word' id='word_1_30' title='bbox 1030 1021 1226 1095; x_wconf 83' lang='lat' dir='ltr'><strong>infirmitate</strong></span> <span class='ocrx_word' id='word_1_31' title='bbox 1241 1023 1417 1108; x_wconf 87' lang='lat' dir='ltr'><strong>continua,</strong></span> <span class='ocrx_word' id='word_1_32' title='bbox 1433 1033 1472 1092; x_wconf 89' lang='lat' dir='ltr'><strong>ut</strong></span> <span class='ocrx_word' id='word_1_33' title='bbox 1484 1023 1620 1104; x_wconf 85' lang='lat' dir='ltr'><strong>misisti,</strong></span> 
     </span>
     <span class='ocr_line' id='line_1_5' title="bbox 213 1142 1622 1238; baseline 0 -22"><span class='ocrx_word' id='word_1_34' title='bbox 213 1145 301 1218; x_wconf 90' lang='lat' dir='ltr'><strong>mori</strong></span> <span class='ocrx_word' id='word_1_35' title='bbox 316 1143 478 1232; x_wconf 88' lang='lat' dir='ltr'><strong>credens,</strong></span> <span class='ocrx_word' id='word_1_36' title='bbox 499 1142 596 1236; x_wconf 90' lang='lat' dir='ltr'><strong>quod</strong></span> <span class='ocrx_word' id='word_1_37' title='bbox 618 1143 806 1238; x_wconf 92' lang='lat' dir='ltr'><strong>plurimum</strong></span> <span class='ocrx_word' id='word_1_38' title='bbox 821 1165 884 1216; x_wconf 92' lang='lat' dir='ltr'><strong>nos</strong></span> <span class='ocrx_word' id='word_1_39' title='bbox 907 1155 1083 1238; x_wconf 80' lang='lat' dir='ltr'><strong>gravaret,</strong></span> <span class='ocrx_word' id='word_1_40' title='bbox 1107 1147 1283 1218; x_wconf 91' lang='lat' dir='ltr'><strong>nominato</strong></span> <span class='ocrx_word' id='word_1_41' title='bbox 1299 1147 1444 1218; x_wconf 82' lang='lat' dir='ltr'><strong>ilenrico</strong></span> <span class='ocrx_word' id='word_1_42' title='bbox 1460 1144 1505 1217; x_wconf 93' lang='lat' dir='ltr'><strong>de</strong></span> <span class='ocrx_word' id='word_1_43' title='bbox 1523 1145 1622 1216; x_wconf 85' lang='lat' dir='ltr'><strong>Celtis</strong></span> 
     </span>
     <span class='ocr_line' id='line_1_6' title="bbox 212 1267 1623 1358; baseline -0.002 -18"><span class='ocrx_word' id='word_1_44' title='bbox 212 1268 306 1341; x_wconf 87' lang='lat' dir='ltr'><strong>fideli</strong></span> <span class='ocrx_word' id='word_1_45' title='bbox 323 1277 439 1340; x_wconf 88' lang='lat' dir='ltr'><strong>nostro</strong></span> <span class='ocrx_word' id='word_1_46' title='bbox 452 1276 564 1339; x_wconf 86' lang='lat' dir='ltr'><strong>castra</strong></span> <span class='ocrx_word' id='word_1_47' title='bbox 580 1275 638 1338; x_wconf 86' lang='lat' dir='ltr'><strong>tua</strong></span> <span class='ocrx_word' id='word_1_48' title='bbox 652 1267 819 1358; x_wconf 77' lang='lat' dir='ltr'><strong>assignari</strong></span> <span class='ocrx_word' id='word_1_49' title='bbox 836 1269 944 1340; x_wconf 79' lang='lat' dir='ltr'><strong>fecisti</strong></span> <span class='ocrx_word' id='word_1_50' title='bbox 957 1280 1073 1341; x_wconf 88' lang='lat' dir='ltr'><strong>nostro</strong></span> <span class='ocrx_word' id='word_1_51' title='bbox 1087 1269 1226 1341; x_wconf 90' lang='lat' dir='ltr'><strong>nomine</strong></span> <span class='ocrx_word' id='word_1_52' title='bbox 1244 1268 1494 1357; x_wconf 86' lang='lat' dir='ltr'><strong>conservanda,</strong></span> <span class='ocrx_word' id='word_1_53' title='bbox 1511 1269 1623 1339; x_wconf 88' lang='lat' dir='ltr'><strong>zelum</strong></span> 
     </span>
     <span class='ocr_line' id='line_1_7' title="bbox 213 1391 1624 1484; baseline -0.004 -18"><span class='ocrx_word' id='word_1_54' title='bbox 213 1391 406 1466; x_wconf 80' lang='lat' dir='ltr'><strong>dilectionis</strong></span> <span class='ocrx_word' id='word_1_55' title='bbox 429 1399 487 1462; x_wconf 87' lang='lat' dir='ltr'><strong>tue</strong></span> <span class='ocrx_word' id='word_1_56' title='bbox 504 1411 610 1484; x_wconf 91' lang='lat' dir='ltr'><strong>quem</strong></span> <span class='ocrx_word' id='word_1_57' title='bbox 628 1410 711 1482; x_wconf 81' lang='lat' dir='ltr'><strong>erga</strong></span> <span class='ocrx_word' id='word_1_58' title='bbox 726 1411 791 1462; x_wconf 91' lang='lat' dir='ltr'><strong>nos</strong></span> <span class='ocrx_word' id='word_1_59' title='bbox 809 1391 937 1464; x_wconf 89' lang='lat' dir='ltr'><strong>habere</strong></span> <span class='ocrx_word' id='word_1_60' title='bbox 956 1400 990 1463; x_wconf 90' lang='lat' dir='ltr'><strong>te</strong></span> <span class='ocrx_word' id='word_1_61' title='bbox 1012 1392 1173 1464; x_wconf 91' lang='lat' dir='ltr'><strong>novimus</strong></span> <span class='ocrx_word' id='word_1_62' title='bbox 1195 1392 1430 1464; x_wconf 83' lang='lat' dir='ltr'><strong>favorabiliter</strong></span> <span class='ocrx_word' id='word_1_63' title='bbox 1449 1411 1624 1464; x_wconf 92' lang='lat' dir='ltr'><strong>commen·</strong></span> 
     </span>
     <span class='ocr_line' id='line_1_8' title="bbox 212 1511 1623 1610; baseline -0.003 -21"><span class='ocrx_word' id='word_1_64' title='bbox 212 1516 350 1590; x_wconf 86' lang='lat' dir='ltr'><strong>damus.</strong></span> <span class='ocrx_word' id='word_1_65' title='bbox 371 1511 566 1586; x_wconf 74' lang='lat' dir='ltr'><strong>laudantes</strong></span> <span class='ocrx_word' id='word_1_66' title='bbox 584 1511 827 1586; x_wconf 85' lang='lat' dir='ltr'><strong>nichilominus</strong></span> <span class='ocrx_word' id='word_1_67' title='bbox 844 1513 998 1586; x_wconf 92' lang='lat' dir='ltr'><strong>studium</strong></span> <span class='ocrx_word' id='word_1_68' title='bbox 1018 1522 1054 1586; x_wconf 90' lang='lat' dir='ltr'><strong>et</strong></span> <span class='ocrx_word' id='word_1_69' title='bbox 1066 1513 1329 1587; x_wconf 87' lang='lat' dir='ltr'><strong>sollicitudinem</strong></span> <span class='ocrx_word' id='word_1_70' title='bbox 1347 1525 1443 1588; x_wconf 87' lang='lat' dir='ltr'><strong>tuam</strong></span> <span class='ocrx_word' id='word_1_71' title='bbox 1460 1536 1566 1610; x_wconf 89' lang='lat' dir='ltr'><strong>quam</strong></span> <span class='ocrx_word' id='word_1_72' title='bbox 1587 1515 1623 1585; x_wconf 89' lang='lat' dir='ltr'><strong>in</strong></span> 
     </span>
     <span class='ocr_line' id='line_1_9' title="bbox 199 1637 1624 1735; baseline 0 -23"><span class='ocrx_word' id='word_1_73' title='bbox 199 1640 279 1735; x_wconf 84' lang='lat' dir='ltr'><strong>hys</strong></span> <span class='ocrx_word' id='word_1_74' title='bbox 289 1637 516 1734; x_wconf 79' lang='lat' dir='ltr'><strong>procurandis</strong></span> <span class='ocrx_word' id='word_1_75' title='bbox 531 1658 600 1730; x_wconf 86' lang='lat' dir='ltr'><strong>que</strong></span> <span class='ocrx_word' id='word_1_76' title='bbox 613 1637 833 1710; x_wconf 91' lang='lat' dir='ltr'><strong>commodum</strong></span> <span class='ocrx_word' id='word_1_77' title='bbox 850 1645 885 1710; x_wconf 93' lang='lat' dir='ltr'><strong>et</strong></span> <span class='ocrx_word' id='word_1_78' title='bbox 900 1637 1064 1711; x_wconf 87' lang='lat' dir='ltr'><strong>honorem</strong></span> <span class='ocrx_word' id='word_1_79' title='bbox 1079 1647 1235 1711; x_wconf 87' lang='lat' dir='ltr'><strong>nostrum</strong></span> <span class='ocrx_word' id='word_1_80' title='bbox 1252 1639 1457 1734; x_wconf 86' lang='lat' dir='ltr'><strong>respiciunt,</strong></span> <span class='ocrx_word' id='word_1_81' title='bbox 1479 1639 1624 1712; x_wconf 87' lang='lat' dir='ltr'><strong>adhibes</strong></span> 
     </span>
     <span class='ocr_line' id='line_1_10' title="bbox 213 1761 1625 1858; baseline 0.001 -23"><span class='ocrx_word' id='word_1_82' title='bbox 213 1765 436 1838; x_wconf 87' lang='lat' dir='ltr'><strong>incessanter.</strong></span> <span class='ocrx_word' id='word_1_83' title='bbox 464 1763 515 1832; x_wconf 90' lang='lat' dir='ltr'><strong>De</strong></span> <span class='ocrx_word' id='word_1_84' title='bbox 538 1762 627 1832; x_wconf 89' lang='lat' dir='ltr'><strong>lacto</strong></span> <span class='ocrx_word' id='word_1_85' title='bbox 654 1761 795 1855; x_wconf 92' lang='lat' dir='ltr'><strong>insuper</strong></span> <span class='ocrx_word' id='word_1_86' title='bbox 823 1763 995 1848; x_wconf 79' lang='lat' dir='ltr'><strong>tortellitie</strong></span> <span class='ocrx_word' id='word_1_87' title='bbox 1017 1763 1115 1835; x_wconf 91' lang='lat' dir='ltr'><strong>Petre</strong></span> <span class='ocrx_word' id='word_1_88' title='bbox 1140 1763 1358 1858; x_wconf 83' lang='lat' dir='ltr'><strong>Imperatoris</strong></span> <span class='ocrx_word' id='word_1_89' title='bbox 1382 1763 1432 1836; x_wconf 89' lang='lat' dir='ltr'><strong>sio</strong></span> <span class='ocrx_word' id='word_1_90' title='bbox 1457 1763 1625 1837; x_wconf 86' lang='lat' dir='ltr'><strong>duximus</strong></span> 
     </span>
     <span class='ocr_line' id='line_1_11' title="bbox 213 1885 1624 1983; baseline 0 -25"><span class='ocrx_word' id='word_1_91' title='bbox 213 1886 495 1983; x_wconf 90' lang='lat' dir='ltr'><strong>respondendum</strong></span> <span class='ocrx_word' id='word_1_92' title='bbox 513 1886 595 1979; x_wconf 92' lang='lat' dir='ltr'><strong>quia</strong></span> <span class='ocrx_word' id='word_1_93' title='bbox 618 1886 729 1981; x_wconf 87' lang='lat' dir='ltr'><strong>placet</strong></span> <span class='ocrx_word' id='word_1_94' title='bbox 746 1885 847 1957; x_wconf 91' lang='lat' dir='ltr'><strong>nobis</strong></span> <span class='ocrx_word' id='word_1_95' title='bbox 862 1885 957 1979; x_wconf 92' lang='lat' dir='ltr'><strong>quod</strong></span> <span class='ocrx_word' id='word_1_96' title='bbox 974 1885 1137 1958; x_wconf 90' lang='lat' dir='ltr'><strong>domiuus</strong></span> <span class='ocrx_word' id='word_1_97' title='bbox 1154 1887 1245 1959; x_wconf 90' lang='lat' dir='ltr'><strong>illius</strong></span> <span class='ocrx_word' id='word_1_98' title='bbox 1260 1885 1431 1960; x_wconf 88' lang='lat' dir='ltr'><strong>custodiat</strong></span> <span class='ocrx_word' id='word_1_99' title='bbox 1450 1888 1559 1982; x_wconf 91' lang='lat' dir='ltr'><strong>ipsam</strong></span> <span class='ocrx_word' id='word_1_100' title='bbox 1578 1885 1624 1959; x_wconf 86' lang='lat' dir='ltr'><strong>ed</strong></span> 
     </span>
     <span class='ocr_line' id='line_1_12' title="bbox 212 2009 1625 2104; baseline -0.001 -20"><span class='ocrx_word' id='word_1_101' title='bbox 212 2013 377 2085; x_wconf 89' lang='lat' dir='ltr'><strong>honorem</strong></span> <span class='ocrx_word' id='word_1_102' title='bbox 404 2010 510 2083; x_wconf 93' lang='lat' dir='ltr'><strong>nostri</strong></span> <span class='ocrx_word' id='word_1_103' title='bbox 529 2010 689 2081; x_wconf 91' lang='lat' dir='ltr'><strong>culminis</strong></span> <span class='ocrx_word' id='word_1_104' title='bbox 714 2018 753 2080; x_wconf 91' lang='lat' dir='ltr'><strong>ut</strong></span> <span class='ocrx_word' id='word_1_105' title='bbox 777 2009 961 2104; x_wconf 85' lang='lat' dir='ltr'><strong>promistit.</strong></span> <span class='ocrx_word' id='word_1_106' title='bbox 987 2010 1055 2081; x_wconf 91' lang='lat' dir='ltr'><strong>Nos</strong></span> <span class='ocrx_word' id='word_1_107' title='bbox 1080 2010 1172 2082; x_wconf 89' lang='lat' dir='ltr'><strong>enim</strong></span> <span class='ocrx_word' id='word_1_108' title='bbox 1201 2031 1281 2082; x_wconf 92' lang='lat' dir='ltr'><strong>cum</strong></span> <span class='ocrx_word' id='word_1_109' title='bbox 1305 2009 1350 2082; x_wconf 91' lang='lat' dir='ltr'><strong>de</strong></span> <span class='ocrx_word' id='word_1_110' title='bbox 1372 2030 1534 2104; x_wconf 89' lang='lat' dir='ltr'><strong>processu</strong></span> <span class='ocrx_word' id='word_1_111' title='bbox 1561 2030 1625 2082; x_wconf 91' lang='lat' dir='ltr'><strong>suc</strong></span> 
     </span>
     <span class='ocr_line' id='line_1_13' title="bbox 216 2131 1626 2228; baseline -0.001 -22"><span class='ocrx_word' id='word_1_112' title='bbox 216 2135 297 2206; x_wconf 86' lang='lat' dir='ltr'><strong>certi</strong></span> <span class='ocrx_word' id='word_1_113' title='bbox 316 2134 459 2221; x_wconf 89' lang='lat' dir='ltr'><strong>erimus,</strong></span> <span class='ocrx_word' id='word_1_114' title='bbox 481 2133 647 2205; x_wconf 79' lang='lat' dir='ltr'><strong>‚sciemus</strong></span> <span class='ocrx_word' id='word_1_115' title='bbox 660 2131 727 2203; x_wconf 92' lang='lat' dir='ltr'><strong>sibi</strong></span> <span class='ocrx_word' id='word_1_116' title='bbox 744 2133 780 2202; x_wconf 91' lang='lat' dir='ltr'><strong>in</strong></span> <span class='ocrx_word' id='word_1_117' title='bbox 794 2132 958 2227; x_wconf 85' lang='lat' dir='ltr'><strong>expensis</strong></span> <span class='ocrx_word' id='word_1_118' title='bbox 973 2133 1138 2226; x_wconf 77' lang='lat' dir='ltr'><strong>congruis</strong></span> <span class='ocrx_word' id='word_1_119' title='bbox 1152 2133 1341 2228; x_wconf 89' lang='lat' dir='ltr'><strong>provideri.</strong></span> <span class='ocrx_word' id='word_1_120' title='bbox 1357 2133 1470 2205; x_wconf 83' lang='lat' dir='ltr'><strong>Placet</strong></span> <span class='ocrx_word' id='word_1_121' title='bbox 1484 2133 1626 2227; x_wconf 92' lang='lat' dir='ltr'><strong>insuper</strong></span> 
     </span>
     <span class='ocr_line' id='line_1_14' title="bbox 215 2254 1626 2352; baseline 0 -23"><span class='ocrx_word' id='word_1_122' title='bbox 215 2257 313 2330; x_wconf 91' lang='lat' dir='ltr'><strong>uobis</strong></span> <span class='ocrx_word' id='word_1_123' title='bbox 328 2257 424 2352; x_wconf 92' lang='lat' dir='ltr'><strong>quod</strong></span> <span class='ocrx_word' id='word_1_124' title='bbox 441 2279 521 2328; x_wconf 91' lang='lat' dir='ltr'><strong>cum</strong></span> <span class='ocrx_word' id='word_1_125' title='bbox 534 2255 685 2328; x_wconf 90' lang='lat' dir='ltr'><strong>dominis</strong></span> <span class='ocrx_word' id='word_1_126' title='bbox 702 2255 855 2328; x_wconf 87' lang='lat' dir='ltr'><strong>Civitelle</strong></span> <span class='ocrx_word' id='word_1_127' title='bbox 870 2254 915 2328; x_wconf 90' lang='lat' dir='ltr'><strong>de</strong></span> <span class='ocrx_word' id='word_1_128' title='bbox 928 2255 1084 2328; x_wconf 81' lang='lat' dir='ltr'><strong>Meneclis</strong></span> <span class='ocrx_word' id='word_1_129' title='bbox 1099 2264 1279 2328; x_wconf 87' lang='lat' dir='ltr'><strong>tractatum</strong></span> <span class='ocrx_word' id='word_1_130' title='bbox 1297 2255 1427 2328; x_wconf 88' lang='lat' dir='ltr'><strong>babeas</strong></span> <span class='ocrx_word' id='word_1_131' title='bbox 1439 2265 1475 2328; x_wconf 94' lang='lat' dir='ltr'><strong>et</strong></span> <span class='ocrx_word' id='word_1_132' title='bbox 1486 2255 1626 2329; x_wconf 90' lang='lat' dir='ltr'><strong>ordines</strong></span> 
     </span>
     <span class='ocr_line' id='line_1_15' title="bbox 214 2379 1627 2476; baseline -0.001 -24"><span class='ocrx_word' id='word_1_133' title='bbox 214 2381 243 2452; x_wconf 89' lang='lat' dir='ltr'><strong>si</strong></span> <span class='ocrx_word' id='word_1_134' title='bbox 263 2382 389 2476; x_wconf 91' lang='lat' dir='ltr'><strong>poteris</strong></span> <span class='ocrx_word' id='word_1_135' title='bbox 408 2402 487 2452; x_wconf 92' lang='lat' dir='ltr'><strong>cum</strong></span> <span class='ocrx_word' id='word_1_136' title='bbox 508 2379 660 2470; x_wconf 89' lang='lat' dir='ltr'><strong>eisdem,</strong></span> <span class='ocrx_word' id='word_1_137' title='bbox 681 2388 720 2451; x_wconf 86' lang='lat' dir='ltr'><strong>ut</strong></span> <span class='ocrx_word' id='word_1_138' title='bbox 738 2380 828 2450; x_wconf 89' lang='lat' dir='ltr'><strong>sicut</strong></span> <span class='ocrx_word' id='word_1_139' title='bbox 846 2379 993 2452; x_wconf 84' lang='lat' dir='ltr'><strong>offerunt</strong></span> <span class='ocrx_word' id='word_1_140' title='bbox 1013 2379 1136 2451; x_wconf 87' lang='lat' dir='ltr'><strong>nostris</strong></span> <span class='ocrx_word' id='word_1_141' title='bbox 1158 2379 1311 2451; x_wconf 88' lang='lat' dir='ltr'><strong>servitiis</strong></span> <span class='ocrx_word' id='word_1_142' title='bbox 1326 2399 1364 2452; x_wconf 89' lang='lat' dir='ltr'><strong>se</strong></span> <span class='ocrx_word' id='word_1_143' title='bbox 1383 2390 1577 2475; x_wconf 83' lang='lat' dir='ltr'><strong>exponant,</strong></span> <span class='ocrx_word' id='word_1_144' title='bbox 1592 2391 1627 2452; x_wconf 91' lang='lat' dir='ltr'><strong>et</strong></span> 
     </span>
     <span class='ocr_line' id='line_1_16' title="bbox 213 2501 1625 2600; baseline -0.001 -24"><span class='ocrx_word' id='word_1_145' title='bbox 213 2503 275 2577; x_wconf 89' lang='lat' dir='ltr'><strong>des</strong></span> <span class='ocrx_word' id='word_1_146' title='bbox 296 2503 347 2574; x_wconf 88' lang='lat' dir='ltr'><strong>eis</strong></span> <span class='ocrx_word' id='word_1_147' title='bbox 373 2503 462 2575; x_wconf 87' lang='lat' dir='ltr'><strong>bona</strong></span> <span class='ocrx_word' id='word_1_148' title='bbox 491 2502 611 2575; x_wconf 86' lang='lat' dir='ltr'><strong>verba.</strong></span> <span class='ocrx_word' id='word_1_149' title='bbox 635 2502 704 2574; x_wconf 89' lang='lat' dir='ltr'><strong>Nos</strong></span> <span class='ocrx_word' id='word_1_150' title='bbox 732 2501 826 2573; x_wconf 91' lang='lat' dir='ltr'><strong>enim</strong></span> <span class='ocrx_word' id='word_1_151' title='bbox 853 2511 891 2573; x_wconf 89' lang='lat' dir='ltr'><strong>ut</strong></span> <span class='ocrx_word' id='word_1_152' title='bbox 917 2503 1099 2575; x_wconf 90' lang='lat' dir='ltr'><strong>veniemus</strong></span> <span class='ocrx_word' id='word_1_153' title='bbox 1123 2501 1168 2575; x_wconf 94' lang='lat' dir='ltr'><strong>ad</strong></span> <span class='ocrx_word' id='word_1_154' title='bbox 1196 2511 1309 2597; x_wconf 88' lang='lat' dir='ltr'><strong>partes</strong></span> <span class='ocrx_word' id='word_1_155' title='bbox 1332 2503 1425 2598; x_wconf 87' lang='lat' dir='ltr'><strong>ipsas</strong></span> <span class='ocrx_word' id='word_1_156' title='bbox 1450 2513 1484 2576; x_wconf 91' lang='lat' dir='ltr'><strong>et</strong></span> <span class='ocrx_word' id='word_1_157' title='bbox 1508 2505 1554 2577; x_wconf 87' lang='lat' dir='ltr'><strong>do</strong></span> <span class='ocrx_word' id='word_1_158' title='bbox 1575 2502 1625 2600; x_wconf 84' lang='lat' dir='ltr'><strong>(a)</strong></span> 
     </span>
     <span class='ocr_line' id='line_1_17' title="bbox 212 2624 1625 2722; baseline -0.002 -20"><span class='ocrx_word' id='word_1_159' title='bbox 212 2626 341 2702; x_wconf 83' lang='lat' dir='ltr'><strong>exinde</strong></span> <span class='ocrx_word' id='word_1_160' title='bbox 358 2626 596 2698; x_wconf 87' lang='lat' dir='ltr'><strong>ordinabimus</strong></span> <span class='ocrx_word' id='word_1_161' title='bbox 615 2624 711 2719; x_wconf 92' lang='lat' dir='ltr'><strong>quod</strong></span> <span class='ocrx_word' id='word_1_162' title='bbox 727 2625 848 2698; x_wconf 92' lang='lat' dir='ltr'><strong>honori</strong></span> <span class='ocrx_word' id='word_1_163' title='bbox 867 2636 983 2698; x_wconf 88' lang='lat' dir='ltr'><strong>nostro</strong></span> <span class='ocrx_word' id='word_1_164' title='bbox 1005 2625 1173 2721; x_wconf 86' lang='lat' dir='ltr'><strong>expedire</strong></span> <span class='ocrx_word' id='word_1_165' title='bbox 1193 2627 1391 2699; x_wconf 89' lang='lat' dir='ltr'><strong>videbimus</strong></span> <span class='ocrx_word' id='word_1_166' title='bbox 1411 2637 1446 2700; x_wconf 89' lang='lat' dir='ltr'><strong>et</strong></span> <span class='ocrx_word' id='word_1_167' title='bbox 1469 2627 1625 2722; x_wconf 90' lang='lat' dir='ltr'><strong>ipsorum</strong></span> 
     </span>
     <span class='ocr_line' id='line_1_18' title="bbox 212 2746 992 2844; baseline -0.004 -21"><span class='ocrx_word' id='word_1_168' title='bbox 212 2751 316 2823; x_wconf 87' lang='lat' dir='ltr'><strong>etiam</strong></span> <span class='ocrx_word' id='word_1_169' title='bbox 333 2749 552 2823; x_wconf 92' lang='lat' dir='ltr'><strong>commodum</strong></span> <span class='ocrx_word' id='word_1_170' title='bbox 569 2751 726 2844; x_wconf 86' lang='lat' dir='ltr'><strong>respiciet</strong></span> <span class='ocrx_word' id='word_1_171' title='bbox 740 2759 775 2822; x_wconf 91' lang='lat' dir='ltr'><strong>et</strong></span> <span class='ocrx_word' id='word_1_172' title='bbox 788 2746 992 2844; x_wconf 83' lang='lat' dir='ltr'><strong>proiectum.</strong></span> 
     </span>
     <span class='ocr_line' id='line_1_19' title="bbox 258 2871 1361 2969; baseline 0.001 -25"><span class='ocrx_word' id='word_1_173' title='bbox 258 2875 383 2945; x_wconf 86' lang='lat' dir='ltr'><strong>Datum</strong></span> <span class='ocrx_word' id='word_1_174' title='bbox 400 2873 496 2969; x_wconf 91' lang='lat' dir='ltr'><strong>apud</strong></span> <span class='ocrx_word' id='word_1_175' title='bbox 515 2873 681 2963; x_wconf 81' lang='lat' dir='ltr'><strong>Laudem,</strong></span> <span class='ocrx_word' id='word_1_176' title='bbox 701 2874 806 2945; x_wconf 90' lang='lat' dir='ltr'><strong>XVlll</strong></span> <span class='ocrx_word' id='word_1_177' title='bbox 822 2873 1033 2964; x_wconf 90' lang='lat' dir='ltr'><strong>novembris,</strong></span> <span class='ocrx_word' id='word_1_178' title='bbox 1055 2873 1132 2944; x_wconf 90' lang='lat' dir='ltr'><strong>Xlll</strong></span> <span class='ocrx_word' id='word_1_179' title='bbox 1152 2871 1361 2946; x_wconf 90' lang='lat' dir='ltr'><strong>indictionis.</strong></span> 
     </span>
    </p>
   </div>
   <div class='ocr_carea' id='block_1_3' title="bbox 466 3196 802 3210">
    <p class='ocr_par' dir='ltr' id='par_1_3' title="bbox 466 3196 802 3210">
     <span class='ocr_line' id='line_1_20' title="bbox 466 3196 802 3210; baseline -0.003 -4"><span class='ocrx_word' id='word_1_180' title='bbox 466 3196 802 3210; x_wconf 67' lang='lat'><strong>‚---..-..-.-----·</strong></span> 
     </span>
    </p>
   </div>
   <div class='ocr_carea' id='block_1_4' title="bbox 209 3489 1756 3970">
    <p class='ocr_par' dir='ltr' id='par_1_4' title="bbox 209 3489 1756 3970">
     <span class='ocr_line' id='line_1_21' title="bbox 263 3489 1756 3616; baseline -0.002 -40"><span class='ocrx_word' id='word_1_181' title='bbox 263 3491 441 3576; x_wconf 78' lang='lat' dir='ltr'><strong>Mandata</strong></span> <span class='ocrx_word' id='word_1_182' title='bbox 458 3490 565 3573; x_wconf 85' lang='lat' dir='ltr'><strong>veria</strong></span> <span class='ocrx_word' id='word_1_183' title='bbox 582 3492 630 3572; x_wconf 91' lang='lat' dir='ltr'><strong>de</strong></span> <span class='ocrx_word' id='word_1_184' title='bbox 648 3490 779 3573; x_wconf 92' lang='lat' dir='ltr'><strong>solidis</strong></span> <span class='ocrx_word' id='word_1_185' title='bbox 798 3489 1046 3574; x_wconf 89' lang='lat' dir='ltr'><strong>servientibus</strong></span> <span class='ocrx_word' id='word_1_186' title='bbox 1064 3499 1276 3573; x_wconf 85' lang='lat' dir='ltr'><strong>castrorum</strong></span> <span class='ocrx_word' id='word_1_187' title='bbox 1294 3491 1419 3575; x_wconf 87' lang='lat' dir='ltr'><strong>Giloui</strong></span> <span class='ocrx_word' id='word_1_188' title='bbox 1438 3503 1476 3574; x_wconf 87' lang='lat' dir='ltr'><strong>et</strong></span> <span class='ocrx_word' id='word_1_189' title='bbox 1494 3491 1625 3574; x_wconf 89' lang='lat' dir='ltr'><strong>Turris</strong></span> <span class='ocrx_word' id='word_1_190' title='bbox 1718 3533 1756 3616; x_wconf 41' lang='grc' dir='ltr'><strong>αι</strong></span> 
     </span>
     <span class='ocr_line' id='line_1_22' title="bbox 211 3621 1625 3732; baseline -0.001 -24"><span class='ocrx_word' id='word_1_191' title='bbox 211 3623 363 3732; x_wconf 85' lang='lat' dir='ltr'><strong>Majoris</strong></span> <span class='ocrx_word' id='word_1_192' title='bbox 381 3622 618 3706; x_wconf 86' lang='lat' dir='ltr'><strong>exsolvendis</strong></span> <span class='ocrx_word' id='word_1_193' title='bbox 636 3634 673 3704; x_wconf 87' lang='lat' dir='ltr'><strong>et</strong></span> <span class='ocrx_word' id='word_1_194' title='bbox 691 3623 739 3704; x_wconf 87' lang='lat' dir='ltr'><strong>de</strong></span> <span class='ocrx_word' id='word_1_195' title='bbox 757 3621 978 3704; x_wconf 83' lang='lat' dir='ltr'><strong>necessariis</strong></span> <span class='ocrx_word' id='word_1_196' title='bbox 996 3623 1169 3730; x_wconf 87' lang='lat' dir='ltr'><strong>expensis</strong></span> <span class='ocrx_word' id='word_1_197' title='bbox 1187 3648 1257 3731; x_wconf 91' lang='lat' dir='ltr'><strong>pro</strong></span> <span class='ocrx_word' id='word_1_198' title='bbox 1275 3624 1447 3731; x_wconf 89' lang='lat' dir='ltr'><strong>personis</strong></span> <span class='ocrx_word' id='word_1_199' title='bbox 1464 3625 1513 3706; x_wconf 86' lang='lat' dir='ltr'><strong>ad</strong></span> <span class='ocrx_word' id='word_1_200' title='bbox 1531 3651 1625 3706; x_wconf 89' lang='lat' dir='ltr'><strong>ous-</strong></span> 
     </span>
     <span class='ocr_line' id='line_1_23' title="bbox 209 3755 1623 3864; baseline 0.001 -26"><span class='ocrx_word' id='word_1_201' title='bbox 209 3757 353 3839; x_wconf 86' lang='lat' dir='ltr'><strong>todism</strong></span> <span class='ocrx_word' id='word_1_202' title='bbox 372 3756 473 3838; x_wconf 90' lang='lat' dir='ltr'><strong>filiae</strong></span> <span class='ocrx_word' id='word_1_203' title='bbox 491 3755 654 3838; x_wconf 81' lang='lat' dir='ltr'><strong>Alberici</strong></span> <span class='ocrx_word' id='word_1_204' title='bbox 672 3755 720 3837; x_wconf 91' lang='lat' dir='ltr'><strong>de</strong></span> <span class='ocrx_word' id='word_1_205' title='bbox 738 3755 911 3838; x_wconf 84' lang='lat' dir='ltr'><strong>Romano</strong></span> <span class='ocrx_word' id='word_1_206' title='bbox 929 3756 1140 3864; x_wconf 81' lang='lat' dir='ltr'><strong>deputatis,</strong></span> <span class='ocrx_word' id='word_1_207' title='bbox 1160 3782 1308 3840; x_wconf 90' lang='lat' dir='ltr'><strong>necnon</strong></span> <span class='ocrx_word' id='word_1_208' title='bbox 1326 3781 1396 3864; x_wconf 91' lang='lat' dir='ltr'><strong>pro</strong></span> <span class='ocrx_word' id='word_1_209' title='bbox 1414 3757 1623 3841; x_wconf 89' lang='lat' dir='ltr'><strong>domicellis</strong></span> 
     </span>
     <span class='ocr_line' id='line_1_24' title="bbox 211 3885 865 3970; baseline 0.003 -4"><span class='ocrx_word' id='word_1_210' title='bbox 211 3886 251 3967; x_wconf 91' lang='lat' dir='ltr'><strong>in</strong></span> <span class='ocrx_word' id='word_1_211' title='bbox 269 3897 394 3970; x_wconf 85' lang='lat' dir='ltr'><strong>castro</strong></span> <span class='ocrx_word' id='word_1_212' title='bbox 412 3885 574 3968; x_wconf 85' lang='lat' dir='ltr'><strong>Avellini</strong></span> <span class='ocrx_word' id='word_1_213' title='bbox 591 3885 865 3970; x_wconf 86' lang='lat' dir='ltr'><strong>babitantibus.</strong></span> 
     </span>
    </p>
   </div>
   <div class='ocr_carea' id='block_1_5' title="bbox 294 4065 1370 4192">
    <p class='ocr_par' dir='ltr' id='par_1_5' title="bbox 294 4065 1370 4192">
     <span class='ocr_line' id='line_1_25' title="bbox 294 4065 1370 4192; baseline 0 -20"><span class='ocrx_word' id='word_1_214' title='bbox 294 4110 422 4192; x_wconf 59' lang='lat' dir='ltr'><strong>(near.</strong></span> <span class='ocrx_word' id='word_1_215' title='bbox 436 4110 540 4189; x_wconf 67' lang='lat' dir='ltr'><strong>rupe.</strong></span> <span class='ocrx_word' id='word_1_216' title='bbox 555 4107 642 4170; x_wconf 67' lang='lat' dir='ltr'><strong>mer.</strong></span> <span class='ocrx_word' id='word_1_217' title='bbox 657 4065 698 4186; x_wconf 90' lang='lat' dir='ltr'><strong>1r,</strong></span> <span class='ocrx_word' id='word_1_218' title='bbox 713 4109 765 4171; x_wconf 79' lang='lat' dir='ltr'><strong>ror.</strong></span> <span class='ocrx_word' id='word_1_219' title='bbox 783 4119 819 4170; x_wconf 77' lang='lat' dir='ltr'><strong>rr</strong></span> <span class='ocrx_word' id='word_1_220' title='bbox 836 4125 936 4186; x_wconf 64' lang='lat' dir='ltr'><strong>verre</strong></span> <span class='ocrx_word' id='word_1_221' title='bbox 952 4112 984 4170; x_wconf 78' lang='lat' dir='ltr'><strong>ur</strong></span> <span class='ocrx_word' id='word_1_222' title='bbox 998 4109 1069 4170; x_wconf 74' lang='lat' dir='ltr'><strong>eurr.</strong></span> <span class='ocrx_word' id='word_1_223' title='bbox 1086 4109 1224 4188; x_wconf 71' lang='lat' dir='ltr'><strong>sarem,</strong></span> <span class='ocrx_word' id='word_1_224' title='bbox 1238 4128 1268 4188; x_wconf 76' lang='lat' dir='ltr'><strong>p.</strong></span> <span class='ocrx_word' id='word_1_225' title='bbox 1286 4113 1370 4185; x_wconf 71' lang='lat' dir='ltr'><strong>rur.)</strong></span> 
     </span>
    </p>
   </div>
   <div class='ocr_carea' id='block_1_6' title="bbox 213 4306 1624 4649">
    <p class='ocr_par' dir='ltr' id='par_1_6' title="bbox 213 4306 1624 4649">
     <span class='ocr_line' id='line_1_26' title="bbox 260 4306 1183 4402; baseline -0.001 -25"><span class='ocrx_word' id='word_1_226' title='bbox 260 4310 307 4379; x_wconf 85' lang='lat' dir='ltr'><strong>De</strong></span> <span class='ocrx_word' id='word_1_227' title='bbox 323 4307 491 4402; x_wconf 76' lang='lat' dir='ltr'><strong>imperiali</strong></span> <span class='ocrx_word' id='word_1_228' title='bbox 503 4307 660 4380; x_wconf 75' lang='lat' dir='ltr'><strong>modulo</strong></span> <span class='ocrx_word' id='word_1_229' title='bbox 673 4307 804 4399; x_wconf 79' lang='lat' dir='ltr'><strong>scripsit</strong></span> <span class='ocrx_word' id='word_1_230' title='bbox 818 4307 958 4378; x_wconf 78' lang='lat' dir='ltr'><strong>lacobus</strong></span> <span class='ocrx_word' id='word_1_231' title='bbox 976 4306 1017 4377; x_wconf 85' lang='lat' dir='ltr'><strong>dc</strong></span> <span class='ocrx_word' id='word_1_232' title='bbox 1034 4308 1183 4377; x_wconf 78' lang='lat' dir='ltr'><strong>Bactra:</strong></span> 
     </span>
     <span class='ocr_line' id='line_1_27' title="bbox 260 4426 1622 4524; baseline 0.001 -22"><span class='ocrx_word' id='word_1_233' title='bbox 260 4431 475 4523; x_wconf 86' lang='lat' dir='ltr'><strong>Fredericus,</strong></span> <span class='ocrx_word' id='word_1_234' title='bbox 490 4441 573 4518; x_wconf 80' lang='lat' dir='ltr'><strong>eto,</strong></span> <span class='ocrx_word' id='word_1_235' title='bbox 589 4431 630 4503; x_wconf 89' lang='lat' dir='ltr'><strong>G.</strong></span> <span class='ocrx_word' id='word_1_236' title='bbox 651 4430 696 4503; x_wconf 92' lang='lat' dir='ltr'><strong>de</strong></span> <span class='ocrx_word' id='word_1_237' title='bbox 709 4433 833 4503; x_wconf 73' lang='lat' dir='ltr'><strong>Saudo</strong></span> <span class='ocrx_word' id='word_1_238' title='bbox 851 4429 1033 4502; x_wconf 87' lang='lat' dir='ltr'><strong>Laurentio</strong></span> <span class='ocrx_word' id='word_1_239' title='bbox 1053 4426 1098 4502; x_wconf 89' lang='lat' dir='ltr'><strong>de</strong></span> <span class='ocrx_word' id='word_1_240' title='bbox 1111 4431 1235 4502; x_wconf 87' lang='lat' dir='ltr'><strong>Suessa</strong></span> <span class='ocrx_word' id='word_1_241' title='bbox 1252 4431 1419 4524; x_wconf 84' lang='lat' dir='ltr'><strong>provisori</strong></span> <span class='ocrx_word' id='word_1_242' title='bbox 1433 4438 1622 4504; x_wconf 78' lang='lat' dir='ltr'><strong>castrorum</strong></span> 
     </span>
     <span class='ocr_line' id='line_1_28' title="bbox 213 4553 1624 4649; baseline 0.001 -22"><span class='ocrx_word' id='word_1_243' title='bbox 213 4557 315 4628; x_wconf 82' lang='lat' dir='ltr'><strong>Terre</strong></span> <span class='ocrx_word' id='word_1_244' title='bbox 345 4554 507 4644; x_wconf 88' lang='lat' dir='ltr'><strong>Laboris,</strong></span> <span class='ocrx_word' id='word_1_245' title='bbox 538 4554 755 4649; x_wconf 88' lang='lat' dir='ltr'><strong>Principetus</strong></span> <span class='ocrx_word' id='word_1_246' title='bbox 788 4562 823 4625; x_wconf 91' lang='lat' dir='ltr'><strong>et</strong></span> <span class='ocrx_word' id='word_1_247' title='bbox 852 4561 940 4624; x_wconf 90' lang='lat' dir='ltr'><strong>terre</strong></span> <span class='ocrx_word' id='word_1_248' title='bbox 972 4553 1232 4642; x_wconf 83' lang='lat' dir='ltr'><strong>Beneventano,</strong></span> <span class='ocrx_word' id='word_1_249' title='bbox 1261 4561 1327 4626; x_wconf 85' lang='lat' dir='ltr'><strong>etc.</strong></span> <span class='ocrx_word' id='word_1_250' title='bbox 1362 4553 1530 4627; x_wconf 84' lang='lat' dir='ltr'><strong>Fidelitati</strong></span> <span class='ocrx_word' id='word_1_251' title='bbox 1565 4565 1624 4629; x_wconf 89' lang='lat' dir='ltr'><strong>too</strong></span> 
     </span>
    </p>
   </div>
   <div class='ocr_carea' id='block_1_7' title="bbox 254 4733 1461 4903">
    <p class='ocr_par' dir='ltr' id='par_1_7' title="bbox 254 4733 1461 4903">
     <span class='ocr_line' id='line_1_29' title="bbox 254 4733 764 4816; baseline -0.004 -21"><span class='ocrx_word' id='word_1_252' title='bbox 254 4733 297 4816; x_wconf 84' lang='lat' dir='ltr'><strong>(a)</strong></span> <span class='ocrx_word' id='word_1_253' title='bbox 318 4737 425 4814; x_wconf 76' lang='lat' dir='ltr'><strong>Iocus,</strong></span> <span class='ocrx_word' id='word_1_254' title='bbox 441 4741 475 4796; x_wconf 89' lang='lat' dir='ltr'><strong>ut</strong></span> <span class='ocrx_word' id='word_1_255' title='bbox 489 4734 618 4806; x_wconf 86' lang='lat' dir='ltr'><strong>vldetor,</strong></span> <span class='ocrx_word' id='word_1_256' title='bbox 631 4733 764 4794; x_wconf 85' lang='lat' dir='ltr'><strong>mutilus.</strong></span> 
     </span>
     <span class='ocr_line' id='line_1_30' title="bbox 291 4843 1461 4903; baseline -0.003 0"><span class='ocrx_word' id='word_1_257' title='bbox 291 4843 330 4903; x_wconf 86' lang='lat' dir='ltr'><strong>V.</strong></span> <span class='ocrx_word' id='word_1_258' title='bbox 1423 4847 1461 4900; x_wconf 83' lang='lat' dir='ltr'><strong>ott</strong></span> 
     </span>
    </p>
   </div>
   <div class='ocr_carea' id='block_1_8' title="bbox 0 0 2128 5906">
    <p class='ocr_par' dir='ltr' id='par_1_8' title="bbox 0 0 2128 5906">
     <span class='ocr_line' id='line_1_31' title="bbox 0 0 2128 5906; baseline 0 0"><span class='ocrx_word' id='word_1_259' title='bbox 0 0 2128 5906; x_wconf 95' lang='lat' dir='ltr'><strong> </strong></span> 
     </span>
    </p>
   </div>
  </div>
 </body>
</html>
