4262 5910
215 659 312 717 irrorcr.
332 655 393 732 lu]
663 655 860 716 HISTORIA
884 650 1180 715 DIPLOMATICA.
1563 652 1622 714 597

214 801 307 878 runt,
329 789 390 861 sed
410 787 585 861 inveneris
604 787 648 859 ab
666 789 789 862 eodem
802 781 931 862 Oberto
948 809 1008 862 eos
1027 788 1064 858 in
1083 785 1218 858 hutinm
1242 783 1349 856 tuisse
1368 783 1534 858 violenter
1554 787 1624 859 im·

215 914 337 986 missos
356 911 446 982 sicut
463 910 549 982 ulios
565 912 626 1003 qui
644 933 706 1006 per
725 922 759 984 to
775 913 909 984 liberati
928 913 1087 1001 fuerunt,
1113 917 1250 1003 recepta
1274 908 1349 1002 ipse
1365 909 1512 1003 pecunia
1530 911 1634 1006 ipsos

214 1033 487 1109 iaciaslibereri.
509 1033 545 1104 Si
560 1055 721 1108 remees
735 1035 908 1108 inveneris
926 1036 962 1105 in
980 1036 1084 1128 culpa
1099 1032 1222 1122 fuisse,
1242 1052 1314 1105 non
1333 1031 1474 1121 liberes,
1493 1032 1556 1106 sed
1572 1035 1622 1106 ia·

213 1160 284 1232 cius
300 1179 360 1230 eos
376 1178 458 1228 cum
472 1155 657 1248 diligentia
672 1157 851 1230 custodiri.

260 1283 385 1354 Datum
403 1280 555 1369 Serrani,
574 1280 650 1352 xvi
669 1279 873 1370 decembris,
888 1279 966 1351 Xlii
984 1276 1193 1350 indictionis.

261 1407 346 1476 item
360 1402 496 1497 scripsit
513 1403 648 1475 lictores
661 1412 816 1496 patentes
828 1401 1034 1495 justitiariis,
1053 1399 1207 1490 secretis,
1230 1399 1443 1490 camerariis,
1461 1421 1621 1493 procure-

212 1527 358 1618 toribus,
376 1526 516 1618 bajulis,
536 1524 713 1618 judicibus
730 1534 765 1598 et
787 1525 960 1600 universis
984 1545 1048 1618 per
1065 1522 1216 1594 Siciliam
1241 1522 1450 1610 constitutis,
1470 1532 1508 1594 ut
1534 1526 1621 1596 ubi-

213 1671 363 1744 cumque
384 1649 519 1721 inventi
540 1639 665 1721 fuerint
683 1649 829 1744 predicti
854 1647 1012 1721 homines
1030 1643 1206 1740 quondam
1230 1645 1402 1717 Centorbii
1416 1656 1453 1718 et
1472 1647 1617 1743 Gepidi,

212 1773 259 1847 od
271 1773 532 1866 requisitionem
547 1772 690 1866 predicti
712 1771 870 1866 floggerii
889 1771 934 1843 de
950 1769 1079 1842 Amicis
1099 1777 1266 1863 coguntur
1286 1769 1400 1842 redire
1413 1770 1620 1844 Panormnm

211 1899 258 1973 ud
269 1897 497 1973 habitandum
511 1920 591 1970 cum
604 1898 741 1972 iumiiiis
755 1907 791 1970 et
803 1898 907 1970 rebus
921 1918 1054 1990 eorum,
1069 1917 1134 1968 nec
1147 1895 1271 1988 aliquis
1284 1917 1494 1990 quemquam
1509 1919 1555 1972 ex
1570 1898 1621 1970 eis

211 2021 339 2096 undeet
352 2021 509 2094 retinere.

261 2617 484 2720 Mandatum
506 2621 557 2702 ed
574 2620 900 2732 archiepiscopum
921 2624 1145 2734 Capuanum
1163 2637 1206 2710 ut
1227 2629 1276 2710 de
1301 2627 1466 2714 ecclesiis
1483 2658 1621 2744 rucen-
1655 2653 1817 2751 remi..

209 2747 315 2834 tibus
331 2749 497 2862 eligendi
512 2752 702 2836 licentiam
720 2779 799 2838 non
817 2766 992 2863 praestet.

291 2970 414 3053 (meat.
428 2973 530 3053 cuper.
547 2973 665 3035 diade.
679 2975 723 3047 11,
738 2973 791 3038 iol.
809 2983 846 3037 tt
860 2981 956 3052 recto;
972 2979 1004 3038 in
1017 2978 1089 3041 edit.
1102 2978 1237 3060 Curcum,
1250 2998 1280 3060 p.
1298 2983 1383 3061 298.)

257 3165 343 3236 item
360 3168 493 3260 scripsit
513 3169 600 3238 idm
611 3168 651 3238 de
666 3169 835 3263 imperiali
848 3171 1028 3243 mandato:
1663 3261 1667 3272 Ι

257 3287 476 3380 Fredericus,
501 3299 584 3377 etc,
607 3291 637 3362 J.
659 3291 918 3388 archispiscopo
941 3295 1128 3388 dopmno,
1149 3307 1216 3370 etc.
1240 3299 1411 3404 Eideliuti
1433 3311 1492 3376 tue
1510 3307 1621 3398 preci-

207 3409 337 3506 piendo
353 3413 558 3486 mandamus
573 3423 745 3509 quatenus
764 3415 793 3485 si
812 3438 919 3510 quum
934 3417 978 3490 de
991 3421 1148 3492 ecclesiis
1166 3422 1266 3515 regni
1280 3426 1386 3498 nostri
1399 3447 1522 3500 vacere
1539 3450 1622 3502 con-

207 3533 364 3638 tingerit,
384 3537 585 3610 auctoritate
602 3536 737 3609 dudum
755 3537 817 3610 tibi
833 3561 855 3613 a
871 3549 988 3614 nostru
1003 3545 1180 3636 majestate
1199 3549 1384 3623 commissu
1400 3571 1472 3623 non
1490 3560 1621 3646 prestes

207 3655 362 3730 inantea
378 3657 551 3734 licentiam
570 3659 734 3754 eligendi.

257 3782 383 3853 Datum
396 3781 550 3874 szeni,
566 3784 645 3858 xvl
663 3784 868 3877 decembris,
890 3787 969 3859 Xili
987 3787 1200 3864 indictionis.

420 4108 1406 4136 mmmm

258 4395 478 4481 Mandatum
502 4402 552 4483 ed
578 4403 832 4488 camerarium
860 4405 1009 4514 Aprutii
1030 4408 1079 4490 de
1104 4409 1275 4494 ducentis
1304 4411 1416 4497 bonis
1440 4419 1617 4526 presutiis
1681 4452 1787 4505 omni.

344 4530 352 4545 ,
1652 4506 1817 4550 strennum

206 4527 256 4609 ad
273 4553 418 4614 cunam
436 4532 685 4617 destinandis.

287 4724 412 4810 (depost.
427 4731 529 4812 imper.
542 4731 662 4796 Freder.
678 4734 717 4810 ΙΙ,
732 4735 783 4797 ici.
799 4745 837 4798 et
850 4745 943 4814 recto;
961 4742 992 4801 iu
1005 4739 1075 4804 edit
1089 4739 1225 4824 Curcum,
1241 4762 1272 4823 p.
1289 4747 1373 4828 ²98.)
