4242 5904
219 611 321 670 lsntcr.
340 610 402 688 11.]
671 606 867 668 ΗΙὲΤΟΠΙΑ
892 603 1184 666 nlt‘loslllllcn.
1578 607 1630 672 let

220 747 330 816 Deum
349 745 585 839 principaliter
598 755 633 816 et
644 745 831 816 Romanam
850 741 1031 814 ecelesiam
1044 742 1245 814 calcaneum
1262 739 1503 812 damnabiliter
1520 763 1636 816 erexe-

220 878 319 958 runt,
346 868 556 964 imperialem
579 865 821 939 celsitudinem
838 885 1019 959 rogamus,
1044 885 1224 938 monemus
1248 873 1283 936 et
1306 863 1483 936 hortamur
1509 875 1635 940 attente

220 990 422 1084 adjurantes
441 1013 504 1087 per
516 991 694 1065 dominnm
713 991 832 1062 lesum
846 969 1017 1062 Christ‘nm
1035 997 1207 1082 quatenus
1220 987 1343 1060 Christi
1360 987 1517 1060 fidelibus
1534 984 1634 1088 [qui]

224 1115 394 1188 divinitus
406 1115 563 1210 inspirati
583 1113 628 1186 ad
650 1113 951 1186 commonitionem
975 1121 1147 1199 nostram,
1166 1123 1343 1208 assumpto
1365 1110 1505 1184 vivifice
1522 1115 1635 1186 crucis

221 1238 344 1331 signo,
366 1260 405 1310 se
429 1247 548 1310 contra
566 1237 739 1332 predictos
766 1235 1003 1308 schismaticos
1029 1245 1063 1308 et
1081 1233 1249 1308 hereticos
1269 1235 1304 1308 in
1321 1233 1477 1326 ejusdem
1500 1236 1633 1330 imperii

221 1361 419 1434 subsidium
443 1361 707 1454 magnanimiter
728 1359 976 1448 accinxerunt,
998 1369 1033 1430 te
1051 1359 1274 1433 favorabilem
1295 1359 1483 1450 exhibens,
1499 1360 1551 1432 eis
1564 1369 1634 1432 tam

221 1487 257 1556 in
276 1506 400 1558 secum
422 1483 597 1558 conductu
615 1485 645 1554 si
662 1506 751 1579 opus
769 1485 873 1556 luerit
894 1505 999 1577 quam
1018 1485 1103 1554 alias
1122 1486 1224 1577 juxta
1241 1483 1513 1577 magnitudinem
1540 1495 1634 1557 tuam

222 1618 387 1703 tanquam
407 1609 568 1704 princeps
589 1609 778 1680 catholicus
797 1607 979 1702 impendas
995 1607 1195 1698 consilium,
1215 1608 1382 1680 auxilium
1402 1617 1436 1680 et
1460 1609 1632 1700 lavorem3

221 1731 267 1804 ad
292 1732 389 1826 quod
415 1733 541 1804 melios
562 1741 596 1804 et
617 1731 792 1804 efficacius
815 1731 1093 1826 promovendum
1114 1732 1276 1804 dilectum
1299 1731 1408 1804 lilium
1433 1733 1634 1826 magistrum

221 1855 425 1949 Gregorium
439 1855 691 1928 subdiaconum
712 1865 747 1928 et
760 1855 931 1927 notarium
950 1865 1119 1944 nostrum,
1134 1856 1250 1926 virum
1264 1855 1384 1949 utique
1400 1856 1585 1950 providum
1601 1867 1635 1930 et

221 1991 422 2074 expertum,
438 1981 484 2052 ad
499 1991 593 2052 tuam
609 1980 816 2073 presentiam
833 1977 1000 2050 duximus
1016 1978 1279 2066 destinandum,
1296 1991 1457 2074 rogantes
1473 1982 1636 2054 attentius

223 2111 261 2175 ut
275 2104 391 2198 ipsum
405 2105 507 2176 oculo
518 2123 643 2175 sereno
654 2103 857 2197 respiciens,
872 2104 948 2193 ejus
962 2101 1114 2192 monitis,
1128 2103 1198 2174 imo
1214 2103 1339 2174 nostris
1353 2103 1468 2197 potius
1479 2104 1636 2198 acquies-

221 2251 281 2302 cas
304 2239 339 2302 et
362 2248 431 2322 que
460 2227 522 2298 tibi
545 2247 592 2299 ex
623 2237 721 2322 parte
744 2235 860 2300 nostra
888 2224 1016 2300 dixerit
1043 2225 1184 2298 credere
1212 2247 1254 2300 ac
1287 2225 1470 2300 efficaciter
1495 2225 1636 2301 studeas

220 2353 425 2451 adimplere.

270 2480 395 2552 Datum
414 2477 593 2572 Laterani,
615 2477 660 2550 lV
678 2475 759 2549 idus
775 2475 907 2568 martii,
926 2497 1018 2548 anno
1033 2475 1092 2548 xl.

437 2771 1414 2790 fflffl—--nu—-u-——oefflffl

276 3021 483 3132 Gregorius
510 3050 630 3133 papa,
663 3049 968 3108 commemorans
995 3049 1114 3133 quam
1140 3023 1248 3107 uanis
1275 3025 1474 3109 conatibus
1500 3029 1634 3114 enixus
1688 3057 1812 3156 ppffi

218 3155 335 3238 luerit
358 3168 401 3239 ut
420 3158 582 3241 Graecos
608 3158 868 3241 schismaticos
890 3159 941 3240 ad
960 3157 1142 3240 unitatem
1167 3157 1391 3240 catholicam
1418 3161 1631 3270 reduceret,

218 3289 348 3372 denuo
373 3289 627 3400 Fridericum,
651 3291 911 3374 Romanorum
936 3291 1222 3400 imperatorem,
1244 3302 1433 3374 monetet
1458 3305 1569 3404 rogat
1590 3309 1634 3380 ut

127 3529 134 3542 ·
216 3422 493 3532 crucesignatis
514 3433 595 3506 tam
619 3449 690 3533 pro
714 3424 885 3508 subsidio
910 3423 1314 3532 constantinopolitani
1336 3425 1486 3533 imperii
1515 3455 1634 3537 quam

217 3579 288 3663 pro
315 3554 392 3638 fide
423 3555 609 3638 catholica
640 3554 880 3638 defendendo
911 3557 1109 3664 accinctis,
1133 3555 1298 3639 liberum
1333 3558 1535 3642 transitum
1566 3587 1634 3670 per

218 3697 359 3770 terram
378 3687 462 3798 ejus
480 3688 679 3799 indulgere
697 3715 775 3772 non
794 3688 956 3772 differat.

301 3911 403 3991 (Edid.
420 3915 598 3988 iterumn„
614 3910 727 3976 Annei.
743 3911 852 3993 accim,
866 3920 940 3975 tom.
956 3912 1158 3974 manaan.
1174 3911 1326 3995 §51va
1341 3931 1358 3974 e
1371 3923 1478 3994 regest.
1494 3917 1630 3998 Gregor,

337 4019 390 4081 llb.
411 4020 467 4094 111,
482 4021 567 4098 eplst.
585 4029 661 4093 tts;
689 4037 771 4082 nnnc
784 4024 930 4100 integram
949 4021 1055 4083 damm
1067 4038 1106 4083 ex
1118 4023 1233 4083 collect.
1248 4021 1294 4082 La
1310 4022 1398 4083 Porto
1411 4021 1452 4083 du
1470 4022 1567 4098 Tteit,
1581 4042 1629 4104 ap.

337 4125 478 4188 Riblletb.
492 4126 591 4188 Cesar.
604 4127 714 4207 Paris.)

265 4321 474 4414 Gregorius,
501 4331 567 4395 etc.
590 4322 774 4395 Frederico
802 4321 1018 4417 imperatori,
1042 4331 1108 4394 etc.
1137 4322 1399 4396 considerantes
1429 4325 1511 4398 olim
1536 4327 1631 4420 quod

218 4444 401 4518 Greoorum
422 4447 567 4520 ecclesia
585 4447 630 4520 ab
645 4447 845 4520 obedientia
866 4449 984 4520 matris
1000 4469 1064 4521 suc
1079 4447 1177 4520 Sedis
1198 4446 1393 4544 Apostolice
1408 4460 1565 4545 separata
1584 4475 1630 4524 ex

218 4587 259 4640 eo
273 4570 380 4642 vitam
393 4569 576 4644 videbatur
588 4572 743 4644 amittere
758 4572 926 4645 catholice
940 4571 1022 4645 fidei
1035 4572 1130 4668 quod
1146 4596 1166 4646 a
1183 4573 1294 4668 capite
1309 4596 1388 4666 suo,
1405 4573 1557 4648 Ecclesia
1565 4577 1630 4647 sci-

220 4690 296 4764 licet
316 4695 471 4769 Romana
493 4697 529 4768 in
550 4717 620 4791 que
638 4697 808 4768 Dominus
832 4694 914 4770 fidei
935 4705 969 4770 et
984 4697 1088 4770 totius
1103 4707 1212 4772 status
1228 4696 1448 4772 ecclesiastici
1469 4701 1630 4794 magiste-
