<?xml version="1.0" encoding="UTF-8"?>
<!DOCTYPE html PUBLIC "-//W3C//DTD XHTML 1.0 Transitional//EN"
    "http://www.w3.org/TR/xhtml1/DTD/xhtml1-transitional.dtd">
<html xmlns="http://www.w3.org/1999/xhtml" xml:lang="en" lang="en">
 <head>
  <title>
</title>
<meta http-equiv="Content-Type" content="text/html;charset=utf-8" />
  <meta name='ocr-system' content='tesseract 3.04.00' />
  <meta name='ocr-capabilities' content='ocr_page ocr_carea ocr_par ocr_line ocrx_word'/>
</head>
<body>
  <div class='ocr_page' id='page_1' title='image "./historiadiploma02fredgoog_0164.png"; bbox 0 0 4278 5920; ppageno 0'>
   <div class='ocr_carea' id='block_1_1' title="bbox 244 529 1647 618">
    <p class='ocr_par' dir='ltr' id='par_1_1' title="bbox 244 529 1647 618">
     <span class='ocr_line' id='line_1_1' title="bbox 244 529 1647 618; baseline -0.002 -22"><span class='ocrx_word' id='word_1_1' title='bbox 244 535 344 598; x_wconf 77' lang='lat' dir='ltr'><strong>irum.</strong></span> <span class='ocrx_word' id='word_1_2' title='bbox 360 529 421 618; x_wconf 89' lang='lat'><strong>11.]</strong></span> <span class='ocrx_word' id='word_1_3' title='bbox 692 529 890 592; x_wconf 75' lang='lat' dir='ltr'>HISTORIA</span> <span class='ocrx_word' id='word_1_4' title='bbox 914 529 1206 593; x_wconf 77' lang='lat' dir='ltr'><strong>orsnottsrlcs</strong></span> <span class='ocrx_word' id='word_1_5' title='bbox 1591 532 1647 594; x_wconf 87' lang='lat'><strong>151</strong></span> 
     </span>
    </p>
   </div>
   <div class='ocr_carea' id='block_1_2' title="bbox 242 665 1650 1751">
    <p class='ocr_par' dir='ltr' id='par_1_2' title="bbox 242 665 1650 1505">
     <span class='ocr_line' id='line_1_2' title="bbox 244 665 1648 760; baseline -0.003 -17"><span class='ocrx_word' id='word_1_6' title='bbox 244 669 350 743; x_wconf 87' lang='lat' dir='ltr'><strong>salem</strong></span> <span class='ocrx_word' id='word_1_7' title='bbox 370 677 407 742; x_wconf 91' lang='lat' dir='ltr'><strong>et</strong></span> <span class='ocrx_word' id='word_1_8' title='bbox 422 665 538 741; x_wconf 86' lang='lat' dir='ltr'><strong>Sicilie</strong></span> <span class='ocrx_word' id='word_1_9' title='bbox 557 686 635 739; x_wconf 85' lang='lat' dir='ltr'><strong>rex.</strong></span> <span class='ocrx_word' id='word_1_10' title='bbox 654 665 719 739; x_wconf 91' lang='lat' dir='ltr'><strong>Per</strong></span> <span class='ocrx_word' id='word_1_11' title='bbox 736 686 876 760; x_wconf 75' lang='lat' dir='ltr'>presens</span> <span class='ocrx_word' id='word_1_12' title='bbox 895 665 1060 760; x_wconf 87' lang='lat' dir='ltr'><strong>seriptum</strong></span> <span class='ocrx_word' id='word_1_13' title='bbox 1082 675 1203 740; x_wconf 90' lang='lat' dir='ltr'><strong>notum</strong></span> <span class='ocrx_word' id='word_1_14' title='bbox 1224 665 1370 738; x_wconf 83' lang='lat' dir='ltr'><strong>iacimus</strong></span> <span class='ocrx_word' id='word_1_15' title='bbox 1387 665 1560 738; x_wconf 87' lang='lat' dir='ltr'><strong>universis</strong></span> <span class='ocrx_word' id='word_1_16' title='bbox 1577 675 1648 739; x_wconf 89' lang='lat' dir='ltr'><strong>tarn</strong></span> 
     </span>
     <span class='ocr_line' id='line_1_3' title="bbox 243 787 1650 888; baseline -0.003 -22"><span class='ocrx_word' id='word_1_17' title='bbox 243 791 465 888; x_wconf 74' lang='lat' dir='ltr'><strong>presentibus</strong></span> <span class='ocrx_word' id='word_1_18' title='bbox 480 810 584 886; x_wconf 88' lang='lat' dir='ltr'><strong>qnam</strong></span> <span class='ocrx_word' id='word_1_19' title='bbox 597 789 721 862; x_wconf 84' lang='lat' dir='ltr'><strong>futuris</strong></span> <span class='ocrx_word' id='word_1_20' title='bbox 737 789 834 884; x_wconf 87' lang='lat' dir='ltr'><strong>qnod</strong></span> <span class='ocrx_word' id='word_1_21' title='bbox 858 789 1078 884; x_wconf 77' lang='lat' dir='ltr'><strong>iauegravius</strong></span> <span class='ocrx_word' id='word_1_22' title='bbox 1092 788 1138 863; x_wconf 89' lang='lat' dir='ltr'><strong>de</strong></span> <span class='ocrx_word' id='word_1_23' title='bbox 1152 787 1395 862; x_wconf 83' lang='lat' dir='ltr'><strong>Lnokenberoh</strong></span> <span class='ocrx_word' id='word_1_24' title='bbox 1410 787 1522 862; x_wconf 86' lang='lat' dir='ltr'><strong>fidelis</strong></span> <span class='ocrx_word' id='word_1_25' title='bbox 1536 799 1650 864; x_wconf 88' lang='lat' dir='ltr'><strong>noster</strong></span> 
     </span>
     <span class='ocr_line' id='line_1_4' title="bbox 242 911 1648 1010; baseline -0.003 -22"><span class='ocrx_word' id='word_1_26' title='bbox 242 914 390 1010; x_wconf 90' lang='lat' dir='ltr'><strong>optinuit</strong></span> <span class='ocrx_word' id='word_1_27' title='bbox 401 913 554 1008; x_wconf 72' lang='lat' dir='ltr'><strong>legitime</strong></span> <span class='ocrx_word' id='word_1_28' title='bbox 568 932 683 984; x_wconf 88' lang='lat' dir='ltr'><strong>eoram</strong></span> <span class='ocrx_word' id='word_1_29' title='bbox 704 911 805 984; x_wconf 87' lang='lat' dir='ltr'><strong>nobis</strong></span> <span class='ocrx_word' id='word_1_30' title='bbox 822 911 918 1006; x_wconf 88' lang='lat' dir='ltr'><strong>quod</strong></span> <span class='ocrx_word' id='word_1_31' title='bbox 934 912 1008 1007; x_wconf 84' lang='lat' dir='ltr'><strong>ipse</strong></span> <span class='ocrx_word' id='word_1_32' title='bbox 1022 911 1187 986; x_wconf 83' lang='lat' dir='ltr'><strong>ducatum</strong></span> <span class='ocrx_word' id='word_1_33' title='bbox 1201 934 1367 986; x_wconf 83' lang='lat' dir='ltr'><strong>curruum</strong></span> <span class='ocrx_word' id='word_1_34' title='bbox 1379 933 1442 1008; x_wconf 91' lang='lat' dir='ltr'><strong>per</strong></span> <span class='ocrx_word' id='word_1_35' title='bbox 1455 911 1648 986; x_wconf 83' lang='lat' dir='ltr'><strong>districtum</strong></span> 
     </span>
     <span class='ocr_line' id='line_1_5' title="bbox 243 1035 1648 1130; baseline -0.003 -18"><span class='ocrx_word' id='word_1_36' title='bbox 243 1039 425 1112; x_wconf 75' lang='lat' dir='ltr'><strong>comitatus</strong></span> <span class='ocrx_word' id='word_1_37' title='bbox 456 1037 512 1110; x_wconf 91' lang='lat' dir='ltr'><strong>sui</strong></span> <span class='ocrx_word' id='word_1_38' title='bbox 544 1045 660 1110; x_wconf 90' lang='lat' dir='ltr'><strong>tenere</strong></span> <span class='ocrx_word' id='word_1_39' title='bbox 689 1035 835 1127; x_wconf 87' lang='lat' dir='ltr'><strong>debeat,</strong></span> <span class='ocrx_word' id='word_1_40' title='bbox 870 1036 960 1109; x_wconf 79' lang='lat' dir='ltr'><strong>sicut</strong></span> <span class='ocrx_word' id='word_1_41' title='bbox 990 1046 1222 1110; x_wconf 81' lang='lat' dir='ltr'><strong>antecessores</strong></span> <span class='ocrx_word' id='word_1_42' title='bbox 1254 1036 1309 1108; x_wconf 90' lang='lat' dir='ltr'><strong>sui</strong></span> <span class='ocrx_word' id='word_1_43' title='bbox 1339 1036 1453 1130; x_wconf 92' lang='lat' dir='ltr'><strong>ipsum</strong></span> <span class='ocrx_word' id='word_1_44' title='bbox 1485 1035 1648 1108; x_wconf 88' lang='lat' dir='ltr'><strong>ducatum</strong></span> 
     </span>
     <span class='ocr_line' id='line_1_6' title="bbox 242 1159 1648 1254; baseline -0.004 -18"><span class='ocrx_word' id='word_1_45' title='bbox 242 1161 394 1236; x_wconf 83' lang='lat' dir='ltr'><strong>tenuisse</strong></span> <span class='ocrx_word' id='word_1_46' title='bbox 415 1173 617 1235; x_wconf 86' lang='lat' dir='ltr'><strong>noscuntur.</strong></span> <span class='ocrx_word' id='word_1_47' title='bbox 648 1159 763 1246; x_wconf 88' lang='lat' dir='ltr'><strong>Quare</strong></span> <span class='ocrx_word' id='word_1_48' title='bbox 789 1159 996 1233; x_wconf 84' lang='lat' dir='ltr'><strong>mandamus</strong></span> <span class='ocrx_word' id='word_1_49' title='bbox 1025 1169 1196 1254; x_wconf 90' lang='lat' dir='ltr'><strong>quatenns</strong></span> <span class='ocrx_word' id='word_1_50' title='bbox 1225 1160 1342 1231; x_wconf 87' lang='lat' dir='ltr'><strong>nullus</strong></span> <span class='ocrx_word' id='word_1_51' title='bbox 1372 1159 1415 1232; x_wconf 90' lang='lat' dir='ltr'><strong>sit</strong></span> <span class='ocrx_word' id='word_1_52' title='bbox 1442 1159 1502 1254; x_wconf 91' lang='lat' dir='ltr'><strong>qni</strong></span> <span class='ocrx_word' id='word_1_53' title='bbox 1533 1160 1648 1254; x_wconf 91' lang='lat' dir='ltr'><strong>ipsum</strong></span> 
     </span>
     <span class='ocr_line' id='line_1_7' title="bbox 243 1280 1648 1382; baseline -0.004 -24"><span class='ocrx_word' id='word_1_54' title='bbox 243 1285 480 1382; x_wconf 76' lang='lat' dir='ltr'><strong>lantgravium</strong></span> <span class='ocrx_word' id='word_1_55' title='bbox 506 1283 543 1356; x_wconf 97' lang='lat' dir='ltr'><strong>in</strong></span> <span class='ocrx_word' id='word_1_56' title='bbox 567 1281 724 1380; x_wconf 77' lang='lat' dir='ltr'><strong>predicto</strong></span> <span class='ocrx_word' id='word_1_57' title='bbox 751 1281 881 1356; x_wconf 84' lang='lat' dir='ltr'><strong>ducatu</strong></span> <span class='ocrx_word' id='word_1_58' title='bbox 909 1281 1076 1379; x_wconf 87' lang='lat' dir='ltr'><strong>impediat</strong></span> <span class='ocrx_word' id='word_1_59' title='bbox 1103 1283 1159 1356; x_wconf 85' lang='lat' dir='ltr'><strong>vel</strong></span> <span class='ocrx_word' id='word_1_60' title='bbox 1189 1283 1358 1356; x_wconf 90' lang='lat' dir='ltr'><strong>molestet.</strong></span> <span class='ocrx_word' id='word_1_61' title='bbox 1391 1280 1446 1356; x_wconf 87' lang='lat' dir='ltr'><strong>Ad</strong></span> <span class='ocrx_word' id='word_1_62' title='bbox 1470 1284 1572 1375; x_wconf 89' lang='lat' dir='ltr'><strong>cujus</strong></span> <span class='ocrx_word' id='word_1_63' title='bbox 1597 1281 1648 1356; x_wconf 87' lang='lat' dir='ltr'><strong>rei</strong></span> 
     </span>
     <span class='ocr_line' id='line_1_8' title="bbox 242 1405 1595 1505; baseline -0.005 -22"><span class='ocrx_word' id='word_1_64' title='bbox 242 1409 441 1485; x_wconf 90' lang='lat' dir='ltr'><strong>memoriam</strong></span> <span class='ocrx_word' id='word_1_65' title='bbox 458 1429 603 1505; x_wconf 87' lang='lat' dir='ltr'><strong>pressus</strong></span> <span class='ocrx_word' id='word_1_66' title='bbox 617 1407 782 1504; x_wconf 88' lang='lat' dir='ltr'><strong>scriptum</strong></span> <span class='ocrx_word' id='word_1_67' title='bbox 798 1405 873 1480; x_wconf 85' lang='lat' dir='ltr'><strong>fieri</strong></span> <span class='ocrx_word' id='word_1_68' title='bbox 889 1417 926 1480; x_wconf 91' lang='lat' dir='ltr'><strong>et</strong></span> <span class='ocrx_word' id='word_1_69' title='bbox 940 1407 1052 1502; x_wconf 78' lang='lat' dir='ltr'><strong>sigillo</strong></span> <span class='ocrx_word' id='word_1_70' title='bbox 1069 1415 1185 1480; x_wconf 79' lang='lat' dir='ltr'><strong>nostin</strong></span> <span class='ocrx_word' id='word_1_71' title='bbox 1194 1407 1361 1500; x_wconf 86' lang='lat' dir='ltr'><strong>jussimus</strong></span> <span class='ocrx_word' id='word_1_72' title='bbox 1379 1405 1595 1479; x_wconf 84' lang='lat' dir='ltr'><strong>communiri.</strong></span> 
     </span>
    </p>

    <p class='ocr_par' dir='ltr' id='par_1_3' title="bbox 243 1528 1648 1751">
     <span class='ocr_line' id='line_1_9' title="bbox 289 1528 1648 1628; baseline -0.002 -24"><span class='ocrx_word' id='word_1_73' title='bbox 289 1533 418 1607; x_wconf 88' lang='lat' dir='ltr'><strong>Datum</strong></span> <span class='ocrx_word' id='word_1_74' title='bbox 440 1530 537 1628; x_wconf 90' lang='lat' dir='ltr'><strong>apud</strong></span> <span class='ocrx_word' id='word_1_75' title='bbox 557 1531 731 1620; x_wconf 85' lang='lat' dir='ltr'><strong>Laudem,</strong></span> <span class='ocrx_word' id='word_1_76' title='bbox 748 1551 839 1604; x_wconf 89' lang='lat' dir='ltr'><strong>anno</strong></span> <span class='ocrx_word' id='word_1_77' title='bbox 856 1529 1029 1604; x_wconf 83' lang='lat' dir='ltr'><strong>dominius</strong></span> <span class='ocrx_word' id='word_1_78' title='bbox 1049 1529 1292 1604; x_wconf 87' lang='lat' dir='ltr'><strong>incarnationis</strong></span> <span class='ocrx_word' id='word_1_79' title='bbox 1314 1528 1497 1604; x_wconf 88' lang='lat' dir='ltr'><strong>millesimo</strong></span> <span class='ocrx_word' id='word_1_80' title='bbox 1518 1529 1648 1602; x_wconf 85' lang='lat' dir='ltr'><strong>dueen-</strong></span> 
     </span>
     <span class='ocr_line' id='line_1_10' title="bbox 243 1653 1386 1751; baseline -0.003 -20"><span class='ocrx_word' id='word_1_81' title='bbox 243 1657 363 1731; x_wconf 87' lang='lat' dir='ltr'><strong>teeimo</strong></span> <span class='ocrx_word' id='word_1_82' title='bbox 379 1656 551 1730; x_wconf 82' lang='lat' dir='ltr'><strong>tricesimo</strong></span> <span class='ocrx_word' id='word_1_83' title='bbox 565 1655 730 1751; x_wconf 90' lang='lat' dir='ltr'><strong>septimo,</strong></span> <span class='ocrx_word' id='word_1_84' title='bbox 747 1675 865 1730; x_wconf 88' lang='lat' dir='ltr'><strong>mense</strong></span> <span class='ocrx_word' id='word_1_85' title='bbox 877 1653 1090 1742; x_wconf 85' lang='lat' dir='ltr'><strong>decembris,</strong></span> <span class='ocrx_word' id='word_1_86' title='bbox 1104 1654 1164 1728; x_wconf 78' lang='lat' dir='ltr'><strong>Xl&#39;</strong></span> <span class='ocrx_word' id='word_1_87' title='bbox 1179 1653 1386 1728; x_wconf 85' lang='lat' dir='ltr'><strong>indictionis.</strong></span> 
     </span>
    </p>
   </div>
   <div class='ocr_carea' id='block_1_3' title="bbox 451 1979 1436 1994">
    <p class='ocr_par' dir='ltr' id='par_1_4' title="bbox 451 1979 1436 1994">
     <span class='ocr_line' id='line_1_11' title="bbox 451 1979 1436 1994; baseline 0 -2"><span class='ocrx_word' id='word_1_88' title='bbox 451 1979 1436 1994; x_wconf 51' lang='lat' dir='ltr'><strong>Man—*M</strong></span> 
     </span>
    </p>
   </div>
   <div class='ocr_carea' id='block_1_4' title="bbox 240 2256 1855 2768">
    <p class='ocr_par' dir='ltr' id='par_1_5' title="bbox 240 2256 1855 2768">
     <span class='ocr_line' id='line_1_12' title="bbox 292 2256 1855 2383; baseline -0.002 -42"><span class='ocrx_word' id='word_1_89' title='bbox 292 2256 525 2366; x_wconf 82' lang='lat' dir='ltr'><strong>Friderieus,</strong></span> <span class='ocrx_word' id='word_1_90' title='bbox 562 2257 821 2344; x_wconf 86' lang='lat' dir='ltr'><strong>Romanorum</strong></span> <span class='ocrx_word' id='word_1_91' title='bbox 856 2257 1080 2367; x_wconf 84' lang='lat' dir='ltr'><strong>imperator,</strong></span> <span class='ocrx_word' id='word_1_92' title='bbox 1118 2259 1169 2342; x_wconf 90' lang='lat' dir='ltr'><strong>ad</strong></span> <span class='ocrx_word' id='word_1_93' title='bbox 1203 2259 1518 2370; x_wconf 83' lang='lat' dir='ltr'><strong>supplicationem</strong></span> <span class='ocrx_word' id='word_1_94' title='bbox 1552 2261 1652 2346; x_wconf 86' lang='lat' dir='ltr'><strong>Her·</strong></span> <span class='ocrx_word' id='word_1_95' title='bbox 1678 2283 1855 2383; x_wconf 52' lang='lat' dir='ltr'><strong>offis</strong></span> 
     </span>
     <span class='ocr_line' id='line_1_13' title="bbox 240 2390 1651 2504; baseline 0.008 -33"><span class='ocrx_word' id='word_1_96' title='bbox 240 2390 373 2472; x_wconf 89' lang='lat' dir='ltr'><strong>manni</strong></span> <span class='ocrx_word' id='word_1_97' title='bbox 390 2391 562 2502; x_wconf 85' lang='lat' dir='ltr'><strong>magistri</strong></span> <span class='ocrx_word' id='word_1_98' title='bbox 572 2392 711 2476; x_wconf 91' lang='lat' dir='ltr'><strong>domus</strong></span> <span class='ocrx_word' id='word_1_99' title='bbox 729 2390 889 2474; x_wconf 81' lang='lat' dir='ltr'><strong>Sanctae</strong></span> <span class='ocrx_word' id='word_1_100' title='bbox 906 2390 1046 2476; x_wconf 88' lang='lat' dir='ltr'><strong>Mariae</strong></span> <span class='ocrx_word' id='word_1_101' title='bbox 1058 2391 1391 2504; x_wconf 85' lang='lat' dir='ltr'><strong>Theutonicorum,</strong></span> <span class='ocrx_word' id='word_1_102' title='bbox 1412 2393 1586 2504; x_wconf 92' lang='lat' dir='ltr'><strong>Philippo</strong></span> <span class='ocrx_word' id='word_1_103' title='bbox 1603 2396 1651 2482; x_wconf 85' lang='lat' dir='ltr'><strong>de</strong></span> 
     </span>
     <span class='ocr_line' id='line_1_14' title="bbox 241 2521 1652 2632; baseline 0.005 -28"><span class='ocrx_word' id='word_1_104' title='bbox 241 2521 380 2605; x_wconf 87' lang='lat' dir='ltr'><strong>Sancta</strong></span> <span class='ocrx_word' id='word_1_105' title='bbox 398 2523 519 2607; x_wconf 84' lang='lat' dir='ltr'><strong>Cruce</strong></span> <span class='ocrx_word' id='word_1_106' title='bbox 534 2522 614 2607; x_wconf 87' lang='lat' dir='ltr'><strong>filio</strong></span> <span class='ocrx_word' id='word_1_107' title='bbox 632 2523 827 2607; x_wconf 86' lang='lat' dir='ltr'><strong>Senioriuii</strong></span> <span class='ocrx_word' id='word_1_108' title='bbox 842 2523 891 2606; x_wconf 90' lang='lat' dir='ltr'><strong>de</strong></span> <span class='ocrx_word' id='word_1_109' title='bbox 908 2523 1101 2632; x_wconf 87' lang='lat' dir='ltr'><strong>Monopoli</strong></span> <span class='ocrx_word' id='word_1_110' title='bbox 1121 2525 1161 2606; x_wconf 91' lang='lat' dir='ltr'><strong>in</strong></span> <span class='ocrx_word' id='word_1_111' title='bbox 1179 2524 1337 2610; x_wconf 88' lang='lat' dir='ltr'><strong>feudum</strong></span> <span class='ocrx_word' id='word_1_112' title='bbox 1359 2527 1478 2610; x_wconf 89' lang='lat' dir='ltr'><strong>donet</strong></span> <span class='ocrx_word' id='word_1_113' title='bbox 1500 2537 1537 2610; x_wconf 88' lang='lat' dir='ltr'><strong>et</strong></span> <span class='ocrx_word' id='word_1_114' title='bbox 1554 2553 1652 2611; x_wconf 87' lang='lat' dir='ltr'><strong>oon-</strong></span> 
     </span>
     <span class='ocr_line' id='line_1_15' title="bbox 241 2654 1649 2768; baseline 0.004 -31"><span class='ocrx_word' id='word_1_115' title='bbox 241 2654 340 2738; x_wconf 88' lang='lat' dir='ltr'><strong>oedit</strong></span> <span class='ocrx_word' id='word_1_116' title='bbox 356 2655 564 2739; x_wconf 86' lang='lat' dir='ltr'><strong>Terriuium</strong></span> <span class='ocrx_word' id='word_1_117' title='bbox 581 2665 618 2739; x_wconf 90' lang='lat' dir='ltr'><strong>st</strong></span> <span class='ocrx_word' id='word_1_118' title='bbox 636 2655 857 2739; x_wconf 81' lang='lat' dir='ltr'><strong>Arricarum</strong></span> <span class='ocrx_word' id='word_1_119' title='bbox 883 2656 924 2737; x_wconf 92' lang='lat' dir='ltr'><strong>in</strong></span> <span class='ocrx_word' id='word_1_120' title='bbox 942 2665 1043 2738; x_wconf 81' lang='lat' dir='ltr'><strong>terra</strong></span> <span class='ocrx_word' id='word_1_121' title='bbox 1060 2657 1216 2740; x_wconf 81' lang='lat' dir='ltr'><strong>Berensi</strong></span> <span class='ocrx_word' id='word_1_122' title='bbox 1235 2657 1325 2768; x_wconf 86' lang='lat' dir='ltr'><strong>sita,</strong></span> <span class='ocrx_word' id='word_1_123' title='bbox 1347 2659 1419 2742; x_wconf 87' lang='lat' dir='ltr'><strong>sub</strong></span> <span class='ocrx_word' id='word_1_124' title='bbox 1437 2685 1483 2742; x_wconf 86' lang='lat' dir='ltr'><strong>es</strong></span> <span class='ocrx_word' id='word_1_125' title='bbox 1508 2661 1649 2744; x_wconf 85' lang='lat' dir='ltr'><strong>eondi-</strong></span> 
     </span>
    </p>
   </div>
   <div class='ocr_carea' id='block_1_5' title="bbox 239 2785 1649 2899">
    <p class='ocr_par' dir='ltr' id='par_1_6' title="bbox 239 2785 1649 2899">
     <span class='ocr_line' id='line_1_16' title="bbox 239 2785 1649 2899; baseline 0.006 -30"><span class='ocrx_word' id='word_1_126' title='bbox 239 2785 343 2870; x_wconf 90' lang='lat' dir='ltr'><strong>tione</strong></span> <span class='ocrx_word' id='word_1_127' title='bbox 359 2788 465 2898; x_wconf 87' lang='lat' dir='ltr'><strong>quod</strong></span> <span class='ocrx_word' id='word_1_128' title='bbox 486 2787 673 2898; x_wconf 87' lang='lat' dir='ltr'><strong>imperiali</strong></span> <span class='ocrx_word' id='word_1_129' title='bbox 690 2788 869 2872; x_wconf 84' lang='lat' dir='ltr'><strong>exercitui</strong></span> <span class='ocrx_word' id='word_1_130' title='bbox 890 2813 1014 2872; x_wconf 90' lang='lat' dir='ltr'><strong>unum</strong></span> <span class='ocrx_word' id='word_1_131' title='bbox 1030 2789 1198 2899; x_wconf 84' lang='lat' dir='ltr'><strong>equitem</strong></span> <span class='ocrx_word' id='word_1_132' title='bbox 1219 2799 1257 2875; x_wconf 85' lang='lat' dir='ltr'><strong>et</strong></span> <span class='ocrx_word' id='word_1_133' title='bbox 1272 2817 1393 2876; x_wconf 88' lang='lat' dir='ltr'><strong>unum</strong></span> <span class='ocrx_word' id='word_1_134' title='bbox 1412 2791 1649 2877; x_wconf 84' lang='lat' dir='ltr'><strong>balistarium</strong></span> 
     </span>
    </p>
   </div>
   <div class='ocr_carea' id='block_1_6' title="bbox 241 2918 623 3028">
    <p class='ocr_par' dir='ltr' id='par_1_7' title="bbox 241 2918 623 3028">
     <span class='ocr_line' id='line_1_17' title="bbox 241 2918 623 3028; baseline -0.008 -23"><span class='ocrx_word' id='word_1_135' title='bbox 241 2918 422 3028; x_wconf 80' lang='lat' dir='ltr'><strong>praebere</strong></span> <span class='ocrx_word' id='word_1_136' title='bbox 437 2930 623 3006; x_wconf 87' lang='lat' dir='ltr'><strong>teneatur.</strong></span> 
     </span>
    </p>
   </div>
   <div class='ocr_carea' id='block_1_7' title="bbox 323 3156 1650 3344">
    <p class='ocr_par' dir='ltr' id='par_1_8' title="bbox 323 3156 1650 3344">
     <span class='ocr_line' id='line_1_18' title="bbox 323 3156 1650 3243; baseline 0.006 -25"><span class='ocrx_word' id='word_1_137' title='bbox 323 3156 494 3237; x_wconf 76' lang='lat' dir='ltr'><strong>(Memorat.</strong></span> <span class='ocrx_word' id='word_1_138' title='bbox 510 3175 559 3236; x_wconf 88' lang='lat' dir='ltr'><strong>up.</strong></span> <span class='ocrx_word' id='word_1_139' title='bbox 577 3157 743 3236; x_wconf 81' lang='lat' dir='ltr'><strong>Bonum,</strong></span> <span class='ocrx_word' id='word_1_140' title='bbox 758 3156 870 3238; x_wconf 69' lang='lat' dir='ltr'><strong>sapor.</strong></span> <span class='ocrx_word' id='word_1_141' title='bbox 889 3159 1006 3237; x_wconf 69' lang='lat' dir='ltr'><strong>impes,</strong></span> <span class='ocrx_word' id='word_1_142' title='bbox 1020 3174 1052 3234; x_wconf 91' lang='lat' dir='ltr'><strong>p.</strong></span> <span class='ocrx_word' id='word_1_143' title='bbox 1070 3168 1138 3234; x_wconf 77' lang='lat' dir='ltr'><strong>tta,</strong></span> <span class='ocrx_word' id='word_1_144' title='bbox 1152 3169 1185 3221; x_wconf 80' lang='lat' dir='ltr'><strong>n⁰</strong></span> <span class='ocrx_word' id='word_1_145' title='bbox 1199 3169 1273 3236; x_wconf 74' lang='lat' dir='ltr'><strong>aaa,</strong></span> <span class='ocrx_word' id='word_1_146' title='bbox 1288 3177 1327 3222; x_wconf 84' lang='lat' dir='ltr'><strong>ex</strong></span> <span class='ocrx_word' id='word_1_147' title='bbox 1340 3165 1424 3242; x_wconf 80' lang='lat' dir='ltr'><strong>eopia</strong></span> <span class='ocrx_word' id='word_1_148' title='bbox 1438 3180 1529 3243; x_wconf 87' lang='lat' dir='ltr'><strong>qnam</strong></span> <span class='ocrx_word' id='word_1_149' title='bbox 1547 3166 1578 3224; x_wconf 84' lang='lat' dir='ltr'><strong>tn</strong></span> <span class='ocrx_word' id='word_1_150' title='bbox 1598 3181 1650 3226; x_wconf 87' lang='lat' dir='ltr'><strong>rs-</strong></span> 
     </span>
     <span class='ocr_line' id='line_1_19' title="bbox 362 3262 1103 3344; baseline -0.005 -15"><span class='ocrx_word' id='word_1_151' title='bbox 362 3266 452 3344; x_wconf 64' lang='grc' dir='ltr'><strong>Βοιὼ</strong></span> <span class='ocrx_word' id='word_1_152' title='bbox 464 3263 623 3343; x_wconf 68' lang='lat' dir='ltr'><strong>mannus</strong></span> <span class='ocrx_word' id='word_1_153' title='bbox 636 3265 676 3326; x_wconf 88' lang='lat' dir='ltr'><strong>ei.</strong></span> <span class='ocrx_word' id='word_1_154' title='bbox 690 3266 737 3326; x_wconf 80' lang='lat' dir='ltr'><strong>uir</strong></span> <span class='ocrx_word' id='word_1_155' title='bbox 749 3264 885 3325; x_wconf 81' lang='lat' dir='ltr'><strong>Pertaius</strong></span> <span class='ocrx_word' id='word_1_156' title='bbox 897 3262 1103 3344; x_wconf 80' lang='lat' dir='ltr'><strong>deprompsit.)</strong></span> 
     </span>
    </p>
   </div>
   <div class='ocr_carea' id='block_1_8' title="bbox 244 3469 1650 3691">
    <p class='ocr_par' dir='ltr' id='par_1_9' title="bbox 244 3469 1650 3691">
     <span class='ocr_line' id='line_1_20' title="bbox 291 3469 1650 3566; baseline 0.007 -25"><span class='ocrx_word' id='word_1_157' title='bbox 291 3471 418 3542; x_wconf 89' lang='lat' dir='ltr'><strong>Datum</strong></span> <span class='ocrx_word' id='word_1_158' title='bbox 436 3471 530 3566; x_wconf 87' lang='lat' dir='ltr'><strong>apud</strong></span> <span class='ocrx_word' id='word_1_159' title='bbox 547 3471 713 3560; x_wconf 86' lang='lat' dir='ltr'><strong>Laudem,</strong></span> <span class='ocrx_word' id='word_1_160' title='bbox 730 3492 822 3543; x_wconf 90' lang='lat' dir='ltr'><strong>anno</strong></span> <span class='ocrx_word' id='word_1_161' title='bbox 838 3469 1012 3544; x_wconf 90' lang='lat' dir='ltr'><strong>dominice</strong></span> <span class='ocrx_word' id='word_1_162' title='bbox 1031 3471 1275 3546; x_wconf 80' lang='lat' dir='ltr'><strong>incarnationis</strong></span> <span class='ocrx_word' id='word_1_163' title='bbox 1292 3476 1471 3550; x_wconf 84' lang='lat' dir='ltr'><strong>millesimo</strong></span> <span class='ocrx_word' id='word_1_164' title='bbox 1488 3475 1650 3550; x_wconf 85' lang='lat' dir='ltr'><strong>ducente·</strong></span> 
     </span>
     <span class='ocr_line' id='line_1_21' title="bbox 244 3592 1355 3691; baseline 0.005 -27"><span class='ocrx_word' id='word_1_165' title='bbox 244 3592 332 3667; x_wconf 90' lang='lat' dir='ltr'><strong>simo</strong></span> <span class='ocrx_word' id='word_1_166' title='bbox 346 3593 519 3669; x_wconf 86' lang='lat' dir='ltr'><strong>trioeeimo</strong></span> <span class='ocrx_word' id='word_1_167' title='bbox 535 3594 698 3691; x_wconf 82' lang='lat' dir='ltr'><strong>septimo,</strong></span> <span class='ocrx_word' id='word_1_168' title='bbox 716 3615 834 3668; x_wconf 88' lang='lat' dir='ltr'><strong>mense</strong></span> <span class='ocrx_word' id='word_1_169' title='bbox 849 3593 1063 3684; x_wconf 88' lang='lat' dir='ltr'><strong>decembris,</strong></span> <span class='ocrx_word' id='word_1_170' title='bbox 1083 3595 1130 3668; x_wconf 84' lang='lat' dir='ltr'><strong>XI</strong></span> <span class='ocrx_word' id='word_1_171' title='bbox 1148 3595 1355 3672; x_wconf 86' lang='lat' dir='ltr'><strong>indictionis.</strong></span> 
     </span>
    </p>
   </div>
   <div class='ocr_carea' id='block_1_9' title="bbox 0 0 2144 5920">
    <p class='ocr_par' dir='ltr' id='par_1_10' title="bbox 0 0 2144 5920">
     <span class='ocr_line' id='line_1_22' title="bbox 0 0 2144 5920; baseline 0 2"><span class='ocrx_word' id='word_1_172' title='bbox 0 0 2144 5920; x_wconf 95' lang='lat' dir='ltr'><strong> </strong></span> 
     </span>
    </p>
   </div>
  </div>
 </body>
</html>
