4224 5898
217 596 312 652 lunum.
332 588 392 670 121
665 589 860 654 HISTORIA
887 587 1179 652 otnnottltrtctt.
1565 585 1625 646 275

216 727 383 798 notabiles
418 725 549 798 fuciunt
575 727 746 821 principes
780 726 878 800 inscii
910 747 1015 818 quem
1036 724 1180 819 privati,
1205 729 1335 816 quanto
1360 721 1520 794 nobilitas
1542 744 1626 794 sen-

216 849 332 942 guinis
348 872 409 944 per
426 849 634 922 infusionem
654 850 791 922 subtilis
809 859 844 922 et
863 849 987 922 nobilis
1007 849 1123 920 anime
1140 847 1219 920 lacit
1233 846 1327 940 ipsos
1342 865 1418 916 esse
1435 865 1496 938 pre
1509 846 1627 918 ceteris

216 974 455 1066 susceptibiles
470 972 666 1066 discipline,
682 983 882 1068 quantoque
897 973 1096 1044 sublimium
1114 969 1337 1066 dispendiose
1348 969 1548 1063 simplicitas
1558 991 1626 1042 non

217 1096 310 1189 ipsos
326 1095 542 1167 solummodo
559 1095 751 1190 dispendiis
767 1097 889 1188 afficit,
909 1097 970 1168 sed
983 1097 1174 1186 subjectos,
1194 1093 1277 1166 dum
1295 1093 1511 1187 precipitium
1529 1092 1628 1187 prin-

219 1219 304 1311 cipis
323 1228 399 1312 post
416 1240 454 1290 se
469 1219 572 1290 trehit
587 1220 733 1312 populos
746 1219 792 1291 ad
809 1219 958 1290 ruinam.
973 1221 1114 1314 Propter
1127 1217 1223 1312 quod
1242 1217 1362 1289 merito
1376 1217 1524 1289 dicitur:
1544 1241 1561 1284 u
1578 1215 1628 1288 Ve

219 1349 308 1412 terre
322 1342 379 1412 cui
404 1361 463 1412 rex
480 1363 567 1435 puer
587 1354 702 1435 preest
718 1368 757 1426 u,
773 1343 855 1436 quin
871 1341 1019 1436 pueritia
1042 1341 1172 1414 domiui
1196 1351 1283 1413 terre
1303 1339 1460 1436 plectitur
1480 1347 1515 1412 et
1538 1340 1628 1433 regis

221 1465 397 1536 stultitiam
412 1465 565 1560 populus
583 1488 726 1560 persepe
743 1466 909 1562 deploret.
931 1467 1072 1538 Etcum
1097 1467 1184 1537 inter
1207 1473 1338 1536 ceteros
1357 1463 1529 1560 principes
1552 1486 1573 1536 a
1596 1475 1630 1536 te

221 1589 317 1660 velut
332 1589 367 1658 in
384 1589 615 1660 Romanorum
630 1611 747 1682 regem
765 1591 873 1663 electo
894 1612 996 1662 cause
1017 1587 1211 1683 dependeat
1227 1587 1378 1682 plurium
1402 1587 1625 1682 populorum.

221 1713 467 1806 propterquod
484 1712 530 1785 de
542 1713 775 1806 imprudentia
787 1721 845 1785 tua
858 1725 972 1808 posset
985 1712 1227 1807 periculosiora
1241 1710 1426 1806 dispendia
1438 1711 1626 1800 formidari,

223 1835 265 1907 de
277 1837 480 1908 necessitate
491 1836 709 1930 prudentium
723 1859 839 1910 amare
856 1847 889 1908 te
902 1837 1075 1924 convenit,
1087 1834 1132 1906 ad
1144 1857 1248 1928 quam
1261 1856 1323 1930 per
1334 1834 1440 1907 studii
1455 1835 1582 1906 scolam
1598 1849 1631 1907 et

222 1959 402 2054 discipline
422 1959 551 2050 gradus
565 1960 721 2033 celeriter
736 1960 959 2054 pervenitur,
978 1970 1012 2032 et
1033 1959 1068 2030 iu
1089 1981 1159 2052 qua
1177 1980 1313 2031 cesaree
1334 1957 1500 2052 dignitate
1522 1959 1631 2056 depo·

222 2083 303 2170 sita,
324 2083 503 2156 humiliato
524 2085 660 2178 lastigie
683 2085 778 2176 regie
803 2083 1006 2176 maJestatis,
1032 2084 1096 2154 sub
1117 2083 1270 2176 magistri
1288 2084 1411 2170 ferula,
1431 2083 1497 2155 sub
1515 2085 1632 2180 regula

223 2207 432 2302 preceptoris
453 2229 524 2279 nou
542 2217 732 2300 regemunt
748 2229 900 2280 cesarem
922 2229 997 2279 esse
1012 2217 1045 2278 te
1064 2205 1241 2292 convenit,
1262 2205 1324 2278 sed
1347 2207 1524 2278 scolarem.
1542 2209 1631 2280 Doc-

224 2330 305 2402 toris
323 2331 429 2422 igitur
440 2331 732 2426 increpationibus
749 2352 882 2427 pareas,
902 2329 1090 2403 doctrinam
1109 2329 1254 2401 libenter
1266 2329 1428 2424 occipias,
1449 2339 1483 2402 et
1499 2331 1528 2402 si
1545 2333 1633 2404 scire

226 2453 418 2546 desideres,
438 2455 614 2528 dosideres
631 2454 763 2528 doceri.
781 2455 918 2528 Etenim
932 2455 1035 2548 juxta
1052 2453 1218 2546 sapientie
1237 2451 1401 2540 uerbum,
1420 2475 1497 2526 raro
1508 2453 1558 2552 (a)
1574 2457 1634 2551 qui

226 2578 463 2672 corripientem
482 2579 570 2652 dure
590 2577 725 2652 cervice
741 2579 948 2670 coutemnit,
967 2579 1164 2674 repentinus
1184 2579 1405 2674 superveniet
1426 2577 1583 2652 interitus
1600 2591 1635 2654 et

228 2721 306 2773 eum
324 2703 452 2774 sanitas
477 2725 546 2775 nou
570 2713 745 2796 sequetur.
763 2705 807 2776 Ut
821 2703 926 2798 igitur
945 2704 1039 2775 velut
1061 2703 1198 2796 sepiens
1215 2700 1306 2772 lilius
1320 2710 1450 2796 petrem
1468 2701 1631 2792 letifices,

228 2823 405 2896 scientiam
420 2825 543 2919 diligas
561 2849 625 2900 uec
640 2827 826 2900 abhorreas
840 2825 1057 2922 disciplinam
1072 2847 1137 2897 nec
1152 2847 1267 2919 regem
1287 2847 1332 2898 ex
1349 2825 1496 2898 nominis
1514 2825 1635 2922 digni-

229 2956 296 3019 tate
312 2949 528 3023 solummodo
543 2950 605 3022 tibi
619 2953 691 3023 lore
704 2951 868 3040 sufficiat,
886 2947 949 3022 sed
965 2971 1011 3022 ex
1028 2949 1206 3044 regiminis
1221 2949 1346 3024 virtute
1364 2957 1540 3022 rectorem.

620 3288 997 3300 -—--------·----—-·-
1003 3291 1159 3300 --·-----·—-
1167 3293 1200 3300 a...
1207 3293 1214 3300 ι
1221 3294 1228 3300 .
1235 3293 1357 3301 ..-η-...-
1364 3295 1370 3300 .
1378 3293 1432 3304 ...ιι

606 3621 717 3684 ANNO
744 3621 842 3686 1239.
857 3655 899 3671 -
919 3623 1159 3686 tltulcrton's
1182 3624 1235 3688 12.

821 3859 860 3866 1——
865 3858 1045 3868 ——an--n-——u

285 4081 516 4189 Fridericus‚
545 4083 804 4168 Romanorum
834 4088 1052 4196 imperator,
1080 4090 1360 4174 universitatem
1388 4093 1636 4178 Avenionen-

238 4212 332 4298 sium
357 4213 528 4298 fidelium
555 4243 712 4299 sucrum
731 4246 819 4302 cum
846 4222 1026 4304 omnibus
1052 4248 1185 4306 eorum
1208 4224 1318 4308 bonis
1346 4226 1418 4310 sub
1443 4254 1513 4310 suu
1543 4256 1638 4338 pro-
1697 4219 1808 4273 ²²¹¹““³⁰·

237 4346 393 4442 tectione
409 4348 559 4457 recipit,
580 4351 750 4432 concedit
768 4361 810 4434 ut
828 4353 985 4461 imperio
1004 4364 1153 4438 tentum
1171 4355 1211 4437 in
1234 4357 1363 4468 aliquo
1385 4368 1584 4444 teneantur
1601 4373 1639 4444 et

239 4473 354 4560 bonus
371 4505 504 4564 eorum
523 4483 815 4566 consuetudines
832 4485 1044 4568 confirmat.

1694 4109 1812 4216 pist,

279 4675 318 4756 (a)
340 4678 387 4739 lte
400 4682 432 4740 ln
448 4680 598 4743 codicibus
612 4689 642 4743 et
654 4686 684 4744 ln
698 4687 840 4761 impresso
847 4705 857 4761 ς
871 4685 995 4748 furtasse
1007 4707 1091 4750 cono.
