4226 5900
212 603 310 663 Irtntcr.
330 598 389 682 lb]
657 597 857 660 HISTORIA
882 593 1177 658 sustollentes.
1568 599 1625 660 461

211 745 358 831 quenter
383 733 475 804 intro
497 733 549 805 tui
568 733 717 828 pectoris
735 733 883 808 archano
905 733 1091 808 revolvens
1115 736 1287 824 quatenns
1308 726 1410 801 dIctis
1430 732 1628 832 progenito-

210 858 308 932 ribus
321 856 391 930 tuis
409 877 456 930 ex
470 855 637 950 obsequio
653 856 807 930 Ecclesie
820 857 961 952 prestito
982 853 1099 928 leudis
1117 853 1236 924 titulus
1250 860 1285 926 et
1301 851 1441 926 honoris
1456 858 1625 950 accrevit,

211 981 384 1055 dictorum
398 979 656 1076 progenitorum
673 980 850 1054 excitatus
865 980 1043 1074 exemplo,
1062 975 1259 1072 Apostolice
1276 975 1376 1068 Sedi,
1392 976 1497 1050 Immo
1511 979 1582 1052 Deo
1595 991 1629 1052 et

211 1107 272 1180 toti
291 1105 419 1200 populo
437 1104 624 1177 cbrIstiano
641 1101 782 1176 illudio
801 1103 870 1176 hoc
886 1102 1031 1177 articulo
1051 1100 1233 1174 consilium
1249 1109 1284 1172 et
1300 1099 1471 1172 auxilinm
1488 1099 1629 1175 studeas

211 1229 378 1325 impertiri
405 1228 666 1324 propterquod
692 1228 729 1300 in
755 1228 871 1302 celesti
899 1226 1029 1324 palatio
1056 1233 1223 1321 perpetue
1245 1224 1409 1299 merearis
1432 1223 1627 1300 diademate

212 1353 320 1448 glorie
335 1352 504 1426 coronari.

261 1479 386 1549 Datum
415 1474 592 1568 Anagnis,
621 1475 684 1547 Xll
712 1473 880 1549 kalendas
906 1474 1125 1567 novembris,
1152 1470 1372 1570 pontificatus
1401 1473 1509 1545 nostri
1534 1493 1626 1546 anno

212 1598 475 1673 tertiodecimo.

446 1905 1047 1919 b——nn—ffl—Q--nm
1054 1907 1387 1920 ‘mam-

265 2214 487 2297 Mandetum
505 2213 554 2294 ad
568 2211 819 2322 justitiarium
837 2213 987 2322 Aprutii
1005 2223 1048 2296 ut
1069 2213 1353 2324 inquisitionem
1380 2216 1494 2302 locist
1511 2245 1624 2330 super
1682 2263 1797 2308 neum

211 2345 392 2429 omnihus
410 2371 509 2454 quse
529 2345 775 2430 continentur
803 2345 844 2426 in
863 2345 999 2430 cedula
1021 2355 1154 2430 contra
1177 2347 1363 2432 Gentilem
1390 2351 1438 2434 de
1457 2351 1624 2436 Grandi·
1656 2326 1823 2468 “geffiffi

210 2488 303 2562 nuto
324 2489 510 2586 pomectn.

294 2697 427 2781 (depost.
442 2701 545 2780 imper.
558 2697 679 2762 Fredrr.
693 2699 733 2776 11,
750 2700 804 2760 rol.
820 2709 856 2760 15
871 2706 968 2775 recto;
983 2701 1095 2762 lnedlt.
1111 2700 1249 2778 esrem,
1261 2721 1291 2781 p.
1306 2705 1390 2783 25⁴.)

260 2893 441 2968 Mandonte
470 2895 601 2966 domino
629 2897 825 2988 imperatore
856 2916 917 2988 per
949 2895 1146 2988 mapistrurn
1174 2849 1377 2970 Ilicccrdum
1401 2902 1441 2973 dc
1476 2905 1623 2998 Trajccto

211 3021 346 3114 scripsit
363 3021 514 3090 notorius
534 3021 695 3112 Repertus
713 3018 754 3088 dc
771 3014 934 3088 mmm.-

260 3143 475 3235 Fredericus,
489 3153 573 3231 etc,
584 3141 772 3235 justitiario
785 3141 935 3236 Aprutii,
951 3152 1017 3215 etc.
1028 3143 1194 3218 Cedulsm
1205 3147 1437 3221 continentem
1451 3153 1624 3246 quosdam

212 3289 379 3342 excessus
406 3277 524 3341 contra
546 3266 717 3340 Gentilem
743 3265 788 3338 de
818 3263 1034 3340 Grandineto
1063 3269 1206 3340 culmini
1231 3279 1347 3344 nostro
1367 3284 1541 3368 porectem
1562 3298 1624 3371 per

211 3392 396 3486 Rogsrium
411 3392 456 3465 de
469 3393 621 3464 Pollutrc
633 3390 697 3463 tibi
712 3389 891 3462 mictimus
905 3391 1032 3463 lictoris
1045 3393 1261 3486 presentibus
1276 3395 1508 3486 interclusam,
1525 3401 1623 3492 cujus

211 3513 337 3590 cedule
347 3537 411 3610 per
424 3515 540 3588 omniu
556 3515 703 3588 similem
723 3513 760 3584 in
780 3522 898 3586 nostro
919 3534 1056 3587 camera
1065 3516 1233 3606 jussimus
1248 3521 1461 3610 conserveri3
1484 3533 1518 3596 et
1540 3525 1624 3617 quin

212 3639 257 3714 de
289 3639 356 3735 hys
385 3639 548 3710 omnibus
578 3659 648 3732 que
678 3637 903 3710 continentur
924 3635 1053 3710 ibidem
1081 3659 1143 3734 per
1165 3648 1200 3711 te
1224 3641 1325 3735 plene
1350 3644 1439 3717 scire
1462 3646 1624 3720 volumus

210 3762 411 3854 veritatem,
437 3760 590 3834 fidelitati
614 3771 673 3834 tue
699 3761 929 3857 precipiendo
954 3761 1161 3834 mandamus
1180 3774 1352 3858 quatenus
1373 3768 1483 3862 ipsius
1501 3771 1624 3845 cedule

212 3885 395 3978 diligenter
419 3885 574 3979 inspecto
601 3893 737 3973 tenore,
772 3905 877 3979 super
904 3883 1067 3956 omnibus
1095 3907 1165 3978 que
1188 3889 1340 3961 continet
1366 3891 1624 3985 inquisitionem

211 4007 318 4081 lacios
336 4007 556 4102 diligentem,
583 4029 688 4100 quem
707 4005 853 4079 fideliter
875 4009 1064 4104 inscriptis
1083 4009 1257 4084 redactam
1278 4013 1345 4085 sub
1369 4015 1481 4109 sigillo
1504 4027 1564 4091 tuo
1578 4019 1625 4092 ad

211 4133 344 4205 curiam
362 4139 514 4203 nostram
528 4129 668 4203 studeas
684 4131 840 4202 celeriter
856 4131 1041 4205 destinare.

261 4257 383 4328 Datum
404 4255 440 4326 in
459 4253 580 4327 cestris
599 4273 709 4349 prope
728 4253 983 4346 Mediolanum,
1002 4257 1097 4329 XXII
1119 4258 1286 4350 octobrir,
1307 4259 1386 4332 XIII
1410 4260 1621 4336 Indictionis.

261 4381 354 4466 Ques
375 4379 510 4452 licterne
530 4376 660 4473 recepit
674 4377 840 4470 sigillatos
858 4377 951 4452 idem
966 4380 1127 4474 magister
1142 4382 1310 4476 Rogemus
1326 4383 1371 4458 de
1385 4385 1536 4460 Salerno.
