<?xml version="1.0" encoding="UTF-8"?>
<!DOCTYPE html PUBLIC "-//W3C//DTD XHTML 1.0 Transitional//EN"
    "http://www.w3.org/TR/xhtml1/DTD/xhtml1-transitional.dtd">
<html xmlns="http://www.w3.org/1999/xhtml" xml:lang="en" lang="en">
 <head>
  <title>
</title>
<meta http-equiv="Content-Type" content="text/html;charset=utf-8" />
  <meta name='ocr-system' content='tesseract 3.04.00' />
  <meta name='ocr-capabilities' content='ocr_page ocr_carea ocr_par ocr_line ocrx_word'/>
</head>
<body>
  <div class='ocr_page' id='page_1' title='image "./historiadiploma02fredgoog_0547.png"; bbox 0 0 4246 5906; ppageno 0'>
   <div class='ocr_carea' id='block_1_1' title="bbox 526 581 1929 665">
    <p class='ocr_par' dir='ltr' id='par_1_1' title="bbox 526 581 1929 665">
     <span class='ocr_line' id='line_1_1' title="bbox 526 581 1929 665; baseline 0.002 -23"><span class='ocrx_word' id='word_1_1' title='bbox 526 581 587 642; x_wconf 77' lang='grc'><strong>534</strong></span> <span class='ocrx_word' id='word_1_2' title='bbox 1022 582 1236 644; x_wconf 75' lang='lat' dir='ltr'><strong>rnrnstttct</strong></span> <span class='ocrx_word' id='word_1_3' title='bbox 1261 582 1435 644; x_wconf 75' lang='lat' dir='ltr'><strong>secoro!</strong></span> <span class='ocrx_word' id='word_1_4' title='bbox 1747 581 1828 665; x_wconf 75' lang='grc' dir='ltr'><strong>[Αιι.</strong></span> <span class='ocrx_word' id='word_1_5' title='bbox 1846 582 1929 646; x_wconf 72' lang='lat'><strong>1239.</strong></span> 
     </span>
    </p>
   </div>
   <div class='ocr_carea' id='block_1_2' title="bbox 520 717 2026 2766">
    <p class='ocr_par' dir='ltr' id='par_1_2' title="bbox 520 717 1931 2048">
     <span class='ocr_line' id='line_1_2' title="bbox 526 717 1931 812; baseline 0.002 -23"><span class='ocrx_word' id='word_1_6' title='bbox 526 717 656 790; x_wconf 92' lang='lat' dir='ltr'><strong>curiam</strong></span> <span class='ocrx_word' id='word_1_7' title='bbox 677 726 827 791; x_wconf 88' lang='lat' dir='ltr'><strong>nostram</strong></span> <span class='ocrx_word' id='word_1_8' title='bbox 844 717 944 812; x_wconf 91' lang='lat' dir='ltr'><strong>pleno</strong></span> <span class='ocrx_word' id='word_1_9' title='bbox 963 719 1044 810; x_wconf 85' lang='lat' dir='ltr'><strong>jnre</strong></span> <span class='ocrx_word' id='word_1_10' title='bbox 1067 717 1222 790; x_wconf 92' lang='lat' dir='ltr'><strong>noscitur</strong></span> <span class='ocrx_word' id='word_1_11' title='bbox 1243 718 1425 812; x_wconf 80' lang='lat' dir='ltr'><strong>pertinere.</strong></span> <span class='ocrx_word' id='word_1_12' title='bbox 1449 717 1536 790; x_wconf 89' lang='lat' dir='ltr'><strong>Cum</strong></span> <span class='ocrx_word' id='word_1_13' title='bbox 1558 717 1663 812; x_wconf 89' lang='lat' dir='ltr'><strong>igitur</strong></span> <span class='ocrx_word' id='word_1_14' title='bbox 1683 717 1753 812; x_wconf 88' lang='lat' dir='ltr'><strong>pati</strong></span> <span class='ocrx_word' id='word_1_15' title='bbox 1772 717 1931 792; x_wconf 89' lang='lat' dir='ltr'><strong>nolumus</strong></span> 
     </span>
     <span class='ocr_line' id='line_1_3' title="bbox 524 840 1931 937; baseline 0.001 -24"><span class='ocrx_word' id='word_1_16' title='bbox 524 840 620 936; x_wconf 94' lang='lat' dir='ltr'><strong>quod</strong></span> <span class='ocrx_word' id='word_1_17' title='bbox 633 843 713 934; x_wconf 85' lang='lat' dir='ltr'><strong>jura</strong></span> <span class='ocrx_word' id='word_1_18' title='bbox 731 841 826 914; x_wconf 88' lang='lat' dir='ltr'><strong>curie</strong></span> <span class='ocrx_word' id='word_1_19' title='bbox 843 849 957 914; x_wconf 91' lang='lat' dir='ltr'><strong>nostre</strong></span> <span class='ocrx_word' id='word_1_20' title='bbox 982 849 1163 914; x_wconf 91' lang='lat' dir='ltr'><strong>teneantur</strong></span> <span class='ocrx_word' id='word_1_21' title='bbox 1177 841 1223 914; x_wconf 90' lang='lat' dir='ltr'><strong>ab</strong></span> <span class='ocrx_word' id='word_1_22' title='bbox 1238 842 1316 914; x_wconf 88' lang='lat' dir='ltr'><strong>aliis</strong></span> <span class='ocrx_word' id='word_1_23' title='bbox 1329 850 1513 937; x_wconf 83' lang='lat' dir='ltr'><strong>occupata,</strong></span> <span class='ocrx_word' id='word_1_24' title='bbox 1535 841 1597 935; x_wconf 94' lang='lat' dir='ltr'><strong>qui</strong></span> <span class='ocrx_word' id='word_1_25' title='bbox 1618 841 1834 934; x_wconf 75' lang='lat' dir='ltr'>quibuslibet</span> <span class='ocrx_word' id='word_1_26' title='bbox 1846 843 1931 915; x_wconf 89' lang='lat' dir='ltr'><strong>sub-</strong></span> 
     </span>
     <span class='ocr_line' id='line_1_4' title="bbox 520 963 1930 1061; baseline 0.001 -23"><span class='ocrx_word' id='word_1_27' title='bbox 520 966 620 1058; x_wconf 89' lang='lat' dir='ltr'><strong>jeotIs</strong></span> <span class='ocrx_word' id='word_1_28' title='bbox 641 963 765 1037; x_wconf 89' lang='lat' dir='ltr'><strong>nostris</strong></span> <span class='ocrx_word' id='word_1_29' title='bbox 794 985 914 1037; x_wconf 91' lang='lat' dir='ltr'><strong>eorum</strong></span> <span class='ocrx_word' id='word_1_30' title='bbox 933 964 1102 1058; x_wconf 74' lang='lat' dir='ltr'><strong>iustitiam</strong></span> <span class='ocrx_word' id='word_1_31' title='bbox 1130 963 1292 1038; x_wconf 86' lang='lat' dir='ltr'><strong>volumus</strong></span> <span class='ocrx_word' id='word_1_32' title='bbox 1316 963 1530 1053; x_wconf 87' lang='lat' dir='ltr'><strong>conservari,</strong></span> <span class='ocrx_word' id='word_1_33' title='bbox 1555 963 1711 1037; x_wconf 87' lang='lat' dir='ltr'><strong>fidelitati</strong></span> <span class='ocrx_word' id='word_1_34' title='bbox 1735 974 1795 1038; x_wconf 90' lang='lat' dir='ltr'><strong>tue</strong></span> <span class='ocrx_word' id='word_1_35' title='bbox 1822 967 1930 1061; x_wconf 88' lang='lat' dir='ltr'><strong>preci·</strong></span> 
     </span>
     <span class='ocr_line' id='line_1_5' title="bbox 524 1087 1928 1184; baseline 0.001 -25"><span class='ocrx_word' id='word_1_36' title='bbox 524 1088 652 1183; x_wconf 91' lang='lat' dir='ltr'><strong>piendo</strong></span> <span class='ocrx_word' id='word_1_37' title='bbox 672 1089 878 1161; x_wconf 81' lang='lat' dir='ltr'><strong>mandamus</strong></span> <span class='ocrx_word' id='word_1_38' title='bbox 900 1097 1071 1182; x_wconf 88' lang='lat' dir='ltr'><strong>qnatenus</strong></span> <span class='ocrx_word' id='word_1_39' title='bbox 1088 1087 1135 1162; x_wconf 87' lang='lat' dir='ltr'><strong>ad</strong></span> <span class='ocrx_word' id='word_1_40' title='bbox 1158 1089 1271 1162; x_wconf 90' lang='lat' dir='ltr'><strong>Iocum</strong></span> <span class='ocrx_word' id='word_1_41' title='bbox 1294 1087 1410 1184; x_wconf 88' lang='lat' dir='ltr'><strong>ipsum</strong></span> <span class='ocrx_word' id='word_1_42' title='bbox 1432 1096 1468 1160; x_wconf 91' lang='lat' dir='ltr'><strong>te</strong></span> <span class='ocrx_word' id='word_1_43' title='bbox 1490 1088 1713 1182; x_wconf 70' lang='lat' dir='ltr'><strong>personaliter</strong></span> <span class='ocrx_word' id='word_1_44' title='bbox 1733 1090 1928 1177; x_wconf 83' lang='lat' dir='ltr'><strong>conferens,</strong></span> 
     </span>
     <span class='ocr_line' id='line_1_6' title="bbox 524 1210 1931 1306; baseline 0 -22"><span class='ocrx_word' id='word_1_45' title='bbox 524 1212 782 1306; x_wconf 79' lang='lat' dir='ltr'><strong>inquisitionem</strong></span> <span class='ocrx_word' id='word_1_46' title='bbox 798 1211 880 1285; x_wconf 92' lang='lat' dir='ltr'><strong>inde</strong></span> <span class='ocrx_word' id='word_1_47' title='bbox 900 1211 1006 1284; x_wconf 85' lang='lat' dir='ltr'><strong>laniae</strong></span> <span class='ocrx_word' id='word_1_48' title='bbox 1028 1211 1242 1306; x_wconf 73' lang='lat' dir='ltr'><strong>diligentem.</strong></span> <span class='ocrx_word' id='word_1_49' title='bbox 1261 1211 1419 1284; x_wconf 81' lang='lat' dir='ltr'><strong>AudIens</strong></span> <span class='ocrx_word' id='word_1_50' title='bbox 1438 1210 1681 1284; x_wconf 78' lang='lat' dir='ltr'><strong>nichilominus</strong></span> <span class='ocrx_word' id='word_1_51' title='bbox 1700 1219 1735 1283; x_wconf 89' lang='lat' dir='ltr'><strong>et</strong></span> <span class='ocrx_word' id='word_1_52' title='bbox 1750 1211 1931 1303; x_wconf 88' lang='lat' dir='ltr'><strong>diligenter</strong></span> 
     </span>
     <span class='ocr_line' id='line_1_7' title="bbox 524 1333 1930 1431; baseline 0.001 -24"><span class='ocrx_word' id='word_1_53' title='bbox 524 1334 716 1408; x_wconf 75' lang='lat' dir='ltr'><strong>adtendens</strong></span> <span class='ocrx_word' id='word_1_54' title='bbox 731 1337 811 1426; x_wconf 90' lang='lat' dir='ltr'><strong>jura</strong></span> <span class='ocrx_word' id='word_1_55' title='bbox 826 1357 896 1428; x_wconf 89' lang='lat' dir='ltr'><strong>qno</strong></span> <span class='ocrx_word' id='word_1_56' title='bbox 909 1333 1002 1406; x_wconf 91' lang='lat' dir='ltr'><strong>idem</strong></span> <span class='ocrx_word' id='word_1_57' title='bbox 1017 1333 1217 1430; x_wconf 81' lang='lat' dir='ltr'><strong>Raynaldus</strong></span> <span class='ocrx_word' id='word_1_58' title='bbox 1233 1333 1278 1407; x_wconf 93' lang='lat' dir='ltr'><strong>de</strong></span> <span class='ocrx_word' id='word_1_59' title='bbox 1292 1333 1412 1408; x_wconf 88' lang='lat' dir='ltr'><strong>ansio</strong></span> <span class='ocrx_word' id='word_1_60' title='bbox 1426 1355 1540 1407; x_wconf 87' lang='lat' dir='ltr'><strong>eoram</strong></span> <span class='ocrx_word' id='word_1_61' title='bbox 1555 1343 1590 1408; x_wconf 91' lang='lat' dir='ltr'><strong>te</strong></span> <span class='ocrx_word' id='word_1_62' title='bbox 1602 1335 1725 1431; x_wconf 88' lang='lat' dir='ltr'><strong>poterit</strong></span> <span class='ocrx_word' id='word_1_63' title='bbox 1737 1345 1930 1428; x_wconf 86' lang='lat' dir='ltr'><strong>presentare</strong></span> 
     </span>
     <span class='ocr_line' id='line_1_8' title="bbox 525 1457 1930 1555; baseline 0.001 -24"><span class='ocrx_word' id='word_1_64' title='bbox 525 1480 567 1531; x_wconf 88' lang='lat' dir='ltr'><strong>ac</strong></span> <span class='ocrx_word' id='word_1_65' title='bbox 583 1459 813 1533; x_wconf 81' lang='lat' dir='ltr'><strong>consideratis</strong></span> <span class='ocrx_word' id='word_1_66' title='bbox 833 1458 897 1555; x_wconf 80' lang='lat' dir='ltr'><strong>hys</strong></span> <span class='ocrx_word' id='word_1_67' title='bbox 919 1479 988 1553; x_wconf 89' lang='lat' dir='ltr'><strong>que</strong></span> <span class='ocrx_word' id='word_1_68' title='bbox 1008 1480 1070 1552; x_wconf 92' lang='lat' dir='ltr'><strong>per</strong></span> <span class='ocrx_word' id='word_1_69' title='bbox 1088 1457 1344 1552; x_wconf 87' lang='lat' dir='ltr'><strong>inquisitionem</strong></span> <span class='ocrx_word' id='word_1_70' title='bbox 1366 1457 1557 1550; x_wconf 86' lang='lat' dir='ltr'><strong>inveneris,</strong></span> <span class='ocrx_word' id='word_1_71' title='bbox 1577 1467 1613 1530; x_wconf 89' lang='lat' dir='ltr'><strong>et</strong></span> <span class='ocrx_word' id='word_1_72' title='bbox 1635 1459 1773 1550; x_wconf 88' lang='lat' dir='ltr'><strong>juribus</strong></span> <span class='ocrx_word' id='word_1_73' title='bbox 1794 1479 1930 1552; x_wconf 88' lang='lat' dir='ltr'><strong>posses-</strong></span> 
     </span>
     <span class='ocr_line' id='line_1_9' title="bbox 525 1581 1931 1676; baseline -0.001 -21"><span class='ocrx_word' id='word_1_74' title='bbox 525 1583 628 1668; x_wconf 83' lang='lat' dir='ltr'><strong>soris,</strong></span> <span class='ocrx_word' id='word_1_75' title='bbox 651 1582 680 1653; x_wconf 90' lang='lat' dir='ltr'><strong>si</strong></span> <span class='ocrx_word' id='word_1_76' title='bbox 698 1581 836 1674; x_wconf 87' lang='lat' dir='ltr'><strong>dejure</strong></span> <span class='ocrx_word' id='word_1_77' title='bbox 853 1583 948 1656; x_wconf 89' lang='lat' dir='ltr'><strong>curie</strong></span> <span class='ocrx_word' id='word_1_78' title='bbox 969 1591 1083 1654; x_wconf 89' lang='lat' dir='ltr'><strong>nostre</strong></span> <span class='ocrx_word' id='word_1_79' title='bbox 1097 1581 1159 1652; x_wconf 92' lang='lat' dir='ltr'><strong>tibi</strong></span> <span class='ocrx_word' id='word_1_80' title='bbox 1174 1581 1378 1669; x_wconf 87' lang='lat' dir='ltr'><strong>constiterit,</strong></span> <span class='ocrx_word' id='word_1_81' title='bbox 1398 1581 1597 1654; x_wconf 82' lang='lat' dir='ltr'><strong>strutiones</strong></span> <span class='ocrx_word' id='word_1_82' title='bbox 1615 1582 1820 1676; x_wconf 83' lang='lat' dir='ltr'><strong>possessoris</strong></span> <span class='ocrx_word' id='word_1_83' title='bbox 1836 1581 1931 1654; x_wconf 84' lang='lat' dir='ltr'><strong>inve-</strong></span> 
     </span>
     <span class='ocr_line' id='line_1_10' title="bbox 525 1703 1930 1801; baseline 0.001 -24"><span class='ocrx_word' id='word_1_84' title='bbox 525 1706 618 1778; x_wconf 87' lang='lat' dir='ltr'><strong>neris</strong></span> <span class='ocrx_word' id='word_1_85' title='bbox 635 1704 853 1792; x_wconf 87' lang='lat' dir='ltr'><strong>deficientes,</strong></span> <span class='ocrx_word' id='word_1_86' title='bbox 876 1703 1055 1801; x_wconf 89' lang='lat' dir='ltr'><strong>pheodum</strong></span> <span class='ocrx_word' id='word_1_87' title='bbox 1075 1705 1189 1800; x_wconf 89' lang='lat' dir='ltr'><strong>ipsum</strong></span> <span class='ocrx_word' id='word_1_88' title='bbox 1207 1703 1254 1778; x_wconf 88' lang='lat' dir='ltr'><strong>ad</strong></span> <span class='ocrx_word' id='word_1_89' title='bbox 1275 1727 1399 1778; x_wconf 88' lang='lat' dir='ltr'><strong>manus</strong></span> <span class='ocrx_word' id='word_1_90' title='bbox 1417 1705 1513 1778; x_wconf 91' lang='lat' dir='ltr'><strong>curie</strong></span> <span class='ocrx_word' id='word_1_91' title='bbox 1532 1713 1651 1778; x_wconf 87' lang='lat' dir='ltr'><strong>nostre</strong></span> <span class='ocrx_word' id='word_1_92' title='bbox 1671 1703 1811 1778; x_wconf 87' lang='lat' dir='ltr'><strong>studeas</strong></span> <span class='ocrx_word' id='word_1_93' title='bbox 1832 1727 1930 1780; x_wconf 82' lang='lat' dir='ltr'><strong>roro·</strong></span> 
     </span>
     <span class='ocr_line' id='line_1_11' title="bbox 526 1828 1931 1924; baseline 0 -24"><span class='ocrx_word' id='word_1_94' title='bbox 526 1850 621 1917; x_wconf 89' lang='lat' dir='ltr'><strong>care,</strong></span> <span class='ocrx_word' id='word_1_95' title='bbox 639 1830 689 1902; x_wconf 90' lang='lat' dir='ltr'><strong>sic</strong></span> <span class='ocrx_word' id='word_1_96' title='bbox 701 1829 856 1902; x_wconf 87' lang='lat' dir='ltr'><strong>studiose</strong></span> <span class='ocrx_word' id='word_1_97' title='bbox 869 1840 903 1900; x_wconf 91' lang='lat' dir='ltr'><strong>et</strong></span> <span class='ocrx_word' id='word_1_98' title='bbox 914 1829 1057 1902; x_wconf 89' lang='lat' dir='ltr'><strong>sollicite</strong></span> <span class='ocrx_word' id='word_1_99' title='bbox 1068 1849 1291 1924; x_wconf 87' lang='lat' dir='ltr'><strong>processurus</strong></span> <span class='ocrx_word' id='word_1_100' title='bbox 1306 1837 1346 1900; x_wconf 91' lang='lat' dir='ltr'><strong>nt</strong></span> <span class='ocrx_word' id='word_1_101' title='bbox 1358 1831 1417 1922; x_wconf 86' lang='lat' dir='ltr'><strong>jus</strong></span> <span class='ocrx_word' id='word_1_102' title='bbox 1432 1829 1527 1902; x_wconf 90' lang='lat' dir='ltr'><strong>curie</strong></span> <span class='ocrx_word' id='word_1_103' title='bbox 1545 1837 1661 1903; x_wconf 89' lang='lat' dir='ltr'><strong>nostre</strong></span> <span class='ocrx_word' id='word_1_104' title='bbox 1676 1828 1816 1924; x_wconf 91' lang='lat' dir='ltr'><strong>siquod</strong></span> <span class='ocrx_word' id='word_1_105' title='bbox 1831 1829 1931 1902; x_wconf 89' lang='lat' dir='ltr'><strong>habet</strong></span> 
     </span>
     <span class='ocr_line' id='line_1_12' title="bbox 526 1951 1302 2048; baseline -0.001 -22"><span class='ocrx_word' id='word_1_106' title='bbox 526 1975 587 2048; x_wconf 91' lang='lat' dir='ltr'><strong>per</strong></span> <span class='ocrx_word' id='word_1_107' title='bbox 602 1953 773 2026; x_wconf 87' lang='lat' dir='ltr'><strong>delectum</strong></span> <span class='ocrx_word' id='word_1_108' title='bbox 790 1975 859 2026; x_wconf 94' lang='lat' dir='ltr'><strong>non</strong></span> <span class='ocrx_word' id='word_1_109' title='bbox 870 1962 1045 2025; x_wconf 89' lang='lat' dir='ltr'><strong>remaneat</strong></span> <span class='ocrx_word' id='word_1_110' title='bbox 1057 1951 1302 2025; x_wconf 86' lang='lat' dir='ltr'><strong>indiscussum.</strong></span> 
     </span>
    </p>

    <p class='ocr_par' dir='ltr' id='par_1_3' title="bbox 574 2074 1603 2166">
     <span class='ocr_line' id='line_1_13' title="bbox 574 2074 1603 2166; baseline -0.002 -18"><span class='ocrx_word' id='word_1_111' title='bbox 574 2079 698 2148; x_wconf 88' lang='lat' dir='ltr'><strong>Datum</strong></span> <span class='ocrx_word' id='word_1_112' title='bbox 717 2077 898 2166; x_wconf 85' lang='lat' dir='ltr'><strong>Cremone,</strong></span> <span class='ocrx_word' id='word_1_113' title='bbox 914 2077 1038 2149; x_wconf 88' lang='lat' dir='ltr'>XXVII</span> <span class='ocrx_word' id='word_1_114' title='bbox 1057 2075 1274 2163; x_wconf 86' lang='lat' dir='ltr'><strong>novembris,</strong></span> <span class='ocrx_word' id='word_1_115' title='bbox 1298 2075 1375 2148; x_wconf 84' lang='lat' dir='ltr'>XIII</span> <span class='ocrx_word' id='word_1_116' title='bbox 1394 2074 1603 2149; x_wconf 87' lang='lat' dir='ltr'><strong>indictionis.</strong></span> 
     </span>
    </p>

    <p class='ocr_par' dir='ltr' id='par_1_4' title="bbox 527 2199 1930 2395">
     <span class='ocr_line' id='line_1_14' title="bbox 575 2199 1930 2294; baseline 0.001 -24"><span class='ocrx_word' id='word_1_117' title='bbox 575 2199 650 2284; x_wconf 89' lang='lat' dir='ltr'><strong>Que</strong></span> <span class='ocrx_word' id='word_1_118' title='bbox 672 2199 788 2272; x_wconf 87' lang='lat' dir='ltr'><strong>lictere</strong></span> <span class='ocrx_word' id='word_1_119' title='bbox 808 2200 978 2292; x_wconf 88' lang='lat' dir='ltr'><strong>assignate</strong></span> <span class='ocrx_word' id='word_1_120' title='bbox 1003 2207 1085 2272; x_wconf 91' lang='lat' dir='ltr'><strong>sunt</strong></span> <span class='ocrx_word' id='word_1_121' title='bbox 1103 2199 1270 2275; x_wconf 86' lang='lat' dir='ltr'><strong>Riocardo</strong></span> <span class='ocrx_word' id='word_1_122' title='bbox 1292 2199 1338 2272; x_wconf 87' lang='lat' dir='ltr'><strong>de</strong></span> <span class='ocrx_word' id='word_1_123' title='bbox 1357 2199 1602 2273; x_wconf 83' lang='lat' dir='ltr'><strong>Montqusoolo</strong></span> <span class='ocrx_word' id='word_1_124' title='bbox 1619 2199 1805 2292; x_wconf 88' lang='lat' dir='ltr'><strong>justitiario</strong></span> <span class='ocrx_word' id='word_1_125' title='bbox 1827 2199 1930 2294; x_wconf 90' lang='lat' dir='ltr'><strong>Capi-</strong></span> 
     </span>
     <span class='ocr_line' id='line_1_15' title="bbox 527 2321 645 2395; baseline -0.017 -1"><span class='ocrx_word' id='word_1_126' title='bbox 527 2321 645 2395; x_wconf 91' lang='lat' dir='ltr'><strong>tinate.</strong></span> 
     </span>
    </p>

    <p class='ocr_par' dir='ltr' id='par_1_5' title="bbox 527 2443 2026 2766">
     <span class='ocr_line' id='line_1_16' title="bbox 575 2443 2026 2541; baseline 0.001 -25"><span class='ocrx_word' id='word_1_127' title='bbox 575 2447 659 2519; x_wconf 90' lang='lat' dir='ltr'><strong>Item</strong></span> <span class='ocrx_word' id='word_1_128' title='bbox 683 2447 696 2517; x_wconf 95' lang='lat' dir='ltr'>I</span> <span class='ocrx_word' id='word_1_129' title='bbox 720 2446 809 2538; x_wconf 85' lang='lat' dir='ltr'><strong>junii</strong></span> <span class='ocrx_word' id='word_1_130' title='bbox 833 2446 988 2537; x_wconf 90' lang='lat' dir='ltr'><strong>ejusdem</strong></span> <span class='ocrx_word' id='word_1_131' title='bbox 1013 2445 1211 2520; x_wconf 90' lang='lat' dir='ltr'><strong>indictionis</strong></span> <span class='ocrx_word' id='word_1_132' title='bbox 1232 2446 1397 2541; x_wconf 87' lang='lat' dir='ltr'><strong>seriptum</strong></span> <span class='ocrx_word' id='word_1_133' title='bbox 1413 2457 1465 2520; x_wconf 90' lang='lat' dir='ltr'><strong>ost</strong></span> <span class='ocrx_word' id='word_1_134' title='bbox 1490 2447 1526 2519; x_wconf 94' lang='lat' dir='ltr'><strong>in</strong></span> <span class='ocrx_word' id='word_1_135' title='bbox 1552 2447 1673 2522; x_wconf 90' lang='lat' dir='ltr'><strong>eadem</strong></span> <span class='ocrx_word' id='word_1_136' title='bbox 1703 2449 1812 2521; x_wconf 84' lang='lat' dir='ltr'><strong>torma</strong></span> <span class='ocrx_word' id='word_1_137' title='bbox 1835 2447 1931 2520; x_wconf 87' lang='lat' dir='ltr'><strong>Petro</strong></span> <span class='ocrx_word' id='word_1_138' title='bbox 2022 2443 2026 2452; x_wconf 88' lang='grc'><strong>’</strong></span> 
     </span>
     <span class='ocr_line' id='line_1_17' title="bbox 527 2569 1932 2666; baseline 0.002 -25"><span class='ocrx_word' id='word_1_139' title='bbox 527 2569 684 2643; x_wconf 88' lang='lat' dir='ltr'><strong>Castaldo</strong></span> <span class='ocrx_word' id='word_1_140' title='bbox 700 2571 910 2664; x_wconf 88' lang='lat' dir='ltr'><strong>procuratori</strong></span> <span class='ocrx_word' id='word_1_141' title='bbox 931 2571 967 2640; x_wconf 93' lang='lat' dir='ltr'><strong>in</strong></span> <span class='ocrx_word' id='word_1_142' title='bbox 986 2571 1131 2664; x_wconf 86' lang='lat' dir='ltr'><strong>Apulia,</strong></span> <span class='ocrx_word' id='word_1_143' title='bbox 1149 2571 1232 2666; x_wconf 87' lang='lat' dir='ltr'><strong>quia</strong></span> <span class='ocrx_word' id='word_1_144' title='bbox 1249 2569 1449 2645; x_wconf 82' lang='lat' dir='ltr'><strong>Alexander</strong></span> <span class='ocrx_word' id='word_1_145' title='bbox 1469 2570 1562 2644; x_wconf 86' lang='lat' dir='ltr'><strong>tilius</strong></span> <span class='ocrx_word' id='word_1_146' title='bbox 1582 2570 1720 2646; x_wconf 86' lang='lat' dir='ltr'><strong>Henrici</strong></span> <span class='ocrx_word' id='word_1_147' title='bbox 1737 2580 1873 2645; x_wconf 91' lang='lat' dir='ltr'><strong>amotus</strong></span> <span class='ocrx_word' id='word_1_148' title='bbox 1889 2571 1932 2644; x_wconf 91' lang='lat' dir='ltr'><strong>ab</strong></span> 
     </span>
     <span class='ocr_line' id='line_1_18' title="bbox 527 2693 1054 2766; baseline 0.002 -1"><span class='ocrx_word' id='word_1_149' title='bbox 527 2693 640 2765; x_wconf 86' lang='lat' dir='ltr'><strong>officio</strong></span> <span class='ocrx_word' id='word_1_150' title='bbox 660 2714 727 2766; x_wconf 94' lang='lat' dir='ltr'><strong>non</strong></span> <span class='ocrx_word' id='word_1_151' title='bbox 748 2695 859 2766; x_wconf 87' lang='lat' dir='ltr'><strong>luerat</strong></span> <span class='ocrx_word' id='word_1_152' title='bbox 874 2703 1054 2766; x_wconf 84' lang='lat' dir='ltr'><strong>executus.</strong></span> 
     </span>
    </p>
   </div>
   <div class='ocr_carea' id='block_1_3' title="bbox 731 2993 1134 3002">
    <p class='ocr_par' dir='ltr' id='par_1_6' title="bbox 731 2993 1134 3002">
     <span class='ocr_line' id='line_1_19' title="bbox 731 2993 1134 3002; baseline 0 0"><span class='ocrx_word' id='word_1_153' title='bbox 731 2993 1134 3002; x_wconf 71' lang='lat'><strong>--—--—-——-.--—-—</strong></span> 
     </span>
    </p>
   </div>
   <div class='ocr_carea' id='block_1_4' title="bbox 360 3257 1933 3369">
    <p class='ocr_par' dir='ltr' id='par_1_7' title="bbox 360 3257 1933 3369">
     <span class='ocr_line' id='line_1_20' title="bbox 360 3257 1933 3369; baseline -0.001 -25"><span class='ocrx_word' id='word_1_154' title='bbox 360 3281 493 3369; x_wconf 40' lang='grc' dir='ltr'><strong>,πμ</strong></span> <span class='ocrx_word' id='word_1_155' title='bbox 579 3257 739 3341; x_wconf 88' lang='lat' dir='ltr'><strong>Litterae</strong></span> <span class='ocrx_word' id='word_1_156' title='bbox 759 3266 928 3366; x_wconf 86' lang='lat' dir='ltr'><strong>patentes</strong></span> <span class='ocrx_word' id='word_1_157' title='bbox 954 3267 992 3338; x_wconf 89' lang='lat' dir='ltr'><strong>et</strong></span> <span class='ocrx_word' id='word_1_158' title='bbox 1017 3257 1200 3339; x_wconf 87' lang='lat' dir='ltr'><strong>mandata</strong></span> <span class='ocrx_word' id='word_1_159' title='bbox 1231 3257 1279 3339; x_wconf 92' lang='lat' dir='ltr'><strong>de</strong></span> <span class='ocrx_word' id='word_1_160' title='bbox 1306 3257 1429 3340; x_wconf 90' lang='lat' dir='ltr'><strong>unciis</strong></span> <span class='ocrx_word' id='word_1_161' title='bbox 1458 3257 1542 3340; x_wconf 90' lang='lat' dir='ltr'><strong>auri</strong></span> <span class='ocrx_word' id='word_1_162' title='bbox 1569 3257 1860 3369; x_wconf 86' lang='lat' dir='ltr'><strong>quadringentis</strong></span> <span class='ocrx_word' id='word_1_163' title='bbox 1887 3263 1933 3343; x_wconf 88' lang='lat' dir='ltr'><strong>ad</strong></span> 
     </span>
    </p>
   </div>
   <div class='ocr_carea' id='block_1_5' title="bbox 526 3387 1932 3630">
    <p class='ocr_par' dir='ltr' id='par_1_8' title="bbox 526 3387 1932 3630">
     <span class='ocr_line' id='line_1_21' title="bbox 526 3387 1932 3504; baseline -0.001 -30"><span class='ocrx_word' id='word_1_164' title='bbox 526 3401 671 3474; x_wconf 87' lang='lat' dir='ltr'><strong>certum</strong></span> <span class='ocrx_word' id='word_1_165' title='bbox 696 3389 901 3471; x_wconf 88' lang='lat' dir='ltr'><strong>terminum</strong></span> <span class='ocrx_word' id='word_1_166' title='bbox 928 3387 1202 3482; x_wconf 80' lang='lat' dir='ltr'><strong>mercatoribus</strong></span> <span class='ocrx_word' id='word_1_167' title='bbox 1230 3387 1548 3472; x_wconf 88' lang='lat' dir='ltr'><strong>Cremonensibus</strong></span> <span class='ocrx_word' id='word_1_168' title='bbox 1577 3389 1842 3504; x_wconf 83' lang='lat' dir='ltr'><strong>assignandis,</strong></span> <span class='ocrx_word' id='word_1_169' title='bbox 1869 3395 1932 3502; x_wconf 87' lang='lat' dir='ltr'><strong>qui</strong></span> 
     </span>
     <span class='ocr_line' id='line_1_22' title="bbox 526 3519 1929 3630; baseline -0.001 -24"><span class='ocrx_word' id='word_1_170' title='bbox 526 3537 678 3608; x_wconf 86' lang='lat' dir='ltr'><strong>eentum</strong></span> <span class='ocrx_word' id='word_1_171' title='bbox 701 3521 818 3604; x_wconf 85' lang='lat' dir='ltr'><strong>libras</strong></span> <span class='ocrx_word' id='word_1_172' title='bbox 843 3519 1139 3604; x_wconf 88' lang='lat' dir='ltr'><strong>Venetianorum</strong></span> <span class='ocrx_word' id='word_1_173' title='bbox 1166 3545 1388 3630; x_wconf 86' lang='lat' dir='ltr'><strong>grossorum</strong></span> <span class='ocrx_word' id='word_1_174' title='bbox 1414 3522 1454 3603; x_wconf 94' lang='lat' dir='ltr'><strong>in</strong></span> <span class='ocrx_word' id='word_1_175' title='bbox 1472 3547 1623 3606; x_wconf 88' lang='lat' dir='ltr'><strong>camera</strong></span> <span class='ocrx_word' id='word_1_176' title='bbox 1649 3531 1929 3608; x_wconf 86' lang='lat' dir='ltr'><strong>mutuaverunt.</strong></span> 
     </span>
    </p>
   </div>
   <div class='ocr_carea' id='block_1_6' title="bbox 608 3727 1696 3814">
    <p class='ocr_par' dir='ltr' id='par_1_9' title="bbox 608 3727 1696 3814">
     <span class='ocr_line' id='line_1_23' title="bbox 608 3727 1696 3814; baseline -0.002 -20"><span class='ocrx_word' id='word_1_177' title='bbox 608 3733 735 3814; x_wconf 68' lang='lat' dir='ltr'><strong>(negat.</strong></span> <span class='ocrx_word' id='word_1_178' title='bbox 748 3731 850 3812; x_wconf 76' lang='lat' dir='ltr'><strong>torpor.</strong></span> <span class='ocrx_word' id='word_1_179' title='bbox 866 3727 984 3791; x_wconf 75' lang='lat' dir='ltr'><strong>Frader.</strong></span> <span class='ocrx_word' id='word_1_180' title='bbox 997 3729 1038 3805; x_wconf 87' lang='lat' dir='ltr'><strong>Il,</strong></span> <span class='ocrx_word' id='word_1_181' title='bbox 1053 3729 1106 3792; x_wconf 83' lang='lat' dir='ltr'><strong>iol.</strong></span> <span class='ocrx_word' id='word_1_182' title='bbox 1123 3737 1160 3790; x_wconf 80' lang='lat'><strong>29</strong></span> <span class='ocrx_word' id='word_1_183' title='bbox 1175 3745 1273 3804; x_wconf 86' lang='lat' dir='ltr'><strong>rerso;</strong></span> <span class='ocrx_word' id='word_1_184' title='bbox 1287 3733 1318 3790; x_wconf 94' lang='lat' dir='ltr'><strong>ln</strong></span> <span class='ocrx_word' id='word_1_185' title='bbox 1331 3729 1401 3790; x_wconf 92' lang='lat' dir='ltr'><strong>edlt.</strong></span> <span class='ocrx_word' id='word_1_186' title='bbox 1417 3729 1550 3807; x_wconf 74' lang='lat' dir='ltr'><strong>mres,</strong></span> <span class='ocrx_word' id='word_1_187' title='bbox 1565 3748 1595 3809; x_wconf 89' lang='lat' dir='ltr'><strong>p.</strong></span> <span class='ocrx_word' id='word_1_188' title='bbox 1612 3729 1696 3811; x_wconf 74' lang='grc'><strong>279.)</strong></span> 
     </span>
    </p>
   </div>
   <div class='ocr_carea' id='block_1_7' title="bbox 525 3892 1933 4746">
    <p class='ocr_par' dir='ltr' id='par_1_10' title="bbox 527 3892 1933 4128">
     <span class='ocr_line' id='line_1_24' title="bbox 575 3892 1933 4008; baseline 0.001 -24"><span class='ocrx_word' id='word_1_189' title='bbox 575 3917 622 3984; x_wconf 83' lang='lat' dir='ltr'><strong>lle</strong></span> <span class='ocrx_word' id='word_1_190' title='bbox 647 3913 802 3984; x_wconf 75' lang='lat' dir='ltr'><strong>modulo</strong></span> <span class='ocrx_word' id='word_1_191' title='bbox 831 3909 1004 4005; x_wconf 82' lang='lat' dir='ltr'><strong>imperiali</strong></span> <span class='ocrx_word' id='word_1_192' title='bbox 1030 3913 1119 4001; x_wconf 81' lang='lat' dir='ltr'><strong>sacto</strong></span> <span class='ocrx_word' id='word_1_193' title='bbox 1137 3933 1200 4002; x_wconf 83' lang='lat' dir='ltr'><strong>por</strong></span> <span class='ocrx_word' id='word_1_194' title='bbox 1223 3911 1421 4004; x_wconf 74' lang='lat' dir='ltr'><strong>magistrum</strong></span> <span class='ocrx_word' id='word_1_195' title='bbox 1442 3892 1613 3984; x_wconf 80' lang='lat' dir='ltr'><strong>Aldcrtom</strong></span> <span class='ocrx_word' id='word_1_196' title='bbox 1638 3915 1772 4008; x_wconf 80' lang='lat' dir='ltr'><strong>scripsit</strong></span> <span class='ocrx_word' id='word_1_197' title='bbox 1793 3911 1933 3986; x_wconf 72' lang='lat' dir='ltr'><strong>Jacobm</strong></span> 
     </span>
     <span class='ocr_line' id='line_1_25' title="bbox 527 4033 1359 4128; baseline -0.004 -20"><span class='ocrx_word' id='word_1_198' title='bbox 527 4037 566 4108; x_wconf 84' lang='lat' dir='ltr'><strong>de</strong></span> <span class='ocrx_word' id='word_1_199' title='bbox 585 4039 712 4107; x_wconf 81' lang='lat' dir='ltr'><strong>Bactra</strong></span> <span class='ocrx_word' id='word_1_200' title='bbox 726 4047 875 4128; x_wconf 82' lang='lat' dir='ltr'><strong>potentes</strong></span> <span class='ocrx_word' id='word_1_201' title='bbox 895 4035 1025 4104; x_wconf 78' lang='lat' dir='ltr'><strong>lictores</strong></span> <span class='ocrx_word' id='word_1_202' title='bbox 1042 4033 1080 4102; x_wconf 81' lang='lat' dir='ltr'><strong>in</strong></span> <span class='ocrx_word' id='word_1_203' title='bbox 1098 4035 1185 4104; x_wconf 80' lang='lat' dir='ltr'><strong>donc</strong></span> <span class='ocrx_word' id='word_1_204' title='bbox 1203 4035 1359 4106; x_wconf 84' lang='lat' dir='ltr'><strong>modum:</strong></span> 
     </span>
    </p>

    <p class='ocr_par' dir='ltr' id='par_1_11' title="bbox 525 4156 1932 4746">
     <span class='ocr_line' id='line_1_26' title="bbox 574 4156 1932 4253; baseline 0.001 -23"><span class='ocrx_word' id='word_1_205' title='bbox 574 4157 794 4248; x_wconf 87' lang='lat' dir='ltr'><strong>Fredericus,</strong></span> <span class='ocrx_word' id='word_1_206' title='bbox 813 4166 880 4231; x_wconf 90' lang='lat' dir='ltr'><strong>etc.</strong></span> <span class='ocrx_word' id='word_1_207' title='bbox 899 4157 1032 4229; x_wconf 87' lang='lat' dir='ltr'><strong>Tenore</strong></span> <span class='ocrx_word' id='word_1_208' title='bbox 1045 4156 1257 4251; x_wconf 87' lang='lat' dir='ltr'><strong>presentium</strong></span> <span class='ocrx_word' id='word_1_209' title='bbox 1275 4165 1430 4229; x_wconf 88' lang='lat' dir='ltr'><strong>notescat</strong></span> <span class='ocrx_word' id='word_1_210' title='bbox 1443 4157 1615 4231; x_wconf 84' lang='lat' dir='ltr'><strong>universis</strong></span> <span class='ocrx_word' id='word_1_211' title='bbox 1630 4159 1726 4253; x_wconf 91' lang='lat' dir='ltr'><strong>quod</strong></span> <span class='ocrx_word' id='word_1_212' title='bbox 1740 4160 1932 4234; x_wconf 82' lang='lat' dir='ltr'><strong>Bonilaoius</strong></span> 
     </span>
     <span class='ocr_line' id='line_1_27' title="bbox 526 4279 1929 4374; baseline -0.002 -17"><span class='ocrx_word' id='word_1_213' title='bbox 526 4283 571 4357; x_wconf 89' lang='lat' dir='ltr'><strong>de</strong></span> <span class='ocrx_word' id='word_1_214' title='bbox 588 4283 775 4354; x_wconf 86' lang='lat' dir='ltr'><strong>Albertano</strong></span> <span class='ocrx_word' id='word_1_215' title='bbox 794 4291 828 4353; x_wconf 92' lang='lat' dir='ltr'><strong>et</strong></span> <span class='ocrx_word' id='word_1_216' title='bbox 844 4279 992 4354; x_wconf 88' lang='lat' dir='ltr'><strong>Ozaldus</strong></span> <span class='ocrx_word' id='word_1_217' title='bbox 1017 4279 1062 4352; x_wconf 91' lang='lat' dir='ltr'><strong>de</strong></span> <span class='ocrx_word' id='word_1_218' title='bbox 1085 4279 1292 4374; x_wconf 88' lang='lat' dir='ltr'><strong>Fraganisoo</strong></span> <span class='ocrx_word' id='word_1_219' title='bbox 1312 4279 1405 4354; x_wconf 88' lang='lat' dir='ltr'><strong>cives</strong></span> <span class='ocrx_word' id='word_1_220' title='bbox 1426 4279 1669 4354; x_wconf 87' lang='lat' dir='ltr'><strong>Cremonenses</strong></span> <span class='ocrx_word' id='word_1_221' title='bbox 1691 4281 1811 4356; x_wconf 84' lang='lat' dir='ltr'><strong>fideles</strong></span> <span class='ocrx_word' id='word_1_222' title='bbox 1829 4283 1929 4356; x_wconf 88' lang='lat' dir='ltr'><strong>nostri</strong></span> 
     </span>
     <span class='ocr_line' id='line_1_28' title="bbox 525 4401 1931 4501; baseline 0.001 -24"><span class='ocrx_word' id='word_1_223' title='bbox 525 4413 770 4477; x_wconf 85' lang='lat' dir='ltr'><strong>mutuaverunt</strong></span> <span class='ocrx_word' id='word_1_224' title='bbox 795 4412 828 4474; x_wconf 90' lang='lat' dir='ltr'><strong>et</strong></span> <span class='ocrx_word' id='word_1_225' title='bbox 854 4403 1118 4495; x_wconf 85' lang='lat' dir='ltr'><strong>assignaverunt</strong></span> <span class='ocrx_word' id='word_1_226' title='bbox 1146 4401 1182 4474; x_wconf 95' lang='lat' dir='ltr'><strong>in</strong></span> <span class='ocrx_word' id='word_1_227' title='bbox 1212 4423 1347 4476; x_wconf 89' lang='lat' dir='ltr'><strong>camora</strong></span> <span class='ocrx_word' id='word_1_228' title='bbox 1376 4413 1493 4476; x_wconf 90' lang='lat' dir='ltr'><strong>nostra</strong></span> <span class='ocrx_word' id='word_1_229' title='bbox 1518 4401 1563 4478; x_wconf 89' lang='lat' dir='ltr'><strong>de</strong></span> <span class='ocrx_word' id='word_1_230' title='bbox 1586 4405 1785 4479; x_wconf 86' lang='lat' dir='ltr'><strong>Venetianis</strong></span> <span class='ocrx_word' id='word_1_231' title='bbox 1808 4408 1931 4501; x_wconf 79' lang='lat' dir='ltr'><strong>grossis</strong></span> 
     </span>
     <span class='ocr_line' id='line_1_29' title="bbox 526 4525 1930 4624; baseline 0.002 -25"><span class='ocrx_word' id='word_1_232' title='bbox 526 4529 629 4601; x_wconf 87' lang='lat' dir='ltr'><strong>libras</strong></span> <span class='ocrx_word' id='word_1_233' title='bbox 643 4537 779 4602; x_wconf 87' lang='lat' dir='ltr'><strong>centum</strong></span> <span class='ocrx_word' id='word_1_234' title='bbox 793 4527 980 4622; x_wconf 82' lang='lat' dir='ltr'><strong>pro&#39;unciis</strong></span> <span class='ocrx_word' id='word_1_235' title='bbox 997 4525 1073 4598; x_wconf 90' lang='lat' dir='ltr'><strong>auri</strong></span> <span class='ocrx_word' id='word_1_236' title='bbox 1089 4525 1355 4620; x_wconf 77' lang='lat' dir='ltr'><strong>quadringentis</strong></span> <span class='ocrx_word' id='word_1_237' title='bbox 1372 4526 1418 4600; x_wconf 90' lang='lat' dir='ltr'><strong>ad</strong></span> <span class='ocrx_word' id='word_1_238' title='bbox 1432 4531 1593 4622; x_wconf 87' lang='lat' dir='ltr'><strong>generale</strong></span> <span class='ocrx_word' id='word_1_239' title='bbox 1608 4529 1746 4624; x_wconf 90' lang='lat' dir='ltr'><strong>pondus</strong></span> <span class='ocrx_word' id='word_1_240' title='bbox 1762 4531 1874 4624; x_wconf 84' lang='lat' dir='ltr'><strong>regui,</strong></span> <span class='ocrx_word' id='word_1_241' title='bbox 1887 4529 1930 4604; x_wconf 90' lang='lat' dir='ltr'><strong>ad</strong></span> 
     </span>
     <span class='ocr_line' id='line_1_30' title="bbox 525 4649 1931 4746; baseline 0 -22"><span class='ocrx_word' id='word_1_242' title='bbox 525 4654 693 4725; x_wconf 88' lang='lat' dir='ltr'><strong>rationem</strong></span> <span class='ocrx_word' id='word_1_243' title='bbox 708 4651 872 4724; x_wconf 84' lang='lat' dir='ltr'><strong>videlicet</strong></span> <span class='ocrx_word' id='word_1_244' title='bbox 886 4651 1041 4745; x_wconf 92' lang='lat' dir='ltr'><strong>quinque</strong></span> <span class='ocrx_word' id='word_1_245' title='bbox 1054 4649 1240 4722; x_wconf 88' lang='lat' dir='ltr'><strong>solidorum</strong></span> <span class='ocrx_word' id='word_1_246' title='bbox 1258 4671 1319 4745; x_wconf 92' lang='lat' dir='ltr'><strong>per</strong></span> <span class='ocrx_word' id='word_1_247' title='bbox 1336 4650 1489 4745; x_wconf 87' lang='lat' dir='ltr'><strong>unciam,</strong></span> <span class='ocrx_word' id='word_1_248' title='bbox 1504 4650 1690 4746; x_wconf 90' lang='lat' dir='ltr'><strong>dequibus</strong></span> <span class='ocrx_word' id='word_1_249' title='bbox 1708 4655 1931 4728; x_wconf 81' lang='lat' dir='ltr'><strong>convenimus</strong></span> 
     </span>
    </p>
   </div>
   <div class='ocr_carea' id='block_1_8' title="bbox 0 0 2132 5906">
    <p class='ocr_par' dir='ltr' id='par_1_12' title="bbox 0 0 2132 5906">
     <span class='ocr_line' id='line_1_31' title="bbox 0 0 2132 5906; baseline 0 0"><span class='ocrx_word' id='word_1_250' title='bbox 0 0 2132 5906; x_wconf 95' lang='lat' dir='ltr'><strong> </strong></span> 
     </span>
    </p>
   </div>
  </div>
 </body>
</html>
