4246 5906
227 647 324 708 luurm.
343 641 403 728 la]
669 639 865 702 HISTORIA
892 637 1185 701 nlrtottltrtcll.
1571 639 1632 702 sta

228 793 262 854 et
280 777 526 854 restitutionem
551 777 697 871 pecunie
717 787 750 850 et
772 777 915 849 aliarum
937 793 1235 868 quarumcumque
1261 795 1375 846 rernm
1404 783 1439 846 et
1465 775 1632 848 mercium

228 907 274 978 ab
295 905 379 999 ipsis
402 901 521 975 amieis
542 909 577 972 et
598 899 760 973 fidelibus
782 901 952 972 illatarum
974 920 1037 994 per
1054 897 1246 994 predictum
1265 898 1481 970 ammiratum
1502 908 1537 970 et
1555 907 1633 972 sta-

228 1037 321 1101 tutos
342 1047 423 1100 suos
441 1023 621 1097 coercione
637 1023 792 1118 qualibet
813 1023 1070 1117 compellantur.
1095 1023 1138 1094 llt
1158 1023 1188 1094 si
1211 1023 1295 1094 torte
1321 1021 1387 1116 ipsi
1413 1020 1633 1114 fidejussores

227 1149 360 1246 prestiti
376 1145 620 1219 insufficientes
637 1155 672 1218 et
691 1167 759 1218 non
778 1139 937 1218 soluendi
953 1146 1096 1236 luerint,
1116 1144 1208 1216 idem
1224 1144 1424 1217 ammiratus
1441 1153 1549 1216 totum
1565 1143 1634 1216 de-

230 1274 359 1347 lectum
374 1279 410 1344 et
433 1267 708 1343 insufficientiam
731 1289 850 1342 eorum
881 1269 1041 1363 supplere
1066 1267 1111 1340 de
1136 1268 1208 1340 suis
1224 1268 1372 1362 propriis
1396 1275 1566 1358 tenentum
1588 1266 1635 1340 ad

228 1395 326 1492 quod
343 1416 380 1467 se
400 1393 593 1466 voluntarie
615 1391 794 1485 obligavit.
814 1390 850 1462 Si
875 1411 960 1462 vero
986 1391 1121 1484 aliquos
1146 1389 1190 1463 de
1216 1391 1340 1494 nostris
1365 1388 1525 1462 fidelibus
1543 1385 1633 1486 [per]

229 1519 347 1613 aliqua
361 1517 509 1590 vasoella
524 1517 718 1611 aliquarum
731 1515 1014 1589 communitatum
1029 1523 1063 1588 et
1079 1515 1279 1610 specialium
1294 1535 1520 1610 personamm
1536 1533 1637 1585 eom-

230 1642 437 1714 muuitatnm
456 1641 610 1734 ipsarum
634 1661 695 1734 per
715 1660 809 1711 mare
827 1637 995 1711 disrobari
1015 1646 1049 1709 et
1067 1637 1144 1732 capi
1163 1636 1386 1730 contingerit,
1406 1636 1587 1708 statuimus
1602 1643 1638 1709 et

231 1764 440 1860 precipimus
456 1762 553 1858 quod
576 1761 752 1859 predictus
768 1761 970 1834 ammiratus
989 1760 1268 1833 communitatem
1293 1780 1353 1832 seu
1376 1759 1638 1832 communitates

231 1889 309 1960 illas
330 1909 394 1982 per
417 1907 522 1981 quam
551 1905 612 1958 seu
641 1907 745 1979 quas,
776 1886 876 1977 cujus
908 1905 970 1958 seu
996 1907 1144 1979 quarum
1168 1883 1333 1980 speciales
1361 1903 1526 1978 personas
1553 1881 1638 1955 dicti

232 2009 353 2084 fideles
371 2009 480 2082 nostri
496 2029 592 2082 more
610 2008 754 2104 piratico
776 2029 839 2081 seu
865 2008 1037 2102 aliquavis
1062 2029 1167 2081 causa
1190 2007 1449 2081 disrobarentur
1472 2015 1509 2078 ct
1529 2027 1639 2100 cape-

232 2141 351 2205 rentur
367 2153 430 2226 per
448 2151 558 2222 mare,
581 2152 644 2226 per
666 2151 747 2202 snas
769 2131 899 2204 litteras
923 2132 1097 2226 requirere
1121 2132 1245 2205 debeat
1267 2139 1305 2202 ut
1327 2130 1452 2203 nostris
1477 2127 1639 2202 lidelibus

232 2254 384 2350 dampna
396 2255 506 2348 passis
524 2255 686 2339 vassalis,
705 2254 901 2350 pecuniam,
916 2275 1047 2326 merces
1062 2265 1098 2326 et
1113 2275 1232 2328 omnes
1247 2254 1333 2328 alias
1349 2275 1405 2327 res
1421 2275 1540 2326 eornm
1557 2273 1640 2348 pus-

234 2377 327 2451 dicto
344 2377 447 2450 modo
467 2377 598 2450 ablatas
614 2385 649 2448 et
666 2385 784 2470 captas
800 2377 980 2450 restituant
997 2398 1060 2450 seu
1080 2378 1214 2450 restitui
1232 2378 1374 2470 laeiaut;
1394 2386 1428 2450 et
1445 2378 1474 2450 si
1488 2375 1642 2474 predicte

233 2501 493 2573 communitates
507 2502 694 2572 volcarum
709 2501 837 2594 aliqua,
853 2501 1000 2596 receptis
1015 2502 1183 2573 ammirati
1197 2493 1330 2594 litteris,
1347 2500 1499 2595 predicta
1515 2500 1642 2573 damna

234 2623 395 2719 predictis
414 2623 540 2696 nostris
562 2622 724 2696 fidelibus
740 2623 918 2696 restituere
943 2633 978 2696 el
998 2626 1164 2697 resarcire
1181 2625 1419 2718 neglexerant,
1444 2624 1534 2696 idem
1561 2645 1643 2694 am-

234 2731 377 2816 miratus
393 2745 593 2817 auctoritate
610 2745 820 2839 presentium
835 2765 940 2840 super
957 2745 1057 2818 bonis
1077 2755 1111 2819 et
1128 2747 1232 2819 rebus
1253 2755 1287 2819 et
1307 2745 1351 2818 de
1370 2745 1471 2818 bonis
1488 2753 1523 2818 et
1536 2745 1643 2819 rebus

235 2867 489 2940 communitatis
511 2889 575 2940 sen
594 2867 876 2940 communitatum
896 2889 966 2962 que
980 2889 1042 2939 seo
1062 2869 1161 2960 cujus
1177 2867 1342 2961 speciales
1360 2887 1505 2962 persone
1524 2877 1641 2941 contra

234 2991 408 3086 predictos
431 2991 549 3064 fideles
572 3001 707 3064 nostros
728 2989 915 3088 predictam
938 2991 1204 3064 disrobationem
1229 3000 1263 3062 et
1288 2991 1466 3086 piraticam
1495 3011 1643 3064 exerce-

234 3113 320 3186 bant
341 3123 376 3186 et
396 3113 578 3188 emendam
595 3135 657 3186 sen
679 3115 928 3187 restitutionem
950 3116 1061 3186 facere
1080 3115 1325 3208 neglexerunt,
1345 3135 1416 3206 que
1431 3113 1642 3207 ubicumque

235 3258 298 3331 per
313 3258 461 3330 reguum
483 3247 637 3310 nostrum
654 3237 803 3310 inveniri
819 3245 999 3331 poterunt,
1021 3237 1172 3332 dampna
1190 3236 1343 3331 predicta
1370 3235 1533 3330 predictis
1558 3257 1643 3308 nos-

235 3359 297 3430 tris
324 3357 485 3431 fidelibus
509 3361 664 3432 restituat
690 3370 725 3432 et
753 3359 858 3432 iaciat
877 3360 1086 3454 integraliter
1111 3359 1281 3432 resarciri.
1308 3360 1474 3432 Volumus
1501 3359 1643 3454 insuper

235 3481 330 3576 quod
357 3480 541 3554 decausis
569 3491 603 3554 et
630 3483 869 3576 questionibus
897 3493 966 3554 tam
993 3455 1160 3555 civilibus
1182 3503 1285 3576 quarn
1310 3481 1543 3553 criminalibus
1572 3502 1642 3574 que

237 3600 348 3704 [fient]
367 3607 454 3678 inter
475 3606 631 3679 homines
653 3605 823 3700 generalis
843 3615 879 3678 et
894 3606 1052 3700 specialis
1072 3615 1200 3678 armate
1220 3613 1334 3679 nostre
1356 3613 1390 3678 et
1412 3604 1642 3699 quorumlibet

237 3728 465 3800 vascellorum
488 3728 730 3801 armandorum
746 3729 792 3802 ad
809 3729 1038 3802 exercendam
1060 3730 1257 3824 piraticam,
1283 3728 1374 3800 idem
1392 3729 1591 3800 ammiratus
1608 3737 1643 3801 et

238 3849 295 3921 ille
311 3871 415 3943 quem
430 3851 474 3924 ad
489 3851 645 3925 hocloco
659 3853 713 3923 sui
728 3853 883 3924 statuerit
897 3853 1083 3926 summarie
1097 3852 1287 3926 secundum
1301 3859 1427 3924 statum
1444 3859 1479 3924 et
1496 3871 1643 3925 eonsue-

238 3972 393 4044 tudinem
407 3984 537 4047 armate
552 3974 598 4047 ad
611 3975 737 4047 horum
756 3975 933 4047 arbitrium
951 3983 1133 4070 cognoscat
1146 3985 1179 4048 et
1192 3975 1338 4069 singulis
1355 3975 1643 4068 conquerentibus

234 4095 402 4188 justitiam
429 4097 662 4188 administret,
687 4120 792 4193 quam
823 4099 1051 4192 cognitionem
1078 4107 1238 4172 exerceat
1260 4107 1295 4170 et
1319 4098 1472 4171 exerceri
1496 4098 1596 4170 iaciat
1621 4119 1643 4171 a

238 4216 437 4310 quindecim
455 4217 579 4291 diebus
593 4219 629 4290 iu
646 4229 747 4292 autea
760 4229 943 4314 postquam
956 4221 1109 4315 predicta
1126 4230 1257 4295 armata
1269 4229 1304 4293 et
1316 4221 1463 4294 vasoolla
1477 4219 1643 4294 armanda

238 4339 403 4434 incipient
426 4341 582 4414 exbiberi
603 4363 716 4436 usque
733 4343 780 4416 ad
797 4343 995 4438 quindecim
1013 4344 1089 4418 dies
1111 4353 1291 4439 postquam
1312 4345 1461 4416 vasoella
1477 4345 1550 4438 ipsa
1566 4345 1642 4417 lue·

237 4463 308 4534 rint
331 4473 520 4536 exarmata.
542 4465 769 4538 Concedimus
785 4466 887 4538 etiam
910 4466 1023 4539 eidem
1045 4469 1225 4540 ammirato
1245 4466 1340 4562 quod
1359 4467 1516 4540 homines
1532 4467 1644 4563 depu-

239 4585 299 4658 tati
314 4594 349 4657 el
362 4584 552 4680 deputandi
576 4587 622 4660 ad
638 4589 778 4662 seruitia
792 4590 898 4661 nostri
921 4590 1126 4662 tarsiouatus
1153 4591 1197 4682 de
1219 4589 1458 4684 questionibus
1480 4590 1643 4664 civilibus

239 4717 274 4781 et
294 4708 526 4783 criminalibus
546 4712 719 4784 actoribus
737 4734 798 4786 seu
815 4713 1072 4787 accusatoribus
1095 4735 1210 4787 coram
1233 4711 1388 4808 predicto
1407 4713 1589 4787 ammirato
1609 4724 1644 4788 et
