4242 5904
499 599 560 662 234
999 607 1212 670 rnrosalct
1237 604 1407 668 sacottot
1718 601 1799 680 [Aua.
1818 599 1903 662 1238.

499 731 625 807 dicitur
640 734 806 820 Quintum
822 736 919 831 quod
939 739 975 810 in
991 760 1057 812 suo
1071 741 1209 835 excepit
1227 739 1408 835 privilegio
1427 758 1516 810 avus
1534 744 1650 810 noster
1668 734 1843 832 predictus
1860 732 1906 808 ds

497 855 566 929 biis
580 878 649 951 que
662 858 863 933 Guillelmus
879 861 924 934 de
942 862 1093 936 Pictaviu
1116 863 1266 936 babebat
1286 864 1323 936 in
1340 862 1539 957 episcopato
1553 859 1691 951 Dianai,
1707 869 1741 934 et
1754 880 1796 934 ea
1813 857 1905 932 idem

498 1001 586 1053 avus
604 993 719 1053 noster
739 1004 802 1077 per
817 985 1043 1082 prescriptum
1068 986 1289 1081 privilegium
1307 1007 1408 1058 suum
1427 985 1571 1058 ecclesie
1589 983 1705 1056 Diensi
1721 980 1902 1054 concessit.

498 1104 737 1178 Concessimus
756 1105 858 1180 etiam
880 1111 1011 1202 pretato
1027 1111 1206 1183 Desiderio
1222 1109 1383 1206 episcopo
1401 1117 1435 1182 et
1452 1109 1561 1203 gratia
1579 1108 1633 1179 sui
1649 1105 1904 1180 successoribus

497 1227 570 1299 sois
587 1239 625 1299 ut
640 1239 789 1300 castrum
806 1230 841 1301 in
857 1232 971 1304 Monte
987 1233 1243 1326 Pedonisjuxta
1254 1235 1414 1307 Diensem
1433 1233 1607 1305 civitatem
1622 1229 1730 1302 tibere
1744 1239 1779 1302 et
1789 1231 1905 1322 quiete

378 1349 380 1356 ⁴
495 1349 686 1446 possideret
706 1361 741 1424 et
762 1361 879 1426 contra
895 1355 1063 1428 violentas
1079 1357 1271 1452 predonum
1297 1357 1533 1430 infestationes
1557 1365 1592 1428 et
1608 1354 1762 1426 insolitas
1786 1362 1904 1449 tyran·

495 1497 621 1547 norum
643 1477 843 1550 exactiones
867 1479 981 1574 ipsum
1010 1490 1157 1553 castrum
1185 1491 1287 1576 prout
1312 1483 1419 1554 vellet
1444 1479 1605 1554 edificare
1628 1479 1695 1550 sibi
1726 1477 1844 1550 liceret
1869 1486 1905 1548 et

494 1600 642 1672 munire.
660 1599 897 1674 concessimus
921 1613 1075 1696 preterea
1102 1613 1141 1676 ut
1162 1605 1247 1676 uuiti
1264 1604 1444 1677 hominum
1468 1605 1571 1676 liceat
1594 1601 1771 1696 acquirere
1799 1599 1904 1672 ieuda

495 1723 650 1816 ejusdem
662 1725 815 1821 episcopi
833 1737 868 1798 et
885 1728 1029 1801 ecclesie
1039 1749 1102 1800 sue
1116 1729 1183 1800 nisi
1197 1727 1340 1800 consilio
1351 1737 1386 1800 et
1399 1727 1621 1822 permissione
1638 1747 1701 1798 sua
1716 1734 1752 1797 et
1766 1745 1904 1797 sucoss-

494 1868 610 1920 sorum
624 1866 781 1935 suorum,
799 1857 834 1920 et
849 1859 888 1919 ut
907 1848 952 1922 ds
964 1859 1079 1922 nostra
1092 1849 1232 1944 speciali
1249 1849 1452 1922 liberalitate
1469 1847 1652 1942 gauderet,
1674 1845 1904 1918 concessimus

494 1968 560 2042 sibi
588 1978 623 2042 et
646 1971 902 2044 successoribus
928 1972 1002 2042 suis
1031 1981 1068 2042 ut
1090 1973 1125 2043 in
1156 1983 1226 2046 toto
1249 1993 1367 2044 mense
1398 1971 1536 2065 augusti
1560 1971 1596 2040 iu
1623 1969 1740 2041 Diensi
1766 1967 1904 2040 civitate

494 2094 580 2166 nulii
597 2094 713 2166 liceret
725 2093 847 2166 vinnm
864 2094 1035 2187 vendere,
1049 2095 1115 2168 nisi
1132 2096 1199 2168 sibi
1217 2096 1281 2168 soli
1299 2093 1600 2168 etsuccsssoribus
1619 2092 1691 2165 suis
1710 2092 1767 2165 vei
1782 2091 1832 2162 ilii
1846 2090 1903 2162 cui

493 2216 756 2291 distrahendum
766 2217 1000 2290 mandaretur.
1011 2218 1249 2292 Concessimus
1259 2219 1362 2291 etiam
1374 2225 1414 2289 ut
1423 2217 1728 2312 quocienscunque
1738 2236 1801 2310 pro
1809 2212 1903 2286 utili·

493 2352 562 2414 tots
576 2365 639 2415 sua
658 2351 692 2415 et
708 2343 852 2415 ecclesie
868 2365 932 2415 sue
947 2342 992 2416 ad
1012 2344 1216 2438 presentiam
1233 2353 1385 2416 nostram
1400 2341 1591 2428 accederet,
1605 2340 1681 2435 ipse
1696 2340 1752 2411 vei
1765 2357 1903 2410 soooes·

492 2487 588 2539 sores
599 2466 667 2558 sui,
682 2467 736 2541 vel
752 2489 773 2538 u
789 2466 889 2538 nobis
902 2477 996 2538 anta
1013 2467 1271 2540 successoribus
1284 2467 1408 2540 nostris
1420 2473 1613 2553 vocaretur,
1625 2459 1825 2558 provideret
1836 2460 1903 2532 sibi

492 2591 628 2662 Dicusis
661 2590 785 2662 civitas
816 2590 852 2661 in
880 2592 1054 2684 expensis.
1090 2592 1246 2666 Preteroa
1274 2591 1399 2664 vallem
1430 2589 1476 2661 ds
1506 2589 1638 2660 Torena
1667 2593 1702 2658 at
1729 2583 1904 2678 quidquid

492 2712 616 2784 nobilis
637 2712 760 2784 mulier
777 2712 917 2786 {merda
935 2713 970 2784 in
991 2713 1189 2808 episcopatu
1210 2713 1326 2786 Diensi
1348 2712 1485 2786 tenebat
1503 2720 1539 2784 et
1561 2707 1730 2805 quioquid
1751 2706 1813 2779 filii
1829 2709 1904 2800 ejus

492 2836 529 2906 in
555 2835 676 2908 eodem
701 2835 845 2930 adipisci
872 2845 1025 2931 possent,
1049 2837 1233 2932 sicutipse
1255 2857 1369 2908 coram
1394 2834 1637 2930 predecessore
1661 2853 1726 2904 sno
1743 2831 1904 2904 Umberto

491 2960 692 3052 recognovit
710 2960 746 3030 iu
765 2959 836 3032 vitu
853 2969 965 3032 suaet
985 2961 1089 3032 etiam
1107 2983 1220 3034 coram
1242 2981 1297 3050 eo,
1317 2969 1353 3032 et
1370 2968 1489 3056 postea
1508 2957 1569 3029 iiiii
1582 2959 1657 3050 ejus
1669 2936 1747 3052 post
1760 2967 1902 3028 mortem

491 3083 610 3155 matris
625 3104 739 3158 coram
757 3084 831 3178 ipso
844 3084 992 3156 confessi
1010 3093 1111 3175 sunt,
1129 3083 1174 3157 de
1188 3083 1342 3158 dominio
1358 3105 1422 3156 suo
1436 3103 1512 3154 esse
1523 3081 1700 3152 voluimus
1712 3089 1746 3151 et
1763 3099 1903 3152 conces·

492 3204 599 3278 simus
616 3217 651 3278 et
667 3206 781 3278 sibiet
798 3206 1053 3278 successoribus
1069 3207 1141 3279 suis
1157 3209 1236 3300 jure
1253 3215 1418 3300 perpetuo
1437 3203 1700 3293 confirmamus,
1720 3212 1823 3296 prout
1839 3201 1904 3272 bec

491 3327 609 3400 omnia
623 3328 658 3400 in
673 3327 795 3400 eodem
809 3327 994 3422 privilegio
1006 3339 1122 3400 nostro
1137 3329 1271 3423 planius
1284 3328 1501 3400 continentur
1518 3323 1615 3420 qood
1634 3336 1708 3396 erat
1723 3324 1902 3418 scriptum,

466 3495 469 3502 ·
492 3451 727 3547 prosignatum
750 3461 786 3524 et
801 3451 1042 3541 subsignatum
1059 3453 1126 3524 sub
1144 3473 1185 3524 ea
1207 3453 1314 3524 torma
1330 3473 1392 3546 per
1408 3451 1524 3524 omnia
1545 3449 1611 3521 sub
1633 3469 1703 3542 qua
1723 3445 1905 3542 privilegia

492 3585 607 3647 nostra
621 3575 711 3648 eirca
725 3584 860 3670 tempus
872 3575 990 3665 scribi,
1005 3575 1196 3670 prosignari
1211 3585 1245 3647 at
1260 3575 1455 3668 subsignari
1467 3580 1773 3661 consueverunt,et
1787 3571 1904 3664 ipsum

492 3697 587 3770 bulis
605 3719 710 3770 aurea
729 3699 914 3790 mejestatis
930 3707 1045 3771 nestra
1060 3699 1205 3771 fecimus
1224 3699 1440 3770 communiri.
1463 3699 1562 3769 Nunc
1577 3697 1694 3790 itaque
1716 3716 1779 3766 nos
1798 3695 1903 3766 etiam

492 3819 553 3914 qui
564 3819 747 3892 Dominum
760 3819 928 3894 babemus
939 3843 1001 3916 pre
1012 3822 1121 3893 oculis
1130 3832 1165 3893 et
1176 3821 1236 3893 Dei
1249 3821 1375 3894 eclesia
1430 3819 1728 3892 aeecclesiastioas
1742 3837 1905 3913 personas

491 3943 602 4037 ipsius
615 3943 740 4015 intuitu
753 3966 794 4016 ac
809 3944 1020 4018 humanitate
1038 3945 1137 4017 nobis
1153 3955 1359 4040 suggerente
1375 3946 1545 4034 fovemus,
1566 3941 1782 4016 attendentes
1798 3937 1903 4011 fidem

491 4087 614 4162 puram
628 4076 662 4138 et
675 4067 902 4140 devocionem
916 4070 1085 4144 sinceram
1103 4091 1209 4163 quam
1223 4069 1338 4142 dictus
1352 4067 1563 4142 Hnmbsrtus
1576 4067 1759 4162 episcopus
1772 4062 1818 4136 ad
1829 4083 1904 4133 ma-

488 4180 621 4284 jestatis
631 4201 746 4264 nostre
756 4213 935 4287 personam
946 4203 981 4266 et
989 4195 1174 4290 imperium
1185 4215 1320 4267 sacrum
1331 4193 1448 4283 babet,
1462 4193 1569 4288 ipsius
1578 4211 1718 4285 quoque
1730 4185 1904 4283 supplicu-

490 4313 642 4388 tionibus
653 4313 817 4404 inclinati,
830 4325 900 4390 tum
911 4317 1183 4415 suprascriptum
1193 4317 1411 4412 privilegium
1421 4315 1583 4390 antedicti
1598 4309 1814 4409 imperatoris
1824 4309 1905 4381 Fre-

491 4436 693 4542 derici'divi
714 4441 925 4534 angustiari
942 4443 1049 4516 nostri
1067 4441 1183 4513 inclita
1207 4441 1451 4514 recordatiouis
1476 4439 1521 4512 de
1547 4438 1655 4511 verbo
1684 4435 1730 4509 ad
1755 4433 1902 4507 verbum

489 4581 594 4657 quam
619 4571 654 4634 et
676 4571 827 4636 tenorem
845 4566 1023 4638 memorati
1045 4565 1217 4660 privilegii
1242 4564 1349 4638 nostri
1370 4585 1440 4660 qne
1463 4561 1597 4636 dudum
1616 4559 1733 4632 Diensi
1758 4555 1903 4630 ecclesie

488 4685 671 4760 liberaliter
682 4685 816 4760 indulta
825 4689 975 4783 suerunt,
987 4689 1070 4761 bnic
1083 4688 1263 4783 privilegio
1273 4699 1389 4762 nostro
1401 4685 1696 4780 inserijusaimus,
1708 4681 1824 4756 omnia
1835 4699 1904 4774 que
