4228 5892
218 601 318 664 lenter.
336 601 398 680 la]
665 599 861 662 HISTORIA
887 598 1184 661 nlrlotttlrlctt.
1564 591 1624 653 393

131 749 135 757 '
218 734 347 828 quibus
365 735 430 805 boc
445 733 579 805 luerita
594 732 734 805 domino
753 755 843 828 papa
860 734 1093 806 commissum.
1113 735 1232 806 Postea
1252 752 1335 803 vero
1354 731 1410 801 ille
1428 727 1485 800 vel
1500 728 1548 798 illi
1563 727 1624 821 qui

217 881 280 953 pro
308 868 460 952 tempore
486 869 647 950 preerunt
675 879 735 950 per
763 855 872 930 dictos
900 857 1025 929 ducem
1057 867 1092 929 et
1116 875 1261 928 comune
1287 865 1322 926 et
1341 873 1460 924 omnes
1483 851 1531 921 illi
1555 860 1624 921 tam

217 981 340 1053 Veneti
355 1003 460 1074 quam
477 979 535 1051 alii
553 980 614 1072 qui
628 979 782 1052 habitant
801 982 856 1053 vel
869 980 1076 1051 habitabunt
1094 980 1130 1051 in
1148 979 1231 1050 locis
1249 978 1388 1072 prelatis
1400 977 1517 1067 jurent
1532 973 1626 1046 lide-

218 1105 348 1178 litatem
371 1103 470 1194 duci,
489 1101 651 1176 fidelitate
676 1100 806 1174 domini
831 1125 921 1197 papo
946 1113 980 1175 ot
998 1103 1149 1176 Ecclesia
1173 1104 1323 1174 Romane
1347 1101 1382 1171 in
1409 1097 1570 1170 omnibus
1592 1106 1626 1168 et

218 1227 416 1323 peremnia
437 1247 573 1321 semper
594 1227 701 1297 salva.
724 1227 808 1298 ltem
828 1227 1056 1322 promittimus
1079 1248 1140 1320 per
1165 1224 1418 1320 stipulationem
1434 1230 1470 1304 et
1496 1240 1627 1293 conve·

219 1353 337 1424 nimus
354 1351 491 1424 nomine
514 1359 549 1424 et
569 1352 648 1423 vice
667 1351 898 1445 predictorum
922 1352 1022 1425 ducis
1043 1361 1078 1424 et
1104 1350 1259 1424 comunis
1284 1349 1401 1422 omnia
1429 1346 1628 1442 supradicta

220 1477 259 1547 in
281 1476 415 1548 statutis
435 1475 511 1548 sive
528 1477 705 1569 quaternis
726 1477 763 1546 in
783 1476 911 1570 quibus
935 1477 1200 1548 consuetudines
1225 1474 1374 1546 civitatis
1397 1472 1537 1544 Venetia
1560 1471 1625 1542 ba-

220 1598 359 1688 bentur,
382 1619 469 1691 quas
486 1598 631 1691 quilibet
645 1597 720 1670 dux
732 1599 926 1689 juramento
944 1620 1083 1672 servare
1099 1609 1250 1688 tenetur,
1266 1617 1391 1692 ponere
1409 1617 1473 1668 nec
1490 1615 1531 1667 ea
1546 1592 1629 1666 inde

221 1721 353 1813 delere,
376 1731 411 1792 et
427 1721 524 1814 quod
542 1720 616 1793 dux
632 1721 693 1814 qni
715 1742 808 1792 nuno
831 1732 882 1793 est
904 1731 938 1794 et
955 1723 1102 1816 quilibet
1123 1723 1210 1794 alius
1227 1723 1303 1794 dux
1318 1721 1378 1815 qui
1399 1741 1460 1814 pro
1478 1729 1631 1813 tempore

222 1844 327 1916 fuerit
343 1852 497 1938 tompore
512 1844 687 1917 electionis
704 1865 766 1916 sue
781 1845 911 1937 jurabit
925 1868 962 1917 se
979 1847 1093 1917 omnia
1112 1845 1267 1939 prediola
1283 1853 1317 1917 et
1332 1843 1468 1937 singula
1490 1841 1631 1914 firmiter

221 1975 451 2054 servaturum.
467 1967 538 2039 llec
551 1976 666 2040 antem
681 1967 960 2062 omniapredicta
971 1979 1005 2041 et
1019 1969 1155 2061 singula
1167 1969 1361 2061 juravimus
1376 1967 1421 2040 ad
1437 1975 1552 2038 sancta
1568 1965 1630 2036 Dei

222 2089 412 2182 Evangelia
425 2089 461 2159 in
478 2089 659 2162 animabus
671 2089 903 2184 predictorum
917 2089 1015 2162 ducis
1026 2101 1061 2162 et
1074 2092 1229 2162 comunis
1241 2091 1430 2180 attendere,
1446 2087 1633 2182 adimplere

225 2220 261 2284 et
275 2211 417 2285 tirmiter
427 2214 610 2314 obseruare
623 2223 658 2285 et
670 2214 764 2285 nullo
773 2224 924 2309 tempore
935 2216 1186 2287 contravenire.
1197 2216 1308 2287 l'enor
1318 2223 1431 2286 autem
1446 2215 1633 2286 litterarum

224 2335 473 2428 procurationis
488 2345 523 2408 et
535 2336 735 2432 syndieatus
752 2359 899 2430 quarum
916 2347 968 2410 ast
985 2338 1100 2410 habita
1114 2339 1274 2433 superius
1294 2338 1441 2426 mentio,
1459 2337 1536 2408 talis
1555 2347 1631 2409 est:

274 2461 343 2530 Nos
366 2459 513 2532 lacobus
536 2461 728 2554 Teupolus‚
754 2461 816 2532 Dei
838 2461 948 2554 gratia
974 2461 1132 2544 Venetia,
1157 2461 1323 2533 Dalmatia
1351 2474 1456 2552 atque
1477 2459 1634 2532 Chroatie

226 2580 320 2670 dux,
340 2580 501 2654 dominus
519 2592 640 2676 quarte
654 2583 759 2676 partis
775 2593 810 2656 et
827 2583 970 2658 dimidie
985 2585 1088 2656 totius
1105 2583 1239 2678 imperii
1256 2583 1431 2671 Romame,
1458 2593 1492 2656 ot
1518 2583 1636 2655 consi-

226 2705 311 2776 lium
339 2705 536 2779 ordinatum
566 2729 628 2800 per
656 2729 803 2781 comune
830 2709 978 2781 civitatis
1004 2709 1136 2780 Veneto
1165 2707 1312 2802 presenti
1340 2707 1465 2801 scripto
1492 2708 1637 2779 latemur

226 2829 290 2899 nos
318 2827 448 2900 vidisse
474 2839 509 2900 et
539 2830 607 2924 legi
638 2830 778 2904 audisse
809 2841 930 2926 pacta,
961 2832 1203 2926 promissiones
1233 2839 1266 2903 et
1293 2831 1539 2903 conventiones
1567 2851 1637 2925 que

227 2951 390 3024 dominus
410 2952 588 3047 Philippus
604 2954 869 3046 vicedominus,
886 2963 1037 3049 potestas
1052 2955 1250 3045 laudensis,
1267 2953 1421 3043 decreto,
1439 2954 1638 3026 auctoritate

228 3083 263 3146 et
280 3075 493 3169 beneplacito
509 3077 643 3149 consilii
667 3079 848 3150 Januensis
869 3079 949 3149 lecit
973 3086 1007 3149 et
1025 3076 1173 3149 firmavit
1201 3098 1280 3148 cum
1302 3077 1465 3166 magistro
1489 3076 1638 3148 Berardo

228 3195 441 3298 subdiacono
457 3211 492 3271 et
510 3201 642 3272 notario
665 3197 797 3273 domini
821 3223 907 3296 pape
929 3201 1124 3296 Apostolice
1140 3199 1239 3273 Sedis
1262 3201 1384 3272 nuntio
1403 3199 1448 3272 ad
1470 3199 1537 3270 hoe
1561 3221 1639 3294 spe·

229 3320 359 3394 cialiter
376 3320 562 3413 destinato,
589 3324 775 3419 recipiente
793 3326 933 3397 nomine
949 3335 983 3397 et
999 3325 1077 3396 vice
1093 3322 1224 3396 domini
1240 3343 1330 3416 pape
1348 3331 1382 3394 et
1405 3322 1555 3394 Ecclesie
1569 3323 1636 3394 llo·

230 3464 348 3535 mane,
374 3466 479 3538 super
499 3446 605 3539 galeis
629 3457 663 3519 et
685 3447 835 3519 navibus
860 3447 1034 3520 armandis
1057 3457 1092 3518 et
1114 3445 1329 3518 destinandis
1352 3447 1387 3516 in
1413 3467 1558 3536 regnum
1586 3446 1639 3516 Si-

230 3567 308 3639 cilie
327 3588 407 3640 eum
422 3569 606 3659 militibus,
627 3569 822 3664 peditibus,
845 3580 880 3643 et
896 3571 1076 3643 balistariis
1095 3580 1129 3642 et
1147 3569 1223 3642 aliis
1240 3569 1441 3642 necessariis
1463 3569 1509 3641 ad
1527 3570 1639 3663 ipsum

230 3709 377 3782 regnum
394 3692 646 3786 occupandum,
665 3702 699 3764 et
712 3716 815 3788 super
832 3715 918 3789 paee
934 3715 1003 3766 non
1018 3694 1195 3766 tractanda
1208 3715 1272 3766 nec
1292 3693 1449 3766 iacienda
1467 3715 1548 3764 cum
1564 3693 1637 3764 Fri-

231 3812 349 3885 derioo
367 3813 459 3886 dioto
475 3814 680 3909 imperatore
696 3816 772 3889 sine
790 3819 967 3890 voluntate
991 3828 1026 3890 et
1049 3839 1213 3912 expressa
1237 3817 1375 3888 licentia
1397 3816 1527 3889 domini
1553 3839 1640 3912 pape

231 3945 266 4007 et
281 3956 384 4030 super
402 3937 610 4030 quibusdam
632 3939 727 4030 aliis,
754 3941 843 4012 siout
861 3940 926 4014 bec
952 3941 1068 4014 omnia
1093 3942 1130 4012 in
1154 3942 1382 4012 instrumento
1408 3941 1561 4014 coniecto
1578 3963 1641 4035 per

231 4078 374 4130 manum
398 4060 538 4132 Ursonis
561 4064 685 4133 notarii
708 4064 891 4136 lanuensis
915 4065 1050 4160 plenius
1078 4064 1280 4136 continetur.
1307 4064 1350 4135 Et
1370 4064 1415 4138 ad
1440 4066 1637 4157 tractanda,

200 4181 205 4188 '
233 4181 443 4272 ordinanda,
465 4185 693 4278 promittenda
711 4197 745 4259 et
770 4187 987 4282 complenda¹
1003 4187 1118 4259 omnia
1138 4187 1334 4282 supradicta
1357 4197 1390 4260 et
1411 4187 1456 4260 ad
1484 4188 1640 4283 aliaque

234 4303 325 4375 cirea
350 4307 525 4399 negotium
554 4310 763 4381 occurrerint
781 4311 938 4385 iacienda
964 4333 1027 4407 pro
1052 4311 1154 4383 nobis
1184 4319 1219 4383 et
1248 4320 1362 4384 nostru
1394 4313 1534 4384 comuni
1560 4335 1639 4384 cnm

234 4425 375 4499 domino
390 4449 480 4523 papa
496 4441 529 4502 ot
542 4431 692 4506 Ecclesia
710 4435 876 4525 Romana,
892 4435 986 4508 viros
1000 4435 1131 4508 nobiles
1145 4443 1180 4507 et
1193 4434 1355 4507 discretos
1366 4435 1533 4509 Romeum
1552 4437 1641 4521 Qui-

234 4548 350 4622 rinum
369 4559 403 4624 et
421 4553 630 4648 Stephanum
646 4557 876 4631 Badouarium
892 4557 1009 4633 fideles
1023 4567 1157 4632 nostros
1173 4569 1407 4654 procuratores
1426 4571 1460 4634 et
1478 4558 1641 4657 syndicus

236 4682 372 4747 nostros
396 4687 431 4748 et
455 4679 561 4751 nostri
588 4683 745 4755 comunis
772 4683 972 4774 statuimus,
1000 4683 1192 4758 muressis
1221 4685 1410 4780 plenariam
1439 4693 1639 4780 potestatem

317 4795 355 4856 V.
1441 4817 1479 4868 ⁵0
