4224 5898
472 539 533 601 310
966 541 1180 604 rhlnhhlcl
1205 543 1378 605 sacuam
1692 543 1771 627 [Λιι
1790 543 1875 606 1239.

471 677 522 748 sic
544 683 743 748 contentum
763 673 876 750 omisit
903 676 1020 749 subito
1037 678 1183 751 verbnm
1201 679 1350 769 malum,
1373 699 1415 750 ac
1432 679 1529 750 vetut
1549 679 1689 752 omnino
1714 701 1880 775 respuens

472 800 507 870 in
523 799 778 893 perturbatione
796 799 998 890 consilium,
1019 826 1038 870 u
1056 801 1152 896 quod
1174 803 1296 897 scripsi
1321 801 1461 896 scripsi,
1482 802 1732 886 suscitamus,
1751 804 1881 898 inspuit

474 922 566 994 viam
594 922 700 1016 pacis.
726 922 793 996 Sad
827 925 888 1016 qui
916 924 1041 996 Christi
1071 926 1222 998 vicarius
1246 925 1372 999 dicaris
1395 935 1430 997 ct
1454 925 1546 998 Patri
1573 947 1750 999 succussor
1776 928 1879 998 ctiam

471 1045 611 1118 humilis
625 1046 815 1140 piscatoris,
840 1067 903 1120 our
924 1069 1091 1120 accensus
1113 1050 1244 1139 lurore,
1268 1049 1396 1142 refugis
1414 1047 1453 1121 id
1474 1059 1537 1144 plo
1553 1071 1624 1143 quo
1643 1071 1707 1122 rcx
1725 1051 1878 1124 omnium

472 1169 586 1242 induit
606 1171 753 1242 lormam
775 1171 889 1243 sorvi‘l
915 1171 995 1261 llic,
1024 1194 1128 1266 rugo,
1152 1172 1239 1265 quid
1255 1191 1438 1265 insurgens
1459 1193 1480 1244 a
1502 1173 1646 1244 mortuis
1663 1172 1754 1245 dixit
1769 1173 1879 1268 primo

474 1293 653 1388 discipulis
678 1293 735 1366 illc
757 1295 920 1386 magister
944 1295 1099 1367 omnium
1129 1294 1369 1390 magistromm
1390 1321 1400 1366 ε
1422 1295 1548 1383 «Non,
1568 1293 1698 1388 inquit,
1725 1317 1822 1368 mma
1845 1305 1880 1369 ct

472 1429 609 1490 scutum
626 1419 763 1510 sumite,
782 1407 847 1490 nec
863 1419 1022 1510 sagittam
1043 1419 1099 1491 vel
1116 1419 1271 1513 gladium
1291 1417 1465 1508 emittatis,
1489 1415 1553 1490 ssd
1573 1441 1646 1514 pax
1662 1418 1773 1491 vobis.
1796 1444 1815 1489 n
1835 1421 1879 1492 At

471 1542 558 1637 quid
576 1543 732 1636 gloriaris
749 1544 786 1614 in
803 1543 948 1631 marren,
969 1543 1030 1638 qu
1049 1545 1144 1616 sorus
1160 1544 1197 1615 ra
1217 1545 1300 1616 orna
1319 1523 1438 1616 acus
1458 1542 1581 1615 caune
1603 1552 1638 1616 et
1663 1543 1766 1616 notor
1786 1543 1878 1629 oua

471 1665 567 1740 alind
580 1667 647 1738 nisi
666 1689 787 1761 paccm
811 1667 964 1763 hymnus
987 1666 1072 1740 dicit
1093 1667 1288 1761 angelicus,
1307 1676 1341 1740 ct
1356 1668 1475 1739 tertius
1489 1689 1600 1760 agnus
1617 1666 1699 1756 Dai;
1717 1666 1776 1738 val
1793 1665 1880 1760 quid

471 1791 529 1862 ills
542 1791 707 1863 mirabilis
722 1792 824 1882 Regis
843 1791 949 1861 aterni
966 1791 1089 1878 Filius,
1109 1791 1276 1886 corporali
1294 1791 1465 1886 prasentia
1483 1790 1711 1877 disoessurus,
1723 1797 1806 1861 tunc
1824 1811 1878 1864 ro·

471 1915 572 2010 liquit
588 1913 779 2008 discipulis,
799 1936 879 1986 cnm
895 1913 998 1986 rediit
1014 1913 1110 1988 unda
1131 1915 1240 1988 vonit.
1259 1915 1357 1987 Certo
1372 1935 1445 2009 pax
1469 1924 1505 1988 st
1522 1913 1660 1987 dilectio
1682 1923 1762 1984 sunt
1785 1913 1879 2007 prin·

472 2039 627 2133 cipalitar
644 2037 703 2109 illa
722 2037 805 2124 duo,
830 2059 900 2132 quo
916 2037 996 2131 plns
1012 2038 1120 2112 tonsri
1138 2037 1250 2111 voluit
1263 2047 1340 2132 post
1361 2037 1564 2110 discessum.
1586 2037 1689 2130 Ergo,
1711 2037 1740 2108 si
1756 2035 1878 2108 Christi

471 2161 642 2238 vicarium
664 2170 699 2234 ct
720 2160 810 2233 Patri
838 2161 1032 2254 tequidem
1062 2161 1187 2233 assuris
1211 2181 1460 2249 successorum,
1490 2182 1511 2233 a
1536 2159 1657 2232 Christi
1678 2181 1819 2254 prorsus
1844 2167 1879 2232 ct

471 2285 560 2358 Petri
573 2285 707 2358 tramite
722 2304 791 2355 non
802 2282 973 2358 discedas.
987 2283 1057 2357 Ssd
1067 2293 1166 2356 actus
1178 2283 1389 2358 concordant
1401 2284 1555 2370 actibus,
1573 2291 1609 2355 ct
1622 2283 1817 2377 Campanus
1827 2282 1878 2377 (l)

471 2407 627 2482 inherent
648 2405 790 2480 Galiloo.
813 2407 910 2479 lstod
928 2415 1044 2480 autom
1059 2407 1145 2478 satis
1168 2416 1203 2480 ot
1219 2408 1339 2480 morito
1357 2407 1472 2478 turbat
1494 2405 1616 2480 Christi
1635 2405 1792 2478 fidolium
1813 2429 1878 2501 pu-

472 2531 619 2616 ritatem,
644 2528 836 2623 quodcum
858 2531 979 2602 Petrus
1000 2529 1127 2602 relictis
1154 2531 1316 2602 omnibus
1345 2538 1380 2602 ct
1406 2540 1492 2620 rstc,
1517 2530 1637 2624 soqui,
1660 2529 1794 2602 Christo
1815 2551 1878 2602 vo-

472 2663 590 2744 canta,
610 2653 720 2726 voluit
738 2652 831 2724 viam
853 2653 941 2742 vita,
962 2653 1023 2747 qui
1040 2661 1204 2748 tanquam
1226 2654 1342 2726 omnia
1356 2653 1537 2747 possldcns
1550 2661 1586 2724 ct
1597 2653 1647 2724 nil
1663 2653 1814 2742 hahens,
1832 2651 1878 2726 ad

473 2779 672 2852 thesaurum
689 2774 823 2854 celestis
847 2775 957 2869 patrie
974 2797 1111 2871 sompor
1128 2776 1307 2850 ardentius
1322 2777 1533 2871 suspirabat,
1555 2784 1593 2848 tn
1612 2797 1697 2850 veru
1715 2785 1877 2870 tanquam

471 2903 588 2978 omnia
610 2899 744 2972 habens
765 2907 799 2970 ot
819 2897 905 2972 nihil
928 2901 1247 2994 possidensqnoris
1270 2921 1407 2994 sumpar
1430 2899 1517 2994 quid
1542 2899 1688 2973 devoras
1708 2910 1744 2972 st
1764 2901 1886 2995 diglu·.

472 3027 554 3116 tias,
579 3041 644 3100 noo
666 3022 787 3096 sedare
806 3031 918 3118 potast
943 3023 1130 3116 aliquando
1153 3032 1244 3096 totns
1267 3023 1420 3096 mundus
1444 3023 1494 3096 tui
1519 3024 1649 3096 vantris
1671 3023 1874 3116 ingluvium,

472 3149 555 3244 quia
578 3148 640 3220 tibi
660 3167 729 3220 non
746 3146 873 3224 sufficit
887 3145 980 3218 urhis
1003 3155 1102 3220 terro.
1123 3147 1244 3220 Petrus
1265 3155 1380 3220 autom
1402 3147 1594 3242 apostolus,
1618 3155 1657 3218 ut
1673 3148 1812 3241 legitur,
1831 3147 1877 3220 ad

471 3281 605 3369 portam
625 3271 771 3344 veniens
794 3270 1011 3364 speciosam:
1036 3269 1144 3342 «Nec
1160 3279 1338 3364 argeutum
1363 3291 1428 3344 nco
1446 3292 1569 3344 aurum
1591 3269 1724 3358 habau,
1742 3287 1760 3338 n
1788 3269 1878 3342 dixit

471 3396 608 3480 claudo.
634 3395 687 3466 Tu
710 3413 798 3466 vcro.
819 3393 848 3466 si
867 3394 980 3467 forsan
999 3394 1119 3488 incipit
1139 3415 1285 3466 acervus
1307 3393 1453 3488 pecunie
1473 3412 1578 3488 quam
1603 3393 1729 3466 adoras
1748 3393 1873 3483 minui,

471 3521 584 3594 statim
604 3539 684 3590 cum
704 3515 829 3590 claudo
852 3515 1044 3603 claudicas,
1063 3537 1212 3610 querens
1228 3517 1337 3588 anxis
1360 3538 1430 3610 quo
1453 3527 1534 3588 sunt
1550 3517 1688 3588 mundi.
1713 3515 1782 3588 Ssd
1800 3515 1890 3610 qui,-

471 3642 602 3716 Christo
613 3639 778 3732 jnheuto,
796 3635 954 3732 predicar
973 3649 1137 3732 tanquam
1154 3646 1270 3732 pastor
1289 3638 1442 3712 Ecclesia
1464 3649 1720 3734 paupertatem,
1738 3659 1801 3709 cur
1821 3657 1878 3708 rc·

437 3801 441 3808 ·
473 3765 565 3858 sugis
591 3763 688 3858 quod
708 3761 873 3845 hortaris,
896 3783 1045 3856 quarens
1070 3781 1205 3856 sempor
1229 3769 1268 3832 ut
1291 3761 1445 3836 cumules
1473 3778 1596 3834 aurum
1619 3762 1726 3834 auro?
1751 3762 1789 3832 ln
1812 3757 1877 3831 hoc

471 3909 555 3980 crgo
573 3909 643 3962 non
660 3895 764 3960 restat
782 3884 894 3976 alind,
913 3885 1030 3958 sinon
1048 3885 1197 3976 dormis,
1217 3906 1323 3980 quam
1341 3895 1380 3957 ut
1401 3885 1527 3958 summi
1546 3883 1716 3981 pontificis
1740 3903 1878 3978 prorsus

472 4011 663 4108 pradicatio
679 4016 926 4082 contemnatur.
954 4009 1003 4080 Dc
1020 4009 1102 4088 calo¹
1113 4027 1282 4102 namquo,
1302 4009 1332 4080 si
1348 4008 1437 4082 bons
1453 4009 1592 4096 ranulis,
1612 4004 1792 4080 descendit
1806 4005 1877 4078 lin-

473 4145 565 4206 tsum
589 4151 700 4226 super¹
715 4131 871 4222 Petrum,
896 4131 952 4202 cni
978 4132 1139 4225 «Surge,
1164 4139 1338 4204 maotact
1363 4130 1521 4222 oomcds,
1543 4129 1709 4203 ndiotum
1727 4137 1780 4202 cst
1797 4149 1876 4200 cum

472 4265 606 4348 oraret,
639 4255 700 4350 qui
730 4263 843 4331 tamen
874 4254 1054 4328 immunda
1084 4255 1196 4330 noluit
1222 4253 1451 4345 manducare,
1480 4253 1569 4326 dura
1598 4251 1758 4347 quamvis
1788 4259 1878 4324 amat

473 4381 586 4456 esurio
605 4379 814 4456 stimulatus.
840 4381 891 4452 Tu
913 4399 997 4452 varo
1015 4377 1062 4451 ad
1081 4375 1148 4451 hoo
1169 4377 1261 4450 ulvis
1283 4386 1324 4450 ut
1345 4376 1524 4470 comedas,
1542 4377 1579 4448 in
1607 4378 1706 4468 cujus
1732 4373 1823 4446 vasis
1843 4380 1878 4446 ct

507 4653 545 4728 (t)
562 4653 693 4714 hlluditm
704 4651 762 4710 loon
774 4651 897 4724 Gregorii
910 4651 950 4708 lx
962 4647 1090 4721 natahtlo,
1103 4648 1206 4708 sdliost
1215 4639 1350 4720 magnas
1365 4635 1558 4718 lncampsutn.
