4350 5922
230 595 329 658 famer.
350 592 414 669 tlt]
685 585 882 648 tttsrottta
907 583 1199 646 ntrnotlattce
1603 573 1655 646 3¹1¹

231 727 402 800 dictorum
425 725 576 795 fratrum,
589 721 790 816 simplicitas
811 731 1065 794 antecessorum
1089 731 1284 792 nostrorum
1306 739 1428 792 secura
1445 722 1596 814 presidio
1620 713 1642 796 a

230 850 343 946 prima
363 846 566 920 fundatione
584 843 742 918 redditus
759 845 826 918 sibi
846 845 985 918 collatos
1006 843 1072 916 sub
1096 845 1203 916 forma
1222 842 1393 937 privilegii
1417 843 1452 914 in
1478 845 1641 940 scriptum

232 973 390 1068 redigere
406 971 579 1065 neglexit,
600 967 761 1064 quamvis
781 969 883 1040 ctiam
906 967 943 1038 iu
959 966 1121 1041 omnibns
1134 967 1303 1060 quamdiu
1322 966 1513 1038 vixerimus
1527 979 1642 1044 nostro

232 1097 346 1170 securi
368 1095 501 1191 possint
512 1113 589 1166 esse
600 1091 806 1188 patrocinio,
821 1101 936 1164 tamen
949 1113 995 1163 ne
1010 1099 1086 1185 post
1099 1089 1278 1162 decessum
1294 1099 1447 1162 nostrum
1464 1091 1643 1165 heredum·

231 1242 302 1316 que
316 1229 527 1304 nostrorum,
539 1217 569 1288 si
581 1237 669 1310 quos
685 1237 746 1311 per
762 1215 823 1287 Dei
838 1216 981 1310 gratiam
994 1236 1115 1286 sumus
1131 1213 1294 1295 habituri,
1308 1213 1421 1307 aliqua
1436 1215 1642 1310 calumpnia·

233 1344 337 1418 tionis
351 1343 531 1418 occasione
544 1339 665 1414 vexari
682 1341 813 1434 possint
828 1340 884 1412 vel
901 1339 1099 1434 inquietari,
1119 1337 1317 1431 omniaque
1335 1337 1525 1432 epluribus
1537 1360 1642 1433 quam

231 1468 290 1540 XL
309 1465 411 1538 anuis
431 1487 452 1536 a
470 1464 673 1560 parentibus
690 1463 815 1536 nostris
834 1475 868 1536 et
882 1464 927 1536 ab
945 1464 1020 1536 aliis
1036 1463 1157 1536 collata
1173 1463 1209 1534 in
1233 1482 1317 1556 pace
1332 1463 1574 1556 possederunt,
1592 1463 1642 1536 eis

231 1591 401 1687 presentis
423 1590 548 1684 pagine
576 1588 707 1660 indicio
731 1587 906 1682 sigillique
934 1589 1039 1662 nostri
1070 1585 1293 1680 impressione
1324 1587 1643 1682 subscriptioneque

232 1715 373 1788 testium
386 1735 534 1808 quorum
543 1711 682 1784 uomina
697 1709 851 1784 sunthec
862 1709 1125 1784 confirmamus:
1141 1709 1186 1782 de
1199 1709 1319 1782 ordine
1331 1711 1495 1782 comitum
1506 1737 1514 1780 :
1527 1733 1643 1786 comes

231 1838 428 1912 fridericus
446 1837 492 1911 dc
509 1839 625 1923 zolro,
646 1855 761 1908 comes
782 1835 989 1907 chunradus
1016 1834 1060 1907 dc
1085 1833 1258 1926 Hardelre,
1280 1833 1442 1907 domiuus
1464 1836 1643 1909 Udalricus

232 1961 278 2036 de
289 1960 461 2048 Pemeke;
476 1958 521 2032 dc
532 1959 654 2032 ordine
665 1958 849 2030 liberorum
863 1983 872 2027 ε
888 1956 1049 2029 dominus
1061 1955 1319 2028 Werenhardus
1331 1956 1375 2028 de
1391 1957 1640 2055 Scoweoberg,

232 2083 396 2158 domiuus
409 2083 531 2176 Grapto
544 2079 851 2174 ‹le-Amzinspach,
870 2077 1246 2151 domiuusChuuradus
1260 2079 1306 2151 de
1322 2079 1575 2172 Valchenberc;
1598 2085 1643 2159 de

230 2207 355 2280 ordine
371 2204 664 2278 ministerialium:
676 2203 886 2276 Wichardus
899 2201 1046 2297 dapifer,
1068 2202 1249 2275 Udalricus
1262 2203 1400 2294 Strouo,
1417 2197 1644 2301 Marquardus

232 2331 278 2404 de
298 2331 483 2425 Huitperc,
508 2328 681 2422 Pilgrinus
706 2329 752 2400 de
776 2328 1036 2414 Swartenowe,
1061 2327 1161 2420 Hugo
1182 2325 1227 2398 de
1244 2327 1376 2422 iligen,
1397 2329 1575 2403 Heinricus
1600 2331 1655 2404 de

230 2453 443 2543 Rotensteiu,
462 2451 630 2524 liudolfus
641 2453 739 2524 Maca
756 2461 791 2524 et
806 2453 909 2522 frater
926 2452 1002 2542 ejus
1019 2450 1240 2542 chunradus,
1262 2462 1297 2524 et
1316 2452 1375 2523 alii
1393 2454 1503 2525 multi.
1520 2456 1644 2527 Datum

231 2578 328 2674 apud
339 2577 539 2666 lleimburc,
553 2598 614 2670 per
630 2597 755 2649 manus
770 2575 920 2648 Udalrici
939 2576 1076 2666 notarii,
1090 2585 1250 2670 presente
1266 2576 1406 2651 domino
1418 2577 1552 2651 Tittonc
1568 2580 1645 2674 ple-

230 2702 324 2776 bano
349 2701 396 2774 de
418 2699 603 2772 Heimburc
625 2709 661 2772 et
689 2699 829 2774 domino
854 2698 1037 2772 Chunradc
1063 2698 1259 2796 capellano,
1285 2723 1377 2774 anno
1399 2703 1645 2776 iucamatiouis

230 2827 369 2902 Domini
385 2826 433 2898 Μ.
447 2826 510 2917 CC,
531 2825 575 2898 lll
589 2824 756 2898 kalendas
774 2825 905 2914 martii,
927 2823 1113 2897 indictione
1131 2825 1188 2896 Ill.

281 2951 390 3045 igitur
408 2949 537 3045 pietate
561 2949 661 3022 solita
683 2971 753 3044 qua
778 2951 968 3044 profectum
986 2958 1020 3020 et
1035 2949 1226 3020 libertatem
1250 2949 1405 3021 omnium
1423 2949 1643 3024 ecclesiarum

231 3055 491 3170 amplectimur,
511 3072 745 3168 predictorum
759 3072 895 3145 abbatis
909 3082 943 3144 el
963 3081 1156 3144 conventus
1180 3071 1317 3144 devotis
1336 3073 1644 3170 supplicationibus

231 3208 444 3286 mouentes,
472 3195 592 3270 divine
614 3195 850 3269 retributionis
872 3195 996 3266 intuitu
1022 3205 1057 3268 et
1079 3217 1141 3288 pro
1166 3205 1283 3268 nostre
1310 3197 1430 3270 salutis
1458 3211 1644 3294 augmento

231 3321 425 3416 predictum
438 3321 658 3416 privilegium
672 3341 880 3392 renovamus
897 3329 931 3392 et
944 3318 988 3392 de
1005 3318 1219 3416 plenitudine
1237 3319 1425 3414 imperialis
1440 3324 1547 3416 gratie
1560 3345 1644 3397 con-

231 3444 430 3536 firmamus3
449 3453 637 3518 statuentes
652 3453 687 3518 et
705 3444 872 3540 presentis
895 3443 1012 3538 scripti
1031 3443 1232 3516 auctoritate
1252 3443 1456 3518 mandantes
1474 3457 1644 3541 quatenus

232 3571 325 3641 nulla
335 3590 482 3664 persona
497 3569 638 3640 humilis
651 3569 707 3642 vel
721 3569 803 3659 alta,
822 3567 1050 3640 ecclesiastica
1066 3567 1122 3639 vel
1138 3566 1325 3658 mundana,
1345 3578 1461 3642 contra
1474 3574 1643 3665 presentis

231 3691 468 3766 renovationis
483 3703 517 3764 et
528 3691 796 3765 confirmationis
811 3701 926 3765 nostre
940 3691 1101 3786 paginam
1117 3713 1205 3764 ausu
1226 3693 1405 3766 temerario
1428 3695 1547 3768 venire
1562 3719 1640 3792 pre·

230 3827 360 3888 sumat.
380 3815 481 3902 Quod
494 3817 555 3911 qui
569 3815 816 3912 presumpserit
832 3815 867 3886 in
885 3813 1075 3888 vindictam
1094 3814 1292 3888 temeritatis
1310 3837 1373 3888 sue
1390 3818 1641 3914 quinquaginta

231 3959 367 4012 marcas
391 3937 467 4009 au'ri
485 3949 683 4034 componat,
706 3935 853 4032 quarum
868 3935 984 4010 media
1006 3958 1086 4032 pars
1101 3957 1235 4010 camere
1253 3941 1541 4036 nostre,.reliqua
1558 3965 1642 4017 vero

230 4063 343 4157 passis
366 4063 526 4154 injuriam
547 4065 774 4158 persolvatur.
801 4063 858 4136 Ad
879 4063 984 4154 hujus
1008 4063 1126 4156 itaque
1150 4064 1381 4136 renovationis
1405 4076 1439 4138 et
1461 4066 1643 4142 confirma·

230 4187 465 4262 tionis.noslre
475 4187 581 4260 robur
596 4195 631 4260 et
642 4187 841 4260 memoriam
859 4196 1024 4282 perpetuo
1034 4185 1248 4280 duraturam,
1264 4209 1406 4283 presens
1423 4189 1641 4286 privilegium

232 4309 308 4384 lieri
320 4320 357 4384 el
376 4311 511 4407 typario
526 4321 641 4384 nostre
655 4311 869 4386 celsitudinis
882 4312 1027 4382 fecimue
1042 4311 1261 4382 communiri.

280 4435 395 4526 Hujus
406 4443 520 4506 aulem
531 4435 579 4508 rei
594 4444 697 4508 testes
709 4445 789 4508 sunt
800 4461 809 4505 :
822 4435 879 4506 W.
891 4434 1032 4506 illustris
1047 4457 1109 4507 rex
1120 4436 1271 4526 Boemie‚
1281 4437 1486 4510 Bertholdus
1501 4440 1644 4534 patriar·

232 4555 299 4630 cha
317 4557 579 4653 Aquilegeusis,
598 4558 747 4633 Sifridus
768 4559 1008 4650 Magantinus,
1034 4558 1266 4632 Theodericus
1283 4561 1514 4650 Trevirensis‚
1534 4564 1643 4638 Eber-

233 4679 365 4754 hardus
384 4681 642 4778 salzburgensis
657 4682 923 4780 archiepiscopi,
939 4682 1153 4776 Eggebertus
1166 4684 1477 4780 Babeubergensis,
1495 4686 1644 4762 Sifridus
