4242 5904
497 565 559 631 250
997 567 1208 629 intuuntur
1228 567 1399 630 sucuttnl
1716 564 1795 648 [due.
1815 565 1908 628 1238:

497 699 749 794 domiuumlo),
765 701 950 774 hesitantes
966 711 1080 774 tamen
1098 703 1125 772 ei
1144 703 1271 776 monita
1290 711 1404 774 nostra
1421 701 1589 796 patienter
1603 701 1786 794 acciperet,
1806 721 1903 772 reve-

496 834 610 897 renter
625 835 660 898 et
680 825 805 897 devote
820 825 1057 920 pervenimus,
1075 835 1109 898 et
1130 826 1296 920 expositis
1309 826 1471 898 omuibus
1488 846 1556 918 qne
1574 825 1725 920 capitula
1743 824 1903 896 coutine-

496 947 579 1040 bant
596 971 638 1021 ac
653 957 841 1020 uestrarum
861 971 925 1043 per
941 971 1021 1022 eum
1042 949 1159 1022 habita
1179 949 1278 1045 copia
1292 950 1498 1036 litterarum,
1517 947 1664 1020 iaciente
1679 948 1824 1020 Domino
1841 949 1903 1042 qui

496 1072 584 1166 gerit
606 1093 648 1144 ac
673 1071 790 1166 dirigit
811 1094 881 1165 quo
906 1072 1054 1145 voluerit
1077 1072 1181 1146 corda
1208 1096 1350 1168 regum,
1378 1075 1414 1144 iu
1437 1071 1632 1146 admirabili
1662 1071 1847 1144 dovotione
1869 1081 1905 1142 et

496 1198 668 1291 insperata
685 1197 877 1270 humilitate
891 1217 929 1270 se
946 1198 1083 1269 monitis
1102 1199 1228 1270 uostris
1246 1221 1392 1293 monum
1410 1198 1587 1284 exhibuit,
1608 1197 1770 1268 inclinata
1788 1197 1902 1291 impe-

496 1321 589 1392 rialis
605 1319 782 1393 audientia
799 1320 986 1414 dignitatis.
1008 1321 1057 1394 lta
1073 1321 1167 1416 quod
1184 1324 1284 1396 nohis
1305 1322 1534 1396 existentibus
1556 1341 1670 1394 coram
1687 1342 1747 1408 ec,
1763 1341 1903 1416 presen-

495 1445 588 1516 tibus
612 1467 753 1539 qnoque
778 1445 1033 1518 venerabilibus
1056 1447 1363 1538 Panormitauensi,
1383 1445 1594 1520 Meseaueusi
1614 1444 1900 1539 archiepiscopis,

495 1569 726 1660 Cremonensi,
744 1568 929 1660 Laudeusi,
945 1571 1143 1644 Novarieusi
1159 1581 1194 1644 et
1206 1571 1393 1644 Mutinensi
1409 1572 1578 1666 episcopis
1596 1579 1631 1642 et
1648 1569 1773 1642 abbate
1786 1569 1901 1640 Sancti

494 1692 684 1779 vincentii,
704 1693 901 1766 convocetis
921 1693 1025 1766 etiam
1043 1694 1308 1788 quampluribus
1326 1715 1373 1767 ex
1396 1694 1558 1766 iratribus
1583 1691 1714 1765 ordinis
1732 1691 1901 1764 Predica-

495 1825 608 1889 torum
624 1825 659 1888 et
671 1817 840 1888 hliuorum
853 1870 863 1904 ,
878 1817 1056 1911 respoudit
1069 1817 1115 1890 ad
1128 1818 1264 1910 singula
1277 1840 1347 1910 que
1360 1817 1602 1913 proposuimus
1615 1817 1786 1907 seriatim,
1801 1825 1903 1910 pront

494 1941 530 2012 in
548 1941 771 2033 sequentibus
789 1939 948 2012 distincte
971 1963 1012 2012 ac
1031 1943 1179 2035 plenarie
1199 1941 1409 2030 continetur,
1429 1941 1518 2011 sicut
1539 1939 1763 2012 dominationi
1785 1951 1899 2012 vestre

493 2063 749 2160 responsionem
783 2065 890 2157 ipsius
917 2065 1019 2156 juxta
1048 2065 1169 2138 seriem
1205 2065 1431 2159 capitulorum
1461 2063 1673 2158 expositam,
1708 2062 1899 2136 secuudum

493 2188 712 2284 apostolicam
723 2188 912 2280 jussionem
929 2189 995 2259 sub
1013 2187 1083 2259 fido
1099 2189 1294 2260 testimonio
1310 2199 1426 2261 tenore
1443 2187 1651 2282 presentium
1671 2186 1897 2261 declaramus.

491 2313 676 2406 Propositio
692 2311 834 2382 Ecclesie
854 2337 864 2381 ε
881 2311 1147 2404 Montisregalis,
1168 2313 1450 2407 cephaludensis,
1469 2311 1703 2382 Cathauieusis
1726 2320 1761 2383 et
1780 2313 1896 2405 Squil-

492 2437 636 2510 lacensis
649 2435 806 2524 ecclesie,
824 2433 1020 2526 Miletensis,
1037 2437 1160 2508 Sancte
1172 2436 1385 2531 Euphemie,
1403 2437 1506 2507 Terre
1520 2435 1657 2526 Maioris
1670 2431 1723 2532 (l)
1735 2445 1770 2507 et
1785 2436 1899 2508 Sancti

490 2561 630 2632 loannis
645 2560 680 2630 in
700 2559 812 2630 Lamis
829 2559 1032 2631 monasterie
1051 2569 1131 2630 suut
1147 2561 1290 2654 spoliata
1314 2560 1385 2633 lere
1410 2559 1573 2631 omnibus
1592 2559 1694 2630 bouis
1716 2559 1800 2631 suis.
1815 2557 1898 2630 Item

490 2705 610 2756 omues
631 2686 702 2756 lere
722 2683 934 2755 cathedrales
956 2693 990 2755 et
1012 2683 1079 2756 elie
1098 2684 1243 2756 ecclesie
1269 2705 1310 2756 ue
1330 2683 1535 2756 monasteria
1555 2692 1637 2754 sunt
1658 2703 1720 2778 per
1743 2684 1898 2778 iniquam

490 2808 745 2902 inquisitionem
765 2808 835 2878 lere
854 2807 1015 2879 omnibus
1032 2807 1222 2880 honoribus
1241 2806 1285 2904 (b)
1301 2808 1374 2880 suis
1393 2808 1550 2902 spoliata.
1570 2847 1621 2862 -
1640 2810 1818 2902 Responsio
1835 2810 1900 2878 im·

484 2933 650 3024 periclis:
669 2933 779 3026 Super
803 2931 1063 3024 graminibus
1082 2931 1306 3006 ecclesiarum
1330 2953 1399 3025 qne
1420 2930 1682 3004 indeterminate
1703 2943 1894 3026 ponuntur,

487 3055 636 3150 quedam
658 3055 856 3149 ignoranter
874 3055 1055 3148 corumissa
1084 3055 1208 3150 corrigi
1235 3057 1332 3148 jussa
1360 3064 1443 3128 sunt
1471 3055 1547 3128 sine
1571 3077 1667 3128 more
1690 3053 1894 3150 dispendio,

487 3178 637 3271 quedam
659 3199 741 3250 vero
762 3179 833 3269 jam
860 3185 1029 3265 correcte,
1057 3177 1147 3248 sicut
1169 3177 1276 3250 estin
1301 3177 1455 3270 evidenti
1486 3177 1531 3250 de
1551 3176 1645 3249 fideli
1673 3186 1708 3248 et
1729 3177 1899 3250 industrio

486 3301 609 3374 nuntio
627 3313 742 3374 nostro
758 3301 804 3374 ad
819 3303 884 3373 hoc
894 3302 1086 3398 specialiter
1098 3301 1281 3390 destinato,
1299 3299 1462 3374 videlicet
1480 3301 1838 3396 magistroWillielmo
1854 3300 1900 3374 de

486 3425 656 3524 Tocco(2)
670 3427 802 3499 notario
813 3435 939 3520 nostro,
956 3427 1017 3520 qui
1034 3425 1136 3498 etiem
1142 3427 1262 3518 jussus
1274 3436 1326 3498 est
1338 3426 1482 3498 transire
1493 3447 1556 3520 per
1568 3425 1752 3498 Romanam
1766 3425 1897 3496 curiam

486 3561 521 3624 et
545 3552 701 3623 consulto
725 3551 913 3622 venerabili
937 3549 1146 3622 Messnueusi
1173 3549 1448 3644 archiepiscopo,
1465 3551 1567 3640 juxta
1587 3549 1767 3622 consilium
1792 3571 1897 3620 suum

529 3715 569 3798 (a)
592 3717 639 3778 Ita
652 3733 690 3778 ex
703 3733 767 3778 var.
785 3716 850 3776 lect.
866 3717 902 3776 lu
915 3717 1058 3792 impresso
1072 3733 1143 3776 vero
1157 3711 1294 3776 debitum.

528 3821 569 3904 (b)
588 3823 623 3882 Iu
636 3826 777 3900 impresso
790 3817 966 3894 dominibus,
983 3822 1070 3883 mele.

1008 3993 1067 4002 ιι..-
1074 3994 1080 4000 .
1089 3995 1094 4000 .
1101 3993 1895 4007 --ι--ι--υ--ι-ι-ι--ιιισ-ι--ιᾘ

519 4095 559 4168 (l)
581 4096 661 4153 Turre
673 4095 829 4168 dluppiore,
843 4093 869 4148 ia
884 4091 1023 4166 Sipontina
1034 4091 1160 4150 dioecesi.

523 4195 560 4268 (2)
580 4194 610 4250 ln
624 4193 755 4267 impresso
768 4189 799 4246 de
819 4191 910 4259 Toeto,
927 4189 1006 4246 male.
1022 4189 1129 4245 Nullum
1143 4189 1214 4246 uliud
1227 4189 1262 4248 de
1275 4189 1326 4246 ista
1340 4189 1469 4264 legatione
1482 4197 1685 4250 mouumentum
1696 4197 1828 4266 superest,
1843 4193 1897 4252 nisi

485 4291 521 4351 ad
537 4291 589 4349 hoc
609 4287 772 4364 spectaverit
785 4285 897 4360 epistola
915 4285 1042 4343 Fridarici
1061 4287 1089 4342 in
1107 4285 1199 4344 codice
1221 4289 1302 4356 dett,
1322 4287 1391 4345 Bibl.
1407 4289 1498 4347 Cesar.
1512 4287 1611 4360 Paris,
1630 4306 1692 4348 one.
1709 4288 1788 4359 [onds
1807 4289 1894 4363 latin,

485 4391 585 4448 inserta
600 4403 663 4446 cum
679 4387 731 4444 hnc
744 4385 848 4460 titulo:
864 4382 1003 4442 Frideru‘el
1019 4386 1193 4458 imperatoris
1211 4386 1326 4459 epistole
1350 4385 1385 4442 ud
1401 4385 1579 4444 duillelmum
1602 4385 1633 4444 de
1652 4389 1732 4445 lbcco
1753 4390 1895 4446 notorium

484 4483 729 4560 apostolicnmlsict
741 4481 778 4538 od
788 4497 886 4539 munus
894 4498 974 4538 suum
982 4480 1096 4556 fideliter
1105 4481 1256 4540 obeundum
1270 4501 1280 4536 .-
1295 4482 1388 4552 «Quia
1400 4498 1416 4540 a
1427 4483 1524 4540 nostris
1535 4483 1608 4540 olim.
1621 4505 1635 4536 u
1648 4485 1722 4542 llaec
1734 4483 1894 4543 brevissime

484 4583 596 4658 episwla
608 4581 655 4638 lul.
669 4583 699 4636 ot
717 4593 797 4636 uerso
812 4579 913 4651 aderat,
927 4585 956 4635 ut
969 4594 1019 4635 nos
1034 4580 1165 4636 vetustior
1178 4579 1314 4652 catalogus
1326 4587 1432 4650 monet,
1448 4581 1511 4637 dum
1524 4581 1607 4638 codex
1621 4581 1679 4656 ipso
1688 4597 1705 4639 a
1714 4582 1804 4640 multis
1817 4583 1895 4640 annis

484 4681 584 4738 iruutra
593 4679 650 4751 jam
663 4675 821 4750 disquisitae
833 4675 952 4732 noudum
964 4681 1087 4748 repertus
1103 4674 1192 4752 luerit,
