4224 5898
472 577 533 639 286
970 583 1185 643 balnearet
1209 581 1382 642 saeuum
1697 579 1776 657 [Anu.
1796 581 1881 643 I239.

472 711 655 793 cundum.
681 711 729 794 Et
756 713 865 798 Petro
893 716 941 797 de
967 715 1087 798 VInea
1116 713 1241 822 Apulo
1267 711 1350 822 ejus
1373 710 1501 822 judice
1529 735 1598 820 pro
1620 711 1703 820 ipso
1726 711 1883 796 domino

472 843 660 952 sapienter
689 845 831 955 locuto,
865 849 963 931 inter
993 849 1191 932 dominum
1225 847 1493 954 imperatorem
1520 853 1558 926 et
1583 842 1769 953 populum
1800 845 1883 928 Pa-

471 978 645 1059 duanum
670 977 877 1062 foederavit
902 981 1186 1092 quodammodo
1208 979 1370 1062 multam
1393 975 1686 1060 benivolentiam
1712 985 1750 1059 et
1770 1001 1885 1059 amo-

472 1135 568 1193 rem.
594 1109 793 1195 Rontuurn.
821 1114 1010 1219 ebrunio,
1032 1141 1093 1223 ap.
1114 1113 1316 1220 Mnemon,
1336 1109 1542 1220 scriptor,
1558 1119 1587 1192 t.
1602 1107 1704 1214 VIII,
1725 1135 1764 1218 p.
1786 1113 1880 1194 2⁶26.

534 1676 737 1786 Gregorius
778 1703 878 1786 papa
914 1676 1167 1783 Fridericum,
1207 1675 1467 1758 Romanorum
1506 1675 1799 1784 imperatorem,
1832 1674 1884 1757 ob

471 1834 607 1890 causas
635 1808 778 1893 ibidem
801 1809 968 1892 seriatim
991 1835 1188 1918 expressas
1212 1809 1583 1892 excommunicatum
1608 1807 1827 1913 denuntiet,
1847 1815 1885 1890 el

472 1968 604 2025 omnes
622 1943 689 2051 qui
708 1943 742 2024 ei
757 1941 974 2053 juramento
992 1941 1184 2026 fidelitatis
1207 1952 1402 2050 tenentur,
1423 1941 1472 2025 ab
1489 1940 1750 2026 observatione
1766 1938 1884 2050 hujus

473 2073 698 2158 sacramenti
708 2074 911 2158 absolutos
928 2076 1109 2158 decernit.

555 2277 652 2357 (Edit.
667 2294 714 2355 ep
734 2278 834 2338 Merr.
850 2280 967 2351 Perre„
982 2279 1059 2340 nee.
1076 2279 1148 2360 maj.
1164 2275 1299 2360 deplet,
1315 2279 1354 2338 ad
1369 2293 1454 2350 ann..
1470 2295 1501 2356 p.
1518 2286 1587 2339 8²9.
1598 2310 1639 2322 -
1649 2277 1782 2339 Annum.
1801 2277 1882 2339 sru-

592 2401 679 2444 nens.
700 2381 833 2444 Cbroee'e.
849 2385 888 2444 ad
902 2401 971 2445 unu.
993 2393 1080 2444 1289.
1096 2418 1136 2431 ·-
1150 2385 1326 2456 Burnum„
1340 2379 1451 2445 Anual.
1468 2381 1562 2444 melca
1577 2384 1616 2444 ad
1628 2401 1695 2445 ann.
1713 2392 1803 2458 1²³9,
1818 2381 1883 2465 311

591 2496 622 2552 et
634 2505 732 2566 seqq„
750 2493 899 2568 eregestle
912 2489 1086 2568 pontiflclle,
1099 2491 1276 2568 quibusdum
1290 2497 1390 2551 temen
1404 2487 1642 2569 praetermissis.)

521 2662 868 2755 Excommunicamus
895 2671 930 2734 et
959 2663 1289 2735 anathematizemus
1317 2646 1519 2736 auctoritate
1546 2661 1656 2736 Patris
1684 2671 1719 2734 et
1743 2661 1820 2733 Filii
1847 2669 1883 2734 et

474 2786 620 2882 Spiritus
642 2787 758 2858 Sancti
782 2797 817 2859 et
842 2788 1020 2860 beatorum
1043 2787 1284 2883 Apostolorum
1310 2787 1399 2860 Petri
1421 2795 1456 2860 et
1478 2786 1576 2859 Pauli
1599 2796 1634 2858 et
1659 2795 1774 2859 nostra
1798 2786 1882 2858 Prs-

476 2909 629 2982 derionm
669 2909 799 2982 dictum
830 2911 1089 3006 imperatorem,
1119 2933 1182 3006 pro
1209 2933 1251 2983 eo
1285 2911 1381 3005 quod
1411 2919 1529 2983 eontra
1554 2911 1741 2982 Romanam
1765 2909 1881 2982 Eccle-

476 3034 560 3106 siam
580 3033 783 3106 seditIonem
807 3035 916 3107 movit
932 3035 967 3105 in
988 3036 1076 3108 Urbe
1093 3033 1159 3130 (t),
1185 3056 1247 3130 per
1266 3033 1361 3129 quod
1381 3033 1529 3108 intendit
1550 3033 1745 3129 pontificem
1764 3041 1799 3105 et
1813 3034 1885 3105 fra-

476 3168 544 3228 tres
560 3181 581 3229 a
595 3178 658 3228 sua
671 3157 760 3229 Sede
771 3159 947 3252 repellere,
963 3167 1080 3230 contra
1097 3157 1277 3252 privilegia
1292 3157 1469 3248 dIgnitatis
1482 3167 1518 3230 et
1534 3157 1675 3230 honoris
1689 3156 1884 3252 Apostolics

478 3280 593 3366 Sedis,
622 3289 739 3353 contra
766 3277 955 3352 libertatem
980 3281 1261 3371 ecclesiastcam,
1289 3289 1406 3353 contra
1428 3281 1663 3374 J'uramentum
1687 3301 1757 3374 quo
1779 3301 1884 3375 super

478 3401 546 3475 hoc
569 3411 704 3476 tenetur
727 3403 879 3476 Ecclesia
905 3413 1034 3475 temere
1059 3401 1245 3475 veniendo.
1270 3403 1354 3476 Item
1377 3405 1716 3476 excommunicamus
1742 3411 1777 3475 et
1799 3424 1884 3474 ana·

479 3527 737 3599 thematizamus
755 3526 938 3617 eumdem,
964 3547 1026 3621 pro
1043 3547 1085 3598 eo
1107 3527 1203 3620 quod
1217 3527 1448 3600 venerabilem
1468 3528 1606 3600 fratrem
1628 3535 1784 3598 nostrum
1805 3525 1885 3598 Ρω-

480 3653 651 3722 uestinum
670 3651 886 3746 episcopum,
905 3649 1101 3744 Apostolice
1116 3649 1214 3722 Sedis
1233 3649 1402 3744 legatum,
1424 3672 1469 3722 ne
1483 3650 1518 3722 in
1543 3672 1608 3722 sua
1621 3649 1792 3744 legatione
1806 3670 1886 3743 pro-

480 3771 615 3846 cederet
661 3795 766 3868 qnam
797 3774 833 3844 in
862 3755 1109 3884 Albigensium‘
1130 3773 1285 3867 partibus
1322 3795 1383 3867 pm
1412 3772 1687 3847 corroboratione
1719 3772 1886 3844 catholice

479 3893 561 3968 fidei
588 3895 655 3968 sibi
684 3897 935 3985 commisimus,
961 3918 1025 3991 per
1049 3895 1219 3990 quosdam
1249 3893 1370 3969 fideles
1397 3917 1479 3969 snos
1505 3895 1664 3992 impediri
1694 3893 1884 3970 mandavit.

514 4204 551 4279 (1)
570 4205 646 4264 Circa
663 4203 743 4264 finem
759 4207 821 4263 euni
837 4204 1022 4280 praecedentis
1041 4204 1207 4262 BobaeIanus
1219 4211 1247 4262 et
1265 4205 1372 4278 Egidim
1385 4205 1469 4264 lloetr'i
1488 4221 1549 4262 eum
1566 4204 1680 4262 caeteris
1699 4203 1825 4262 Fridan'ei
1843 4219 1886 4265 se-

479 4302 559 4360 cundi
572 4303 601 4358 iu
614 4301 687 4359 Urbe
700 4301 850 4359 fautoribus
862 4317 893 4358 ee
904 4307 998 4359 contra
1012 4315 1110 4374 papam
1122 4301 1150 4357 in
1161 4301 1258 4374 palatio
1271 4306 1392 4358 veterum
1405 4301 1533 4358 Cesaram
1547 4301 1725 4359 muniverant.
1739 4319 1751 4352 ι
1765 4299 1887 4369 Quorum

480 4400 559 4458 solvit
571 4399 750 4472 coIIIgedonee
768 4398 872 4471 iniquae
888 4413 983 4454 manus
1001 4397 1104 4456 emdita
1115 4397 1261 4472 pontificis,
1280 4405 1308 4455 et
1320 4415 1369 4472 per
1381 4398 1509 4456 devotum
1529 4397 1657 4455 Johanuis
1672 4397 1707 4454 de
1717 4397 1809 4453 Iudice
1823 4402 1887 4453 tamo

479 4497 613 4556 senatoris
630 4496 788 4570 obseanum
804 4501 894 4553 turres
912 4494 1072 4552 hostiumst
1089 4495 1196 4567 operosi
1216 4495 1358 4554 marmoris
1374 4495 1493 4554 tabulata
1509 4494 1620 4569 palatia,
1639 4493 1727 4552 nobile
1744 4491 1886 4565 vestiglum

480 4594 578 4668 primis
594 4594 706 4665 aetatis,
717 4593 746 4649 in
757 4593 929 4667 opprobrium
942 4591 1035 4650 nrinae
1048 4591 1159 4664 redegit.
1178 4591 1253 4648 Tune
1268 4592 1375 4652 Ceserts
1387 4607 1495 4652 eeesere
1510 4591 1651 4666 praeconia
1664 4605 1718 4648 nen
1730 4605 1815 4663 eure,
1833 4603 1887 4647 nen

480 4689 578 4746 astutia
591 4689 719 4748 relevate.
735 4708 748 4742 e
763 4690 817 4746 Vit.
831 4688 943 4762 Greper.
956 4687 1010 4760 IX,
1024 4700 1069 4760 ap.
1079 4687 1239 4760 Ilounon,
1251 4685 1396 4762 Sere'pter,
1410 4694 1431 4745 t.
1443 4688 1490 4761 Ill,
1505 4704 1534 4763 p.
1547 4691 1610 4747 tet.
