4246 5906
966 623 969 628 .
1001 577 1215 642 FllllllilllGl
1239 580 1410 643 secono!
1720 581 1799 665 [dn.
1819 582 1901 644 1239.

368 1137 457 1242 A„
559 1121 735 1205 Mandata
761 1120 866 1203 uaria
891 1121 940 1202 ad
962 1120 1209 1230 justitiarium
1234 1121 1345 1205 uallis
1368 1121 1492 1205 Gratis
1518 1131 1556 1204 et
1581 1133 1702 1204 terrae
1722 1123 1903 1205 Jordanae

346 1243 375 1276 '⁰
439 1243 479 1274 '¹¹'
505 1253 553 1334 de
570 1251 813 1361 inquisitione
830 1251 1001 1334 facienda
1018 1263 1149 1335 contra
1174 1251 1405 1364 Roggerium
1431 1254 1479 1336 de
1503 1253 1678 1336 Gusentia
1702 1265 1740 1335 et
1755 1254 1902 1336 lohan-

505 1407 593 1464 nem
610 1383 774 1490 Bassum
794 1385 841 1466 dc
859 1385 1033 1482 Paterno,
1053 1384 1102 1464 de
1122 1383 1316 1493 exigendis
1336 1384 1395 1466 GC
1414 1383 1677 1494 augustalibus
1703 1383 1752 1464 ab
1770 1383 1901 1465 homi-

505 1513 617 1596 nibus
635 1515 832 1596 Brahallae
849 1541 918 1622 pro
939 1515 1142 1597 homicidio
1166 1515 1420 1620 clandestino,
1440 1517 1488 1596 de
1512 1515 1633 1596 unciis
1651 1514 1733 1597 auri
1753 1540 1775 1594 a
1793 1514 1900 1595 Tho-

505 1647 625 1729 masio
661 1649 707 1728 de
738 1649 952 1731 Martorano
988 1647 1036 1750 ad
1072 1647 1217 1729 curiam
1252 1647 1495 1756 deportandis
1525 1646 1603 1728 sire
1634 1646 1682 1728 ad
1715 1645 1900 1728 aermum

406 1853 408 1858 .
505 1779 714 1881 mittendis,
745 1781 803 1861 de'
820 1780 965 1862 ratione
982 1779 1153 1862 Senatori
1175 1781 1223 1861 de
1249 1781 1384 1862 Archis
1405 1780 1600 1888 quondam
1621 1777 1826 1887 justitiario
1854 1777 1901 1858 ab

503 1908 726 1992 officialibus
744 1910 950 1992 reddenda.
1064 1957 1071 1994 ·.

580 2089 710 2202 leym.
717 2105 834 2240 imper.
843 2107 961 2242 lbcder
970 2111 1017 2198 11,
1032 2123 1083 2184 lol.
1098 2131 1245 2212 88ιοοιο;
1264 2124 1384 2236 laedit.
1398 2124 1520 2224 Gmcnn.
1523 2140 1578 2200 ‚p
1598 2123 1681 2199 27³.)

549 2309 782 2402 Deimperabli
792 2309 963 2380 mondum
977 2311 1074 2400 scoto
1070 2303 1147 2404 ρον
1167 2311 1439 2478 mupistn'rm
1381 2310 1557 2382 Ynddccm
1578 2308 1618 2379 dc
1639 2307 1770 2380 Suessa
1763 2309 1899 2400 suipsit

502 2433 541 2502 G.
563 2433 603 2502 dc
619 2433 814 2502 Gareatai·
904 2449 907 2460 ’
1328 2475 1330 2482 -
1360 2477 1364 2484 -
1634 2467 1638 2476 ·

521 2553 760 2646 Frodoricus,
774 2564 854 2642 etc,
860 2501 1050 2632 rhetorum
1063 2556 1108 2629 do
1125 2557 1325 2634 Caswlliono
1339 2495 1524 2648 justitiario
1535 2555 1636 2626 vallis
1653 2553 1753 2626 Grate
1763 2562 1799 2626 et
1814 2561 1901 2626 tarro

500 2677 664 2764 Iordane,
672 2688 750 2750 etc.
772 2679 964 2750 Porrectam
983 2680 1131 2751 culmini
1147 2689 1263 2753 nostro
1285 2679 1443 2754 cedulam
1462 2679 1694 2753 continentem
1715 2678 1901 2751 delationes

501 2809 618 2873 contra
637 2801 843 2895 Roggerinm
858 2802 987 2896 Spatal.
1009 2801 1053 2875 de
1067 2803 1224 2876 Cusontia
1241 2813 1276 2875 et
1320 2804 1489 2876 ohannem
1508 2803 1653 2874 Bassum
1673 2799 1718 2874 dc
1737 2801 1900 2886 Patamo,

500 2921 561 2992 tibi
590 2923 762 2996 mictimns
791 2923 1011 2997 interclusam
1038 2925 1253 3018 presentibus
1282 2924 1504 3016 intuendam,
1534 2925 1634 3015 cnjus
1665 2923 1812 2995 similem
1842 2943 1903 3016 per

499 3043 614 3117 omnia
621 3045 787 3136 jussimus
806 3046 840 3116 in
861 3055 976 3119 nostra
989 3067 1125 3119 camera
1140 3047 1348 3119 conservari.
1369 3047 1480 3140 Super
1496 3045 1625 3139 quibus
1641 3046 1803 3117 omnibus
1820 3045 1902 3138 qnia

500 3189 559 3262 per
580 3177 614 3240 ta
630 3168 756 3262 inquiri
781 3179 815 3240 et
830 3169 917 3241 sciro
931 3167 1093 3242 volumus
1110 3169 1301 3256 veritatem,
1320 3166 1476 3240 fidelitati
1494 3175 1554 3240 tuo
1570 3165 1793 3262 precipiendo
1807 3186 1902 3237 man·

500 3289 624 3362 damus
646 3299 819 3384 qnatenus
839 3291 946 3385 ipsius
967 3291 1092 3364 cadulo
1115 3289 1296 3382 diligenter
1321 3292 1474 3384 inspecto
1494 3299 1614 3362 tenore
1632 3309 1736 3383 super
1758 3289 1902 3382 singulis

499 3435 569 3508 quc
586 3413 748 3502 continet,
766 3413 961 3507 diligentem
985 3423 1020 3488 et
1046 3423 1183 3488 cauum
1206 3413 1312 3485 lucius
1335 3413 1610 3508 inquisitionem,
1633 3433 1739 3506 quam
1757 3410 1904 3484 lidolitor

499 3537 689 3633 inscriptis
709 3536 901 3628 redactum
922 3539 988 3610 snb
1011 3538 1123 3630 sigillo
1148 3545 1208 3610 tuo
1233 3537 1277 3611 ad
1303 3535 1433 3608 curium
1454 3545 1604 3608 nostram
1629 3536 1767 3626 micus,
1786 3535 1904 3630 provi·

499 3681 602 3732 suros
625 3655 758 3732 notente
785 3668 824 3731 ut
845 3661 875 3732 si
902 3661 937 3732 in
969 3659 1034 3756 hys
1060 3681 1130 3754 qne
1156 3659 1279 3734 cedula
1305 3661 1456 3733 continet
1483 3659 1628 3754 predicti
1650 3659 1842 3752 Roggerins
1869 3669 1904 3730 ot

499 3783 670 3856 lohannes
691 3783 879 3878 culpabiles
897 3785 1023 3856 luerint
1052 3783 1199 3872 inventi,
1226 3793 1362 3878 recepta
1380 3783 1426 3854 ab
1447 3783 1498 3855 cis
1518 3782 1652 3878 ydonee
1675 3781 1834 3853 cantione
1858 3781 1904 3854 do

499 3906 763 3999 repraesentando
785 3927 824 3979 sc
842 3905 938 3978 cuda
959 3914 1090 3994 nostre,
1117 3905 1210 3999 ipsos
1232 3903 1277 3978 ad
1300 3905 1506 4000 presentiam
1524 3915 1675 3978 nostrum
1696 3903 1836 3992 mictas,
1856 3902 1903 3976 ad

498 4027 814 4122 comparandnm'
784 4049 834 4101 ers
847 4029 1109 4123 peremptorium
1123 4035 1370 4206 competentem
1382 4027 1574 4150 torminum
1580 4025 1786 4148 prelixmus,
1798 4047 1902 4119 qoem

499 4150 597 4223 nobis
611 4150 678 4222 tuis
691 4150 818 4224 lictoris
832 4149 1034 4224 declarabis.
1112 4199 1116 4210 ·
1174 4169 1230 4210 11
1265 4199 1279 4208 ··
1320 4173 1323 4180 ·
1447 4172 1452 4206 1
1571 4180 1573 4188 ι
1701 4189 1704 4196 -

546 4275 670 4346 Datum
672 4275 795 4369 apud·
799 4273 989 4366 Laudem,
983 4273 1093 4348 -XVlll
1109 4273 1320 4366 novembris,
1334 4197 1414 4346 lllll
1430 4269 1696 4348 mdrctronrs
1749 4317 1753 4324 ·

547 4397 623 4470 lle
605 4399 778 4490 ιιιροιιονι
762 4397 949 4468 mandato
958 4399 1094 4491 scripsit
1111 4399 1152 4468 lt
1171 4397 1210 4466 dc
1226 4393 1392 4468 Somno}

401 4543 457 4576 ²¹¹⁰·
567 4518 574 4618 Ι
595 4519 810 4612 Fredericus,
829 4529 911 4610 otc,
931 4521 1116 4612 justitiario
1131 4520 1233 4592 vallis
1249 4521 1349 4592 Grata
1366 4530 1401 4592 et
1420 4469 1508 4592 tarra
1527 4517 1692 4611 Iordane,
1714 4529 1788 4592 etc..
1800 4518 1902 4602 Que-

498 4644 604 4717 rolam
624 4645 752 4718 Nicolai
769 4643 818 4718 do
834 4645 990 4716 Bussano
1007 4640 1069 4741 [οι]
1084 4643 1212 4736 judicis
1230 4639 1617 4736 lloggerii'doblalveto
1634 4643 1763 4739 recepit
1784 4647 1900 4715 nostra
