4262 5910
503 613 565 676 634
1002 621 1216 684 rutouutct
1241 622 1414 683 securint
1723 628 1804 706 [dtu.
1821 627 1904 690 1239.

503 768 573 839 que
583 747 725 840 quidam
742 751 830 824 intcr
844 775 882 826 se
899 753 1080 847 dividunt,
1097 757 1193 829 curia
1208 765 1324 828 nostra
1335 755 1440 828 nichil
1457 757 1619 852 percipit,
1638 767 1672 830 et
1682 759 1711 830 si
1725 761 1834 832 forent
1847 763 1906 832 uui

503 871 721 964 procuranda
752 877 950 968 commissa,
977 879 1072 951 curie
1092 885 1208 951 nostra
1235 877 1453 950 commodum
1480 887 1670 951 curaretur.
1699 881 1810 975 Super
1838 903 1907 974 quo

503 993 707 1065 mandamus
721 993 878 1069 fidelitati
900 1009 959 1072 tue
976 1013 1015 1072 ut
1032 999 1166 1072 fidelem
1183 999 1357 1072 hominem
1369 1007 1404 1071 et
1418 997 1583 1072 idoneum
1596 1009 1737 1084 suturas,
1753 1005 1814 1095 qui
1833 1003 1905 1096 ipsa

502 1116 548 1188 ad
575 1117 751 1188 utilitatem
780 1121 874 1192 curie
897 1131 1011 1196 nostre
1035 1131 1210 1217 pmcuret,
1238 1123 1326 1193 sicut
1352 1123 1466 1216 ipsum
1493 1123 1597 1194 statui
1619 1121 1666 1196 ad
1688 1124 1905 1198 commodum

502 1247 655 1312 nostrum
669 1243 872 1334 cognoveris
883 1243 1062 1342 expedire,
1077 1265 1202 1318 nomon
1214 1245 1322 1339 ipsius
1333 1265 1437 1337 qoem
1451 1243 1666 1318 ordinaveris
1681 1255 1797 1318 nosue
1811 1249 1904 1320 coria

501 1363 776 1437 transmissuros.
799 1367 881 1438 ltem
901 1367 1109 1461 significavit
1126 1367 1222 1464 quod
1243 1367 1401 1441 homiues
1422 1369 1561 1444 Eracleo
1581 1369 1698 1442 fideles
1717 1369 1824 1442 nostri
1842 1392 1904 1444 vo-

500 1486 574 1558 lout
593 1488 726 1560 solvere
748 1490 936 1584 terragium
963 1493 1058 1564 curie
1083 1501 1197 1565 nostro
1218 1511 1281 1586 pro
1305 1491 1403 1564 terris
1423 1514 1511 1586 quas
1533 1500 1668 1582 tenent,
1690 1492 1787 1564 unde
1809 1493 1902 1567 curia

464 1657 470 1672 .
500 1619 613 1681 nostra
633 1611 802 1705 percipiet
822 1613 983 1706 usquein
1004 1635 1068 1686 sex
1089 1613 1182 1686 milla
1196 1614 1338 1704 ammas,
1357 1613 1487 1707 dequo
1505 1615 1618 1709 placet
1637 1615 1738 1686 nobis
1756 1624 1796 1686 ut
1810 1615 1840 1687 si
1856 1615 1903 1690 ita

499 1733 674 1804 inveneris
693 1755 770 1806 esse
788 1757 929 1828 verum,
953 1737 1096 1809 consilio
1113 1735 1231 1809 habito
1249 1758 1328 1808 cum
1343 1735 1418 1830 ipso
1430 1734 1474 1807 A.
1495 1737 1679 1832 terragium
1699 1737 1814 1832 ipsum
1828 1759 1903 1832 per·

498 1855 565 1948 cipi
586 1855 693 1927 facias
712 1865 747 1928 et
762 1855 906 1930 fideliter
926 1859 1115 1954 procurari.
1136 1861 1219 1932 ltem
1235 1859 1396 1954 exposuit
1412 1859 1512 1932 nobis
1527 1881 1589 1954 per
1610 1859 1749 1933 modam
1768 1861 1902 1934 lictores

498 1999 579 2050 snas
590 1977 685 2072 qood
696 1977 801 2051 iidem
814 1979 972 2054 homines
984 1983 1125 2056 Eraclee
1137 1991 1260 2078 potunt
1276 1982 1423 2076 plagium
1437 1979 1510 2056 fieri
1522 1983 1724 2078 porcariam
1736 1993 1898 2075 nostram,

497 2099 557 2172 ubi
573 2099 676 2172 barce
695 2101 870 2194 ingradari
889 2105 1037 2198 possint,
1057 2127 1127 2199 que
1146 2105 1261 2200 plagia
1279 2103 1352 2176 lieri
1369 2115 1497 2200 potest,
1513 2115 1552 2178 ut
1569 2107 1644 2200 ipse
1658 2106 1811 2200 scripsit,
1832 2107 1900 2180 fera

495 2245 558 2318 pro
571 2223 665 2298 mille
679 2225 823 2318 tarenis,
840 2235 874 2300 et
891 2227 1023 2322 grande
1034 2229 1253 2302 commodum
1267 2229 1363 2302 curie
1379 2239 1495 2301 nostre
1510 2238 1691 2302 accrescet.
1710 2230 1899 2324 Superque

495 2347 702 2422 mandamus
722 2351 785 2422 tibi
808 2360 847 2423 ut
869 2353 1120 2425 communicato
1138 2353 1281 2426 consilio
1298 2373 1377 2424 cum
1398 2353 1529 2448 prelato
1544 2352 1587 2424 Α.
1608 2353 1638 2424 si
1660 2353 1709 2424 ita
1727 2353 1898 2426 inveneris

496 2472 591 2566 quod
604 2473 640 2544 in
653 2473 769 2568 plagia
785 2473 859 2568 ipsa
872 2497 935 2570 pro
949 2485 1042 2548 tanta
1060 2475 1249 2570 quantitate
1259 2483 1460 2570 sumptuum
1479 2473 1649 2564 iacienda,
1668 2475 1797 2546 utilitas
1808 2473 1899 2546 curie

494 2605 609 2669 nostre
621 2605 796 2685 versetur,
813 2597 924 2693 ipsam
941 2597 1015 2672 fleri
1033 2599 1139 2672 iacias
1150 2599 1185 2670 in
1200 2619 1242 2672 ea
1256 2599 1448 2694 quantitate
1465 2608 1667 2694 sumptuum
1678 2597 1768 2670 siem
1781 2598 1899 2670 metim

493 2717 669 2791 videbitur
686 2719 869 2816 expedire,
890 2729 930 2794 ut
946 2721 1101 2795 studium
1112 2732 1230 2813 tuum,
1249 2729 1314 2794 etc.

541 2841 666 2913 Datum
684 2837 734 2940 [ut
750 2839 885 2942 ruproJ.

541 2967 625 3036 ltem
637 2969 770 3061 scripsit
783 2969 826 3040 n.
848 2967 888 3040 dc
906 2963 1044 3040 Salcrm
1059 2995 1071 3040 .·

393 3151 402 3172 ,
541 3087 760 3180 Fredericns,
780 3099 863 3181 etc,
888 3091 1046 3164 Nicolino
1070 3089 1214 3185 Spinule
1236 3091 1437 3180 ammirato,
1459 3099 1524 3161 etc.
1550 3087 1765 3181 Significavit
1786 3089 1898 3162 excel·

493 3213 598 3285 lentie
621 3221 735 3286 nostre
753 3213 907 3308 Angelus
923 3215 1097 3287 Fresarius
1118 3213 1280 3306 magister
1299 3213 1504 3308 portulanus
1528 3209 1643 3284 Sicilie
1669 3213 1752 3284 citra
1773 3213 1897 3285 flumen

494 3337 644 3428 Salsum,
664 3335 855 3431 quodcum
870 3337 1141 3410 commiserimus
1159 3338 1191 3410 ei
1205 3337 1300 3431 quod
1317 3335 1481 3408 victualia
1494 3337 1591 3408 curie
1603 3343 1719 3408 nostre
1733 3357 1802 3430 quo
1817 3347 1895 3408 sunt

495 3481 556 3556 per
573 3481 699 3532 manus
716 3483 815 3552 suas,
833 3461 879 3534 ad
900 3461 975 3533 illas
992 3470 1106 3556 partes
1124 3471 1222 3534 extra
1239 3483 1385 3555 regnum
1405 3461 1545 3534 mictere
1564 3458 1689 3533 debeat
1713 3461 1748 3532 in
1770 3461 1896 3555 quihus

495 3585 603 3656 vendi
625 3585 764 3658 valeant
784 3585 900 3680 precio
923 3585 1045 3659 cariori
1072 3583 1118 3658 ad
1144 3583 1324 3657 utilitatem
1350 3583 1447 3656 curie
1468 3591 1603 3674 nostre,
1629 3581 1659 3655 si
1682 3584 1728 3658 de
1751 3583 1896 3656 navibus

496 3707 591 3778 curie
610 3721 726 3780 nostre
746 3729 808 3803 pro
833 3707 1014 3781 mictendis
1033 3707 1242 3782 victualibus
1264 3708 1350 3806 ipsis
1373 3707 1419 3781 ad
1435 3706 1679 3796 vendendum,
1702 3729 1808 3779 unam
1830 3709 1892 3779 sibi

497 3829 608 3900 lacere
620 3829 826 3902 mandamus
836 3831 1014 3925 assignari,
1026 3853 1104 3903 cum
1119 3853 1160 3904 ea
1174 3851 1338 3922 magnum
1352 3829 1569 3904 commodum
1583 3839 1698 3902 nostre
1711 3831 1807 3902 curie
1823 3851 1896 3924 pro

496 3959 643 4023 curaret.
673 3952 787 4036 Quare
810 3951 962 4026 fidelitati
993 3965 1051 4026 tuo
1080 3953 1297 4048 precipiendo
1325 3952 1530 4026 mandamus
1556 3963 1749 4047 quatenus,
1782 3953 1896 4025 habito

496 4095 600 4169 super
621 4073 687 4146 hoc
710 4075 882 4169 colloquio
903 4087 937 4148 et
962 4077 1104 4149 oonsilio
1128 4099 1205 4148 cum
1230 4075 1352 4149 eodem
1375 4075 1528 4170 Angelo,
1554 4077 1583 4146 si
1614 4075 1768 4148 videritis
1796 4075 1895 4148 simul

495 4197 591 4292 quod
610 4197 702 4270 idem
721 4197 765 4268 Α.
789 4197 833 4270 de
858 4199 1067 4272 victualibus
1089 4199 1171 4295 ipsis
1194 4201 1305 4291 majus
1325 4197 1546 4271 commodum
1568 4199 1663 4270 curie
1684 4208 1800 4271 nostre
1819 4219 1894 4270 cum

495 4321 576 4393 navi
601 4332 714 4392 nostra
743 4322 858 4393 valeat
886 4343 1084 4416 procurare,
1114 4335 1151 4393 tu
1178 4343 1280 4394 unam
1307 4321 1353 4394 de
1378 4321 1526 4395 navibus
1554 4321 1650 4392 curie
1677 4331 1794 4393 nostre
1818 4343 1895 4393 com

494 4453 660 4538 apparatu
688 4465 771 4535 suo,
793 4467 855 4540 pro
877 4443 1081 4539 exequendo
1108 4445 1253 4518 servicio
1279 4445 1354 4541 ipso
1379 4467 1457 4518 cum
1482 4467 1542 4532 ea,
1565 4445 1624 4516 vel
1651 4443 1770 4516 navim
1797 4445 1894 4516 aliam

494 4587 749 4660 quamcumque
765 4569 888 4663 poteris
907 4569 953 4641 ad
971 4567 1188 4641 commodum
1207 4577 1321 4640 nostre
1339 4567 1434 4639 curie
1453 4567 1519 4638 sibi
1537 4565 1642 4637 socias
1659 4563 1842 4655 assignari,
1863 4571 1897 4633 et

445 4713 448 4720 ’
492 4689 659 4785 quicquid
681 4691 761 4762 inde
784 4689 928 4764 duxeris
949 4689 1143 4763 laciendum
1165 4691 1263 4763 nobis
1283 4691 1352 4762 tuis
1371 4689 1495 4764 lictaris
1510 4685 1706 4782 siguificare
1718 4706 1890 4783 procures.

542 4816 665 4887 Datum
680 4808 730 4910 [ut
744 4811 877 4911 supra}
