<?xml version="1.0" encoding="UTF-8"?>
<!DOCTYPE html PUBLIC "-//W3C//DTD XHTML 1.0 Transitional//EN"
    "http://www.w3.org/TR/xhtml1/DTD/xhtml1-transitional.dtd">
<html xmlns="http://www.w3.org/1999/xhtml" xml:lang="en" lang="en">
 <head>
  <title>
</title>
<meta http-equiv="Content-Type" content="text/html;charset=utf-8" />
  <meta name='ocr-system' content='tesseract 3.04.00' />
  <meta name='ocr-capabilities' content='ocr_page ocr_carea ocr_par ocr_line ocrx_word'/>
</head>
<body>
  <div class='ocr_page' id='page_1' title='image "./historiadiploma02fredgoog_0575.png"; bbox 0 0 4246 5906; ppageno 0'>
   <div class='ocr_carea' id='block_1_1' title="bbox 513 569 1926 1542">
    <p class='ocr_par' dir='ltr' id='par_1_1' title="bbox 513 569 1926 1542">
     <span class='ocr_line' id='line_1_1' title="bbox 518 569 1924 670; baseline 0.016 -40"><span class='ocrx_word' id='word_1_1' title='bbox 518 569 579 630; x_wconf 76' lang='lat'>562</span> <span class='ocrx_word' id='word_1_2' title='bbox 1017 572 1232 638; x_wconf 72' lang='lat' dir='ltr'>relocaret</span> <span class='ocrx_word' id='word_1_3' title='bbox 1256 577 1431 640; x_wconf 72' lang='lat' dir='ltr'>succum</span> <span class='ocrx_word' id='word_1_4' title='bbox 1744 587 1823 670; x_wconf 70' lang='lat' dir='ltr'>[Aa</span> <span class='ocrx_word' id='word_1_5' title='bbox 1842 590 1924 652; x_wconf 62' lang='lat' dir='ltr'>lm</span> 
     </span>
     <span class='ocr_line' id='line_1_2' title="bbox 517 701 1926 818; baseline 0.018 -46"><span class='ocrx_word' id='word_1_6' title='bbox 517 701 648 773; x_wconf 84' lang='lat' dir='ltr'>Theani</span> <span class='ocrx_word' id='word_1_7' title='bbox 668 701 782 774; x_wconf 91' lang='lat' dir='ltr'>eidem</span> <span class='ocrx_word' id='word_1_8' title='bbox 801 702 844 774; x_wconf 86' lang='grc' dir='ltr'>Α.</span> <span class='ocrx_word' id='word_1_9' title='bbox 863 701 909 776; x_wconf 94' lang='lat' dir='ltr'>de</span> <span class='ocrx_word' id='word_1_10' title='bbox 932 705 1043 778; x_wconf 79' lang='lat' dir='ltr'>cicala</span> <span class='ocrx_word' id='word_1_11' title='bbox 1065 709 1247 803; x_wconf 82' lang='lat' dir='ltr'>capitaneo</span> <span class='ocrx_word' id='word_1_12' title='bbox 1267 733 1333 807; x_wconf 92' lang='lat' dir='ltr'>pro</span> <span class='ocrx_word' id='word_1_13' title='bbox 1354 714 1534 786; x_wconf 84' lang='lat' dir='ltr'>mansione</span> <span class='ocrx_word' id='word_1_14' title='bbox 1551 718 1674 789; x_wconf 85' lang='lat' dir='ltr'>uxoris</span> <span class='ocrx_word' id='word_1_15' title='bbox 1689 741 1756 794; x_wconf 88' lang='lat' dir='ltr'>sne</span> <span class='ocrx_word' id='word_1_16' title='bbox 1776 723 1926 818; x_wconf 84' lang='lat' dir='ltr'>predicta</span> 
     </span>
     <span class='ocr_line' id='line_1_3' title="bbox 515 823 1923 923; baseline 0.017 -26"><span class='ocrx_word' id='word_1_17' title='bbox 515 823 645 897; x_wconf 82' lang='lat' dir='ltr'>debeas</span> <span class='ocrx_word' id='word_1_18' title='bbox 666 825 862 916; x_wconf 69' lang='lat' dir='ltr'>mignare,</span> <span class='ocrx_word' id='word_1_19' title='bbox 886 827 949 921; x_wconf 86' lang='lat' dir='ltr'>qni</span> <span class='ocrx_word' id='word_1_20' title='bbox 976 829 1091 923; x_wconf 86' lang='lat' dir='ltr'>ipsum</span> <span class='ocrx_word' id='word_1_21' title='bbox 1117 832 1221 906; x_wconf 78' lang='lat' dir='ltr'>iaciat</span> <span class='ocrx_word' id='word_1_22' title='bbox 1244 833 1292 908; x_wconf 87' lang='lat' dir='ltr'>ad</span> <span class='ocrx_word' id='word_1_23' title='bbox 1312 835 1479 910; x_wconf 86' lang='lat' dir='ltr'>honorem</span> <span class='ocrx_word' id='word_1_24' title='bbox 1501 849 1537 910; x_wconf 85' lang='lat' dir='ltr'>et</span> <span class='ocrx_word' id='word_1_25' title='bbox 1556 837 1754 916; x_wconf 84' lang='lat' dir='ltr'>lidelitatem</span> <span class='ocrx_word' id='word_1_26' title='bbox 1777 857 1923 919; x_wconf 72' lang='lat' dir='ltr'>man</span> 
     </span>
     <span class='ocr_line' id='line_1_4' title="bbox 515 947 1925 1059; baseline 0.019 -41"><span class='ocrx_word' id='word_1_27' title='bbox 515 949 604 1019; x_wconf 88' lang='lat' dir='ltr'>sicut</span> <span class='ocrx_word' id='word_1_28' title='bbox 616 947 809 1042; x_wconf 84' lang='lat' dir='ltr'>expedierit</span> <span class='ocrx_word' id='word_1_29' title='bbox 822 951 987 1023; x_wconf 86' lang='lat' dir='ltr'>custodiri</span> <span class='ocrx_word' id='word_1_30' title='bbox 996 975 1077 1024; x_wconf 91' lang='lat' dir='ltr'>cnm</span> <span class='ocrx_word' id='word_1_31' title='bbox 1093 957 1259 1050; x_wconf 82' lang='lat' dir='ltr'>expensis</span> <span class='ocrx_word' id='word_1_32' title='bbox 1274 960 1361 1032; x_wconf 89' lang='lat' dir='ltr'>suis.</span> <span class='ocrx_word' id='word_1_33' title='bbox 1380 961 1432 1032; x_wconf 88' lang='lat' dir='ltr'>Tn</span> <span class='ocrx_word' id='word_1_34' title='bbox 1446 981 1532 1034; x_wconf 84' lang='lat' dir='ltr'>vero</span> <span class='ocrx_word' id='word_1_35' title='bbox 1545 960 1754 1059; x_wconf 68' lang='lat' dir='ltr'>deliraque</span> <span class='ocrx_word' id='word_1_36' title='bbox 1767 967 1804 1038; x_wconf 92' lang='lat' dir='ltr'>in</span> <span class='ocrx_word' id='word_1_37' title='bbox 1818 981 1925 1044; x_wconf 71' lang='lat' dir='ltr'>ndrn</span> 
     </span>
     <span class='ocr_line' id='line_1_5' title="bbox 514 1072 1922 1172; baseline 0.017 -30"><span class='ocrx_word' id='word_1_38' title='bbox 514 1072 591 1166; x_wconf 92' lang='lat' dir='ltr'>ipso</span> <span class='ocrx_word' id='word_1_39' title='bbox 616 1073 864 1166; x_wconf 76' lang='lat' dir='ltr'>assignaveris,</span> <span class='ocrx_word' id='word_1_40' title='bbox 886 1075 951 1146; x_wconf 88' lang='lat' dir='ltr'>tria</span> <span class='ocrx_word' id='word_1_41' title='bbox 978 1077 1105 1172; x_wconf 87' lang='lat' dir='ltr'>scripta</span> <span class='ocrx_word' id='word_1_42' title='bbox 1130 1081 1329 1160; x_wconf 82' lang='lat' dir='ltr'>authentico</span> <span class='ocrx_word' id='word_1_43' title='bbox 1353 1084 1544 1158; x_wconf 85' lang='lat' dir='ltr'>consimilia</span> <span class='ocrx_word' id='word_1_44' title='bbox 1565 1084 1640 1159; x_wconf 71' lang='lat' dir='ltr'>nar·</span> <span class='ocrx_word' id='word_1_45' title='bbox 1663 1089 1770 1162; x_wconf 84' lang='lat' dir='ltr'>incias</span> <span class='ocrx_word' id='word_1_46' title='bbox 1789 1118 1799 1160; x_wconf 91' lang='lat'><strong>:</strong></span> <span class='ocrx_word' id='word_1_47' title='bbox 1819 1113 1922 1166; x_wconf 90' lang='lat' dir='ltr'>unum</span> 
     </span>
     <span class='ocr_line' id='line_1_6' title="bbox 514 1194 1922 1292; baseline 0.016 -25"><span class='ocrx_word' id='word_1_48' title='bbox 514 1194 702 1268; x_wconf 86' lang='lat' dir='ltr'>tenendum</span> <span class='ocrx_word' id='word_1_49' title='bbox 724 1197 771 1268; x_wconf 87' lang='lat' dir='ltr'>ab</span> <span class='ocrx_word' id='word_1_50' title='bbox 791 1197 867 1292; x_wconf 90' lang='lat' dir='ltr'>ipso</span> <span class='ocrx_word' id='word_1_51' title='bbox 880 1197 939 1288; x_wconf 77' lang='lat' dir='ltr'>A,</span> <span class='ocrx_word' id='word_1_52' title='bbox 961 1201 1057 1273; x_wconf 84' lang='lat' dir='ltr'>aliud</span> <span class='ocrx_word' id='word_1_53' title='bbox 1078 1224 1101 1274; x_wconf 85' lang='lat' dir='ltr'>a</span> <span class='ocrx_word' id='word_1_54' title='bbox 1119 1213 1173 1286; x_wconf 85' lang='lat' dir='ltr'>tc,</span> <span class='ocrx_word' id='word_1_55' title='bbox 1195 1205 1333 1278; x_wconf 63' lang='lat' dir='ltr'>mium</span> <span class='ocrx_word' id='word_1_56' title='bbox 1356 1207 1404 1280; x_wconf 82' lang='lat' dir='ltr'>ad</span> <span class='ocrx_word' id='word_1_57' title='bbox 1419 1217 1571 1282; x_wconf 76' lang='lat' dir='ltr'>noeuam</span> <span class='ocrx_word' id='word_1_58' title='bbox 1596 1211 1726 1283; x_wconf 74' lang='lat' dir='ltr'>oudam</span> <span class='ocrx_word' id='word_1_59' title='bbox 1744 1215 1922 1288; x_wconf 71' lang='lat' dir='ltr'>mmin-</span> 
     </span>
     <span class='ocr_line' id='line_1_7' title="bbox 513 1318 670 1391; baseline 0 -1"><span class='ocrx_word' id='word_1_60' title='bbox 513 1318 670 1391; x_wconf 89' lang='lat' dir='ltr'>tendum.</span> 
     </span>
     <span class='ocr_line' id='line_1_8' title="bbox 563 1438 897 1542; baseline 0.006 -28"><span class='ocrx_word' id='word_1_61' title='bbox 563 1443 687 1514; x_wconf 84' lang='lat' dir='ltr'>llatnm</span> <span class='ocrx_word' id='word_1_62' title='bbox 699 1438 752 1538; x_wconf 83' lang='lat' dir='ltr'>[ut</span> <span class='ocrx_word' id='word_1_63' title='bbox 765 1441 897 1542; x_wconf 78' lang='lat' dir='ltr'>ruprcl.</span> 
     </span>
    </p>
   </div>
   <div class='ocr_carea' id='block_1_2' title="bbox 1112 1757 1711 1777">
    <p class='ocr_par' dir='ltr' id='par_1_2' title="bbox 1112 1757 1711 1777">
     <span class='ocr_line' id='line_1_9' title="bbox 1112 1757 1711 1777; baseline 0.018 -12"><span class='ocrx_word' id='word_1_64' title='bbox 1112 1757 1540 1772; x_wconf 67' lang='lat'><em>--—-—-..-—--....-.-</em></span> <span class='ocrx_word' id='word_1_65' title='bbox 1547 1765 1711 1777; x_wconf 78' lang='lat'>--—-.-..</span> 
     </span>
    </p>
   </div>
   <div class='ocr_carea' id='block_1_3' title="bbox 312 2039 1919 2550">
    <p class='ocr_par' dir='ltr' id='par_1_3' title="bbox 327 2039 1919 2162">
     <span class='ocr_line' id='line_1_10' title="bbox 327 2039 1919 2162; baseline 0.01 -41"><span class='ocrx_word' id='word_1_66' title='bbox 327 2054 458 2158; x_wconf 38' lang='grc' dir='ltr'>ὦ,</span> <span class='ocrx_word' id='word_1_67' title='bbox 563 2039 724 2124; x_wconf 80' lang='lat' dir='ltr'>Litterae</span> <span class='ocrx_word' id='word_1_68' title='bbox 740 2041 980 2148; x_wconf 86' lang='lat' dir='ltr'>responsales</span> <span class='ocrx_word' id='word_1_69' title='bbox 998 2042 1048 2124; x_wconf 88' lang='lat' dir='ltr'>ad</span> <span class='ocrx_word' id='word_1_70' title='bbox 1062 2041 1313 2151; x_wconf 87' lang='lat' dir='ltr'>justitiarium</span> <span class='ocrx_word' id='word_1_71' title='bbox 1331 2045 1570 2155; x_wconf 86' lang='lat' dir='ltr'>Principntus</span> <span class='ocrx_word' id='word_1_72' title='bbox 1587 2059 1631 2130; x_wconf 86' lang='lat' dir='ltr'>ut</span> <span class='ocrx_word' id='word_1_73' title='bbox 1647 2051 1806 2136; x_wconf 91' lang='lat' dir='ltr'>omnino</span> <span class='ocrx_word' id='word_1_74' title='bbox 1822 2077 1919 2162; x_wconf 88' lang='lat' dir='ltr'>pro-</span> 
     </span>
    </p>

    <p class='ocr_par' dir='ltr' id='par_1_4' title="bbox 312 2161 1918 2550">
     <span class='ocr_line' id='line_1_11' title="bbox 312 2161 1918 2284; baseline 0.009 -31"><span class='ocrx_word' id='word_1_75' title='bbox 312 2161 475 2206; x_wconf 60' lang='lat' dir='ltr'>omas.</span> <span class='ocrx_word' id='word_1_76' title='bbox 509 2171 638 2255; x_wconf 79' lang='lat' dir='ltr'>hibent</span> <span class='ocrx_word' id='word_1_77' title='bbox 665 2199 714 2256; x_wconf 91' lang='lat' dir='ltr'>ne</span> <span class='ocrx_word' id='word_1_78' title='bbox 739 2173 915 2256; x_wconf 89' lang='lat' dir='ltr'>homines</span> <span class='ocrx_word' id='word_1_79' title='bbox 943 2175 1051 2283; x_wconf 85' lang='lat' dir='ltr'>regni</span> <span class='ocrx_word' id='word_1_80' title='bbox 1083 2176 1150 2284; x_wconf 89' lang='lat' dir='ltr'>qui</span> <span class='ocrx_word' id='word_1_81' title='bbox 1182 2175 1440 2259; x_wconf 85' lang='lat' dir='ltr'>Beneventum</span> <span class='ocrx_word' id='word_1_82' title='bbox 1459 2204 1500 2262; x_wconf 89' lang='lat' dir='ltr'>se</span> <span class='ocrx_word' id='word_1_83' title='bbox 1526 2181 1768 2266; x_wconf 85' lang='lat' dir='ltr'>contulerunt</span> <span class='ocrx_word' id='word_1_84' title='bbox 1789 2185 1829 2265; x_wconf 93' lang='lat' dir='ltr'>in</span> <span class='ocrx_word' id='word_1_85' title='bbox 1851 2211 1918 2267; x_wconf 86' lang='lat' dir='ltr'>ne-</span> 
     </span>
     <span class='ocr_line' id='line_1_12' title="bbox 508 2309 1918 2424; baseline 0.011 -38"><span class='ocrx_word' id='word_1_86' title='bbox 508 2331 629 2414; x_wconf 86' lang='lat' dir='ltr'>gnom</span> <span class='ocrx_word' id='word_1_87' title='bbox 666 2315 921 2412; x_wconf 73' lang='lat' dir='ltr'>revomantur,</span> <span class='ocrx_word' id='word_1_88' title='bbox 957 2333 1046 2388; x_wconf 88' lang='lat' dir='ltr'>eum</span> <span class='ocrx_word' id='word_1_89' title='bbox 1087 2309 1397 2392; x_wconf 86' lang='lat' dir='ltr'>commendantes</span> <span class='ocrx_word' id='word_1_90' title='bbox 1431 2311 1480 2394; x_wconf 88' lang='lat' dir='ltr'>de</span> <span class='ocrx_word' id='word_1_91' title='bbox 1517 2313 1644 2396; x_wconf 88' lang='lat' dir='ltr'>studio</span> <span class='ocrx_word' id='word_1_92' title='bbox 1679 2317 1785 2424; x_wconf 86' lang='lat' dir='ltr'>qnod</span> <span class='ocrx_word' id='word_1_93' title='bbox 1822 2317 1918 2400; x_wconf 88' lang='lat' dir='ltr'>circo</span> 
     </span>
     <span class='ocr_line' id='line_1_13' title="bbox 507 2439 1635 2550; baseline 0.005 -30"><span class='ocrx_word' id='word_1_94' title='bbox 507 2439 719 2522; x_wconf 79' lang='lat' dir='ltr'>custodiam</span> <span class='ocrx_word' id='word_1_95' title='bbox 738 2439 1014 2523; x_wconf 88' lang='lat' dir='ltr'>llontisiusculi</span> <span class='ocrx_word' id='word_1_96' title='bbox 1032 2451 1070 2522; x_wconf 88' lang='lat' dir='ltr'>et</span> <span class='ocrx_word' id='word_1_97' title='bbox 1087 2439 1243 2524; x_wconf 88' lang='lat' dir='ltr'>illarum</span> <span class='ocrx_word' id='word_1_98' title='bbox 1260 2443 1428 2550; x_wconf 86' lang='lat' dir='ltr'>partium</span> <span class='ocrx_word' id='word_1_99' title='bbox 1446 2443 1635 2528; x_wconf 82' lang='lat' dir='ltr'>adhibuit.</span> 
     </span>
    </p>
   </div>
   <div class='ocr_carea' id='block_1_4' title="bbox 587 2637 1700 2726">
    <p class='ocr_par' dir='ltr' id='par_1_5' title="bbox 587 2637 1700 2726">
     <span class='ocr_line' id='line_1_14' title="bbox 587 2637 1700 2726; baseline 0.008 -26"><span class='ocrx_word' id='word_1_100' title='bbox 587 2639 716 2720; x_wconf 72' lang='lat' dir='ltr'>(Ittpnt.</span> <span class='ocrx_word' id='word_1_101' title='bbox 731 2639 835 2720; x_wconf 68' lang='lat' dir='ltr'>snper.</span> <span class='ocrx_word' id='word_1_102' title='bbox 850 2637 972 2702; x_wconf 74' lang='lat' dir='ltr'>Mer.</span> <span class='ocrx_word' id='word_1_103' title='bbox 986 2638 1032 2715; x_wconf 86' lang='lat'>11,</span> <span class='ocrx_word' id='word_1_104' title='bbox 1046 2641 1101 2702; x_wconf 89' lang='lat' dir='ltr'>lol.</span> <span class='ocrx_word' id='word_1_105' title='bbox 1118 2651 1156 2702; x_wconf 74' lang='lat'>³4</span> <span class='ocrx_word' id='word_1_106' title='bbox 1170 2647 1267 2714; x_wconf 77' lang='lat' dir='ltr'>recto3</span> <span class='ocrx_word' id='word_1_107' title='bbox 1282 2643 1314 2702; x_wconf 91' lang='lat' dir='ltr'>ln</span> <span class='ocrx_word' id='word_1_108' title='bbox 1327 2641 1400 2706; x_wconf 81' lang='lat' dir='ltr'>edit.</span> <span class='ocrx_word' id='word_1_109' title='bbox 1415 2645 1552 2718; x_wconf 71' lang='lat' dir='ltr'>cumn,</span> <span class='ocrx_word' id='word_1_110' title='bbox 1566 2663 1600 2724; x_wconf 89' lang='lat' dir='ltr'>p.</span> <span class='ocrx_word' id='word_1_111' title='bbox 1615 2649 1700 2726; x_wconf 75' lang='lat' dir='ltr'>m.)</span> 
     </span>
    </p>
   </div>
   <div class='ocr_carea' id='block_1_5' title="bbox 502 2811 2102 4776">
    <p class='ocr_par' dir='ltr' id='par_1_6' title="bbox 502 2811 1915 3033">
     <span class='ocr_line' id='line_1_15' title="bbox 554 2811 1915 2914; baseline 0.008 -30"><span class='ocrx_word' id='word_1_112' title='bbox 554 2811 736 2886; x_wconf 78' lang='lat' dir='ltr'>llcodnnte</span> <span class='ocrx_word' id='word_1_113' title='bbox 751 2813 882 2886; x_wconf 69' lang='lat' dir='ltr'>densim</span> <span class='ocrx_word' id='word_1_114' title='bbox 893 2815 1089 2908; x_wconf 73' lang='lat' dir='ltr'>inperatore</span> <span class='ocrx_word' id='word_1_115' title='bbox 1099 2835 1164 2908; x_wconf 79' lang='lat' dir='ltr'>per</span> <span class='ocrx_word' id='word_1_116' title='bbox 1184 2816 1385 2906; x_wconf 76' lang='lat' dir='ltr'>mapiatmm</span> <span class='ocrx_word' id='word_1_117' title='bbox 1406 2817 1605 2892; x_wconf 74' lang='lat' dir='ltr'>discordum</span> <span class='ocrx_word' id='word_1_118' title='bbox 1623 2819 1664 2892; x_wconf 81' lang='lat' dir='ltr'>de</span> <span class='ocrx_word' id='word_1_119' title='bbox 1684 2821 1835 2914; x_wconf 77' lang='lat' dir='ltr'>Trcjcrto</span> <span class='ocrx_word' id='word_1_120' title='bbox 1848 2845 1915 2894; x_wconf 80' lang='lat' dir='ltr'>rer-</span> 
     </span>
     <span class='ocr_line' id='line_1_16' title="bbox 502 2939 1408 3033; baseline -0.002 -21"><span class='ocrx_word' id='word_1_121' title='bbox 502 2940 659 3031; x_wconf 78' lang='lat' dir='ltr'>ponrolcs</span> <span class='ocrx_word' id='word_1_122' title='bbox 675 2939 950 3033; x_wconf 75' lang='lat' dir='ltr'>lictcrurecripait</span> <span class='ocrx_word' id='word_1_123' title='bbox 965 2939 1113 3012; x_wconf 67' lang='lat' dir='ltr'>norm</span> <span class='ocrx_word' id='word_1_124' title='bbox 1127 2941 1169 3012; x_wconf 84' lang='lat' dir='ltr'>lt.</span> <span class='ocrx_word' id='word_1_125' title='bbox 1192 2939 1408 3012; x_wconf 73' lang='lat' dir='ltr'>desolentur</span> 
     </span>
    </p>

    <p class='ocr_par' dir='ltr' id='par_1_7' title="bbox 504 3063 2102 4776">
     <span class='ocr_line' id='line_1_17' title="bbox 556 3063 1916 3161; baseline 0.003 -25"><span class='ocrx_word' id='word_1_126' title='bbox 556 3065 774 3156; x_wconf 85' lang='lat' dir='ltr'>Fredericno,</span> <span class='ocrx_word' id='word_1_127' title='bbox 792 3075 877 3156; x_wconf 83' lang='lat' dir='ltr'>etc,</span> <span class='ocrx_word' id='word_1_128' title='bbox 889 3064 1077 3158; x_wconf 76' lang='lat' dir='ltr'>Jnsotiario</span> <span class='ocrx_word' id='word_1_129' title='bbox 1090 3063 1322 3158; x_wconf 72' lang='lat' dir='ltr'>principatus,</span> <span class='ocrx_word' id='word_1_130' title='bbox 1338 3075 1406 3138; x_wconf 86' lang='lat' dir='ltr'>ate.</span> <span class='ocrx_word' id='word_1_131' title='bbox 1425 3066 1598 3161; x_wconf 78' lang='lat' dir='ltr'>Benigno,</span> <span class='ocrx_word' id='word_1_132' title='bbox 1612 3077 1696 3156; x_wconf 79' lang='lat' dir='ltr'>etc,</span> <span class='ocrx_word' id='word_1_133' title='bbox 1715 3068 1870 3141; x_wconf 83' lang='lat' dir='ltr'>studium</span> <span class='ocrx_word' id='word_1_134' title='bbox 1883 3079 1916 3142; x_wconf 92' lang='lat' dir='ltr'>et</span> 
     </span>
     <span class='ocr_line' id='line_1_18' title="bbox 506 3131 2102 3288; baseline 0.001 -22"><span class='ocrx_word' id='word_1_135' title='bbox 506 3191 768 3266; x_wconf 88' lang='lat' dir='ltr'>sollicitudinem</span> <span class='ocrx_word' id='word_1_136' title='bbox 787 3189 1052 3263; x_wconf 86' lang='lat' dir='ltr'>tnamhabitam</span> <span class='ocrx_word' id='word_1_137' title='bbox 1070 3191 1175 3281; x_wconf 84' lang='lat' dir='ltr'>juxta</span> <span class='ocrx_word' id='word_1_138' title='bbox 1198 3189 1401 3264; x_wconf 84' lang='lat' dir='ltr'>mandatnm</span> <span class='ocrx_word' id='word_1_139' title='bbox 1422 3202 1579 3264; x_wconf 88' lang='lat' dir='ltr'>nostrum</span> <span class='ocrx_word' id='word_1_140' title='bbox 1594 3192 1640 3266; x_wconf 89' lang='lat' dir='ltr'>da</span> <span class='ocrx_word' id='word_1_141' title='bbox 1654 3195 1914 3288; x_wconf 81' lang='lat' dir='ltr'>requirendiset</span> <span class='ocrx_word' id='word_1_142' title='bbox 2100 3131 2102 3288; x_wconf 85' lang='lat' dir='ltr'>l</span> 
     </span>
     <span class='ocr_line' id='line_1_19' title="bbox 505 3311 2101 3406; baseline 0.001 -17"><span class='ocrx_word' id='word_1_143' title='bbox 505 3316 697 3390; x_wconf 85' lang='lat' dir='ltr'>invisendis</span> <span class='ocrx_word' id='word_1_144' title='bbox 711 3315 831 3388; x_wconf 85' lang='lat' dir='ltr'>castris</span> <span class='ocrx_word' id='word_1_145' title='bbox 847 3313 921 3386; x_wconf 85' lang='lat' dir='ltr'>sitis</span> <span class='ocrx_word' id='word_1_146' title='bbox 937 3313 1029 3386; x_wconf 82' lang='lat' dir='ltr'>circo</span> <span class='ocrx_word' id='word_1_147' title='bbox 1043 3315 1295 3406; x_wconf 82' lang='lat' dir='ltr'>Beneventum,</span> <span class='ocrx_word' id='word_1_148' title='bbox 1314 3335 1463 3388; x_wconf 85' lang='lat' dir='ltr'>necnon</span> <span class='ocrx_word' id='word_1_149' title='bbox 1481 3316 1576 3390; x_wconf 84' lang='lat' dir='ltr'>etde</span> <span class='ocrx_word' id='word_1_150' title='bbox 1593 3319 1912 3392; x_wconf 74' lang='lat' dir='ltr'>cosnollontisins-</span> <span class='ocrx_word' id='word_1_151' title='bbox 2100 3311 2101 3338; x_wconf 63' lang='lat'>¹</span> 
     </span>
     <span class='ocr_line' id='line_1_20' title="bbox 506 3437 1912 3537; baseline 0.001 -25"><span class='ocrx_word' id='word_1_152' title='bbox 506 3441 575 3512; x_wconf 93' lang='lat' dir='ltr'>cnli</span> <span class='ocrx_word' id='word_1_153' title='bbox 596 3463 644 3513; x_wconf 83' lang='lat' dir='ltr'>ex</span> <span class='ocrx_word' id='word_1_154' title='bbox 657 3461 761 3536; x_wconf 90' lang='lat' dir='ltr'>opere</span> <span class='ocrx_word' id='word_1_155' title='bbox 774 3437 1068 3512; x_wconf 76' lang='lat' dir='ltr'>commendantes.</span> <span class='ocrx_word' id='word_1_156' title='bbox 1085 3438 1197 3532; x_wconf 87' lang='lat' dir='ltr'>Super</span> <span class='ocrx_word' id='word_1_157' title='bbox 1212 3459 1254 3510; x_wconf 93' lang='lat' dir='ltr'>oo</span> <span class='ocrx_word' id='word_1_158' title='bbox 1272 3459 1357 3512; x_wconf 86' lang='lat' dir='ltr'>vero</span> <span class='ocrx_word' id='word_1_159' title='bbox 1373 3437 1469 3534; x_wconf 91' lang='lat' dir='ltr'>qnod</span> <span class='ocrx_word' id='word_1_160' title='bbox 1485 3439 1685 3534; x_wconf 77' lang='lat' dir='ltr'>significasti</span> <span class='ocrx_word' id='word_1_161' title='bbox 1707 3442 1809 3514; x_wconf 88' lang='lat' dir='ltr'>nobis</span> <span class='ocrx_word' id='word_1_162' title='bbox 1821 3441 1912 3537; x_wconf 89' lang='lat' dir='ltr'>qnod</span> 
     </span>
     <span class='ocr_line' id='line_1_21' title="bbox 506 3561 1955 3658; baseline 0.004 -22"><span class='ocrx_word' id='word_1_163' title='bbox 506 3565 661 3638; x_wconf 90' lang='lat' dir='ltr'>nonnulli</span> <span class='ocrx_word' id='word_1_164' title='bbox 678 3563 724 3636; x_wconf 90' lang='lat' dir='ltr'>de</span> <span class='ocrx_word' id='word_1_165' title='bbox 738 3561 992 3636; x_wconf 84' lang='lat' dir='ltr'>habitatoribus</span> <span class='ocrx_word' id='word_1_166' title='bbox 1012 3561 1436 3656; x_wconf 58' lang='lat' dir='ltr'>&amp;admonuissemus</span> <span class='ocrx_word' id='word_1_167' title='bbox 1454 3561 1501 3636; x_wconf 89' lang='lat' dir='ltr'>de</span> <span class='ocrx_word' id='word_1_168' title='bbox 1518 3585 1644 3658; x_wconf 74' lang='lat' dir='ltr'>regno,</span> <span class='ocrx_word' id='word_1_169' title='bbox 1663 3575 1698 3637; x_wconf 87' lang='lat' dir='ltr'>et</span> <span class='ocrx_word' id='word_1_170' title='bbox 1721 3563 1857 3638; x_wconf 86' lang='lat' dir='ltr'>dodum</span> <span class='ocrx_word' id='word_1_171' title='bbox 1876 3587 1912 3636; x_wconf 91' lang='lat' dir='ltr'>se</span> <span class='ocrx_word' id='word_1_172' title='bbox 1950 3635 1955 3642; x_wconf 91' lang='lat'><em>.</em></span> 
     </span>
     <span class='ocr_line' id='line_1_22' title="bbox 506 3685 1911 3774; baseline -0.001 -13"><span class='ocrx_word' id='word_1_173' title='bbox 506 3690 724 3762; x_wconf 86' lang='lat' dir='ltr'>contulerunt</span> <span class='ocrx_word' id='word_1_174' title='bbox 741 3687 778 3759; x_wconf 94' lang='lat' dir='ltr'>in</span> <span class='ocrx_word' id='word_1_175' title='bbox 791 3689 1047 3774; x_wconf 85' lang='lat' dir='ltr'>Beneventum,</span> <span class='ocrx_word' id='word_1_176' title='bbox 1065 3685 1212 3758; x_wconf 88' lang='lat' dir='ltr'>libenter</span> <span class='ocrx_word' id='word_1_177' title='bbox 1226 3686 1361 3759; x_wconf 84' lang='lat' dir='ltr'>exirent</span> <span class='ocrx_word' id='word_1_178' title='bbox 1376 3688 1423 3760; x_wconf 87' lang='lat' dir='ltr'>ad</span> <span class='ocrx_word' id='word_1_179' title='bbox 1436 3688 1665 3762; x_wconf 81' lang='lat' dir='ltr'>habitandum</span> <span class='ocrx_word' id='word_1_180' title='bbox 1678 3699 1714 3760; x_wconf 88' lang='lat' dir='ltr'>at</span> <span class='ocrx_word' id='word_1_181' title='bbox 1729 3689 1911 3762; x_wconf 86' lang='lat' dir='ltr'>immoran-</span> 
     </span>
     <span class='ocr_line' id='line_1_23' title="bbox 506 3808 1910 3908; baseline 0 -24"><span class='ocrx_word' id='word_1_182' title='bbox 506 3810 591 3884; x_wconf 92' lang='lat' dir='ltr'>dnm</span> <span class='ocrx_word' id='word_1_183' title='bbox 613 3813 651 3882; x_wconf 94' lang='lat' dir='ltr'>in</span> <span class='ocrx_word' id='word_1_184' title='bbox 673 3833 820 3907; x_wconf 76' lang='lat' dir='ltr'>regnum</span> <span class='ocrx_word' id='word_1_185' title='bbox 839 3821 874 3886; x_wconf 88' lang='lat' dir='ltr'>at</span> <span class='ocrx_word' id='word_1_186' title='bbox 890 3814 1047 3904; x_wconf 82' lang='lat' dir='ltr'>jurarant</span> <span class='ocrx_word' id='word_1_187' title='bbox 1070 3808 1167 3904; x_wconf 90' lang='lat' dir='ltr'>qnod</span> <span class='ocrx_word' id='word_1_188' title='bbox 1191 3810 1289 3883; x_wconf 92' lang='lat' dir='ltr'>nullo</span> <span class='ocrx_word' id='word_1_189' title='bbox 1313 3831 1482 3906; x_wconf 87' lang='lat' dir='ltr'>nmquam</span> <span class='ocrx_word' id='word_1_190' title='bbox 1505 3819 1659 3906; x_wconf 82' lang='lat' dir='ltr'>tempora</span> <span class='ocrx_word' id='word_1_191' title='bbox 1681 3811 1777 3908; x_wconf 87' lang='lat' dir='ltr'>apnd</span> <span class='ocrx_word' id='word_1_192' title='bbox 1805 3813 1910 3886; x_wconf 83' lang='lat' dir='ltr'>Bane-</span> 
     </span>
     <span class='ocr_line' id='line_1_24' title="bbox 504 3933 1910 4031; baseline -0.001 -23"><span class='ocrx_word' id='word_1_193' title='bbox 504 3945 649 4008; x_wconf 85' lang='lat' dir='ltr'>ventum</span> <span class='ocrx_word' id='word_1_194' title='bbox 661 3936 826 4008; x_wconf 85' lang='lat' dir='ltr'>intrarent</span> <span class='ocrx_word' id='word_1_195' title='bbox 843 3935 889 4008; x_wconf 84' lang='lat' dir='ltr'>ad</span> <span class='ocrx_word' id='word_1_196' title='bbox 906 3933 1151 4025; x_wconf 84' lang='lat' dir='ltr'>habitandum,</span> <span class='ocrx_word' id='word_1_197' title='bbox 1171 3955 1278 4029; x_wconf 85' lang='lat' dir='ltr'>snper</span> <span class='ocrx_word' id='word_1_198' title='bbox 1301 3955 1373 4028; x_wconf 86' lang='lat' dir='ltr'>qno</span> <span class='ocrx_word' id='word_1_199' title='bbox 1391 3945 1544 4007; x_wconf 85' lang='lat' dir='ltr'>nostrum</span> <span class='ocrx_word' id='word_1_200' title='bbox 1566 3935 1816 4030; x_wconf 83' lang='lat' dir='ltr'>heneplacitum</span> <span class='ocrx_word' id='word_1_201' title='bbox 1834 3957 1910 4031; x_wconf 90' lang='lat' dir='ltr'>pos·</span> 
     </span>
     <span class='ocr_line' id='line_1_25' title="bbox 505 4057 1909 4153; baseline -0.001 -21"><span class='ocrx_word' id='word_1_202' title='bbox 505 4061 636 4152; x_wconf 80' lang='lat' dir='ltr'>tutasti,</span> <span class='ocrx_word' id='word_1_203' title='bbox 652 4060 740 4132; x_wconf 88' lang='lat' dir='ltr'>scire</span> <span class='ocrx_word' id='word_1_204' title='bbox 756 4069 792 4132; x_wconf 89' lang='lat' dir='ltr'>te</span> <span class='ocrx_word' id='word_1_205' title='bbox 805 4059 967 4132; x_wconf 85' lang='lat' dir='ltr'>volomus</span> <span class='ocrx_word' id='word_1_206' title='bbox 977 4057 1074 4152; x_wconf 89' lang='lat' dir='ltr'>qnod</span> <span class='ocrx_word' id='word_1_207' title='bbox 1087 4079 1134 4132; x_wconf 82' lang='lat' dir='ltr'>ax</span> <span class='ocrx_word' id='word_1_208' title='bbox 1152 4079 1223 4152; x_wconf 86' lang='lat' dir='ltr'>qno</span> <span class='ocrx_word' id='word_1_209' title='bbox 1240 4079 1313 4130; x_wconf 94' lang='lat' dir='ltr'>non</span> <span class='ocrx_word' id='word_1_210' title='bbox 1328 4059 1405 4131; x_wconf 85' lang='lat' dir='ltr'>sine</span> <span class='ocrx_word' id='word_1_211' title='bbox 1419 4057 1640 4153; x_wconf 69' lang='lat' dir='ltr'>dungatinna</span> <span class='ocrx_word' id='word_1_212' title='bbox 1654 4058 1792 4130; x_wconf 81' lang='lat' dir='ltr'>honoris</span> <span class='ocrx_word' id='word_1_213' title='bbox 1805 4059 1909 4131; x_wconf 61' lang='lat' dir='ltr'>nom</span> 
     </span>
     <span class='ocr_line' id='line_1_26' title="bbox 505 4178 1909 4276; baseline -0.006 -18"><span class='ocrx_word' id='word_1_214' title='bbox 505 4205 544 4258; x_wconf 92' lang='lat' dir='ltr'>se</span> <span class='ocrx_word' id='word_1_215' title='bbox 573 4183 791 4256; x_wconf 86' lang='lat' dir='ltr'>contulerunt</span> <span class='ocrx_word' id='word_1_216' title='bbox 822 4183 870 4255; x_wconf 90' lang='lat' dir='ltr'>ad</span> <span class='ocrx_word' id='word_1_217' title='bbox 901 4178 1130 4254; x_wconf 88' lang='lat' dir='ltr'>habitandum</span> <span class='ocrx_word' id='word_1_218' title='bbox 1161 4189 1247 4275; x_wconf 84' lang='lat' dir='ltr'>aput</span> <span class='ocrx_word' id='word_1_219' title='bbox 1276 4181 1531 4274; x_wconf 86' lang='lat' dir='ltr'>Beneventum,</span> <span class='ocrx_word' id='word_1_220' title='bbox 1561 4181 1727 4276; x_wconf 84' lang='lat' dir='ltr'>expedire</span> <span class='ocrx_word' id='word_1_221' title='bbox 1753 4179 1909 4254; x_wconf 85' lang='lat' dir='ltr'>videmos</span> 
     </span>
     <span class='ocr_line' id='line_1_27' title="bbox 506 4303 1909 4400; baseline -0.004 -21"><span class='ocrx_word' id='word_1_222' title='bbox 506 4308 629 4380; x_wconf 94' lang='lat' dir='ltr'>honori</span> <span class='ocrx_word' id='word_1_223' title='bbox 647 4317 763 4380; x_wconf 90' lang='lat' dir='ltr'>nostro</span> <span class='ocrx_word' id='word_1_224' title='bbox 780 4316 819 4378; x_wconf 89' lang='lat' dir='ltr'>ut</span> <span class='ocrx_word' id='word_1_225' title='bbox 838 4307 875 4377; x_wconf 95' lang='lat' dir='ltr'>in</span> <span class='ocrx_word' id='word_1_226' title='bbox 892 4305 1050 4377; x_wconf 70' lang='lat' dir='ltr'>liheruta</span> <span class='ocrx_word' id='word_1_227' title='bbox 1060 4325 1167 4398; x_wconf 87' lang='lat' dir='ltr'>qnam</span> <span class='ocrx_word' id='word_1_228' title='bbox 1184 4303 1252 4376; x_wconf 90' lang='lat' dir='ltr'>sibi</span> <span class='ocrx_word' id='word_1_229' title='bbox 1264 4305 1444 4398; x_wconf 77' lang='lat' dir='ltr'>elegerunt</span> <span class='ocrx_word' id='word_1_230' title='bbox 1465 4307 1555 4378; x_wconf 82' lang='lat' dir='ltr'>inme</span> <span class='ocrx_word' id='word_1_231' title='bbox 1571 4315 1711 4400; x_wconf 72' lang='lat' dir='ltr'>ponant</span> <span class='ocrx_word' id='word_1_232' title='bbox 1726 4314 1762 4378; x_wconf 87' lang='lat' dir='ltr'>et</span> <span class='ocrx_word' id='word_1_233' title='bbox 1780 4303 1818 4376; x_wconf 91' lang='lat' dir='ltr'>in</span> <span class='ocrx_word' id='word_1_234' title='bbox 1838 4303 1909 4398; x_wconf 86' lang='lat' dir='ltr'>ipsa</span> 
     </span>
     <span class='ocr_line' id='line_1_28' title="bbox 505 4427 1909 4524; baseline -0.003 -20"><span class='ocrx_word' id='word_1_235' title='bbox 505 4432 764 4520; x_wconf 82' lang='lat' dir='ltr'>contabescant,</span> <span class='ocrx_word' id='word_1_236' title='bbox 780 4451 846 4503; x_wconf 89' lang='lat' dir='ltr'>nec</span> <span class='ocrx_word' id='word_1_237' title='bbox 861 4429 1013 4523; x_wconf 86' lang='lat' dir='ltr'>aliquem</span> <span class='ocrx_word' id='word_1_238' title='bbox 1031 4430 1192 4501; x_wconf 86' lang='lat' dir='ltr'>volomus</span> <span class='ocrx_word' id='word_1_239' title='bbox 1209 4427 1307 4522; x_wconf 83' lang='lat' dir='ltr'>qnod</span> <span class='ocrx_word' id='word_1_240' title='bbox 1323 4449 1370 4500; x_wconf 84' lang='lat' dir='ltr'>ex</span> <span class='ocrx_word' id='word_1_241' title='bbox 1394 4431 1447 4502; x_wconf 85' lang='lat' dir='ltr'>eis</span> <span class='ocrx_word' id='word_1_242' title='bbox 1468 4430 1650 4524; x_wconf 83' lang='lat' dir='ltr'>permictas</span> <span class='ocrx_word' id='word_1_243' title='bbox 1667 4430 1776 4502; x_wconf 81' lang='lat' dir='ltr'>exire.</span> <span class='ocrx_word' id='word_1_244' title='bbox 1803 4429 1909 4500; x_wconf 90' lang='lat' dir='ltr'>lmmo</span> 
     </span>
     <span class='ocr_line' id='line_1_29' title="bbox 504 4550 1910 4646; baseline -0.005 -18"><span class='ocrx_word' id='word_1_245' title='bbox 504 4576 608 4628; x_wconf 91' lang='lat' dir='ltr'>omne</span> <span class='ocrx_word' id='word_1_246' title='bbox 628 4555 782 4628; x_wconf 86' lang='lat' dir='ltr'>studium</span> <span class='ocrx_word' id='word_1_247' title='bbox 804 4565 840 4627; x_wconf 87' lang='lat' dir='ltr'>et</span> <span class='ocrx_word' id='word_1_248' title='bbox 859 4575 999 4626; x_wconf 91' lang='lat' dir='ltr'>omnem</span> <span class='ocrx_word' id='word_1_249' title='bbox 1025 4575 1145 4624; x_wconf 88' lang='lat' dir='ltr'>curam</span> <span class='ocrx_word' id='word_1_250' title='bbox 1168 4561 1205 4624; x_wconf 89' lang='lat' dir='ltr'>et</span> <span class='ocrx_word' id='word_1_251' title='bbox 1227 4551 1426 4646; x_wconf 80' lang='lat' dir='ltr'>diligentem</span> <span class='ocrx_word' id='word_1_252' title='bbox 1453 4553 1717 4627; x_wconf 84' lang='lat' dir='ltr'>sollicitudinem</span> <span class='ocrx_word' id='word_1_253' title='bbox 1745 4550 1910 4624; x_wconf 84' lang='lat' dir='ltr'>adhibeas</span> 
     </span>
     <span class='ocr_line' id='line_1_30' title="bbox 504 4671 1908 4776; baseline -0.007 -22"><span class='ocrx_word' id='word_1_254' title='bbox 504 4678 601 4776; x_wconf 88' lang='lat' dir='ltr'>qnod</span> <span class='ocrx_word' id='word_1_255' title='bbox 613 4679 708 4752; x_wconf 83' lang='lat' dir='ltr'>nulla</span> <span class='ocrx_word' id='word_1_256' title='bbox 720 4677 861 4752; x_wconf 91' lang='lat' dir='ltr'>omnino</span> <span class='ocrx_word' id='word_1_257' title='bbox 874 4675 1103 4750; x_wconf 74' lang='lat' dir='ltr'>commoditas</span> <span class='ocrx_word' id='word_1_258' title='bbox 1123 4697 1240 4748; x_wconf 82' lang='lat' dir='ltr'>rernm</span> <span class='ocrx_word' id='word_1_259' title='bbox 1258 4675 1433 4748; x_wconf 81' lang='lat' dir='ltr'>renalium</span> <span class='ocrx_word' id='word_1_260' title='bbox 1443 4695 1507 4749; x_wconf 89' lang='lat' dir='ltr'>seu</span> <span class='ocrx_word' id='word_1_261' title='bbox 1517 4675 1661 4748; x_wconf 84' lang='lat' dir='ltr'>aliarum</span> <span class='ocrx_word' id='word_1_262' title='bbox 1674 4695 1789 4747; x_wconf 67' lang='lat' dir='ltr'>rmum</span> <span class='ocrx_word' id='word_1_263' title='bbox 1801 4671 1908 4746; x_wconf 78' lang='lat' dir='ltr'>victui</span> 
     </span>
    </p>
   </div>
   <div class='ocr_carea' id='block_1_6' title="bbox 0 0 2128 5906">
    <p class='ocr_par' dir='ltr' id='par_1_8' title="bbox 0 0 2128 5906">
     <span class='ocr_line' id='line_1_31' title="bbox 0 0 2128 5906; baseline 0 5"><span class='ocrx_word' id='word_1_264' title='bbox 0 0 2128 5906; x_wconf 95' lang='lat' dir='ltr'> </span> 
     </span>
    </p>
   </div>
  </div>
 </body>
</html>
