4226 5900
509 569 571 632 442
1008 571 1225 632 releuaret
1250 567 1424 632 seculum
1729 569 1810 647 [An.
1830 569 1912 630 12³9.

509 701 990 796 eodam.Superlactoautenr
1004 714 1241 778 revocatorum
1255 713 1421 776 tanarum
1433 701 1652 773 eccloeiarum
1665 703 1910 793 sicmiotimns,

418 827 422 832 '
507 826 592 920 quia
613 825 725 920 placet
746 827 846 898 nobis
870 827 966 920 quod
990 829 1038 900 illi
1062 828 1132 900 sint
1156 827 1192 900 in
1220 825 1382 900 domibus
1404 833 1439 896 et
1457 824 1541 896 locis
1561 824 1709 920 propriIs
1736 847 1848 920 nsqw
1869 827 1922 910 ad,

507 947 682 1022 redditum
705 957 858 1022 nostrum
884 949 931 1022 ad
951 961 1064 1044 partes
1089 951 1201 1046 ipsas,
1231 949 1400 1044 quinon.
1431 999 1441 1018 .
1472 1001 1481 1018 .
1511 947 1548 1018 in
1570 949 1705 1020 statutis
1732 949 1815 1022 locis
1841 950 1913 1022 loon

506 1092 570 1165 pro
593 1070 759 1144 faciendis
786 1071 946 1144 domibus
974 1081 1189 1168 receperunt.
1216 1073 1371 1144 Prsterea
1394 1069 1548 1164 petitioni
1566 1081 1720 1164 porrecte
1743 1092 1790 1143 ex
1818 1081 1912 1166 parta

506 1193 737 1266 univcrsitatis
764 1195 997 1268 Termnlarum
1028 1215 1132 1289 super
1160 1196 1233 1267 loro
1261 1191 1420 1270 iaciendo
1452 1192 1608 1285 qualibet
1634 1192 1693 1266 dle
1715 1195 1800 1266 luno
1826 1194 1911 1266 infra

504 1335 624 1386 muros
636 1315 763 1387 veteris
776 1315 942 1403 civitatis,
961 1315 1110 1408 benigne
1127 1315 1375 1403 ammistimns,
1394 1321 1430 1386 et
1446 1333 1526 1386 ecco
1546 1312 1642 1406 qnod
1656 1313 1760 1386 modo
1778 1325 1912 1409 apertas

505 1436 637 1510 lieteras
652 1437 843 1512 serenitatis
854 1446 971 1512 nostre
982 1438 1156 1510 mietimus
1172 1447 1208 1510 et
1219 1439 1382 1510 volumus
1393 1445 1436 1507 ut
1450 1435 1634 1529 promissas
1645 1436 1791 1530 proinde
1804 1437 1850 1510 oh
1863 1438 1911 1510 als

504 1559 755 1653 quinquaginta
770 1560 888 1636 uncia's
905 1561 1027 1654 exigas
1041 1570 1076 1633 et
1090 1561 1235 1656 recipias
1248 1558 1638 1634 festinanterrationsm.
1658 1561 1710 1632 De
1723 1559 1828 1632 rebus
1845 1560 1910 1633 ill'u

503 1703 592 1776 quas
609 1683 793 1756 interclusa
812 1683 937 1758 cedula
954 1683 1152 1756 continebat
1174 1691 1291 1756 nostre
1310 1703 1445 1756 camere
1466 1681 1649 1775 assignatis
1664 1693 1699 1754 st
1718 1683 1856 1754 nunciIs
1870 1684 1905 1756 F.

504 1802 750 1876 ducisAnstrie
763 1827 841 1878 cum
857 1805 985 1878 nuncio
998 1806 1190 1879 Cuminiani
1204 1806 1318 1878 missIs
1330 1804 1376 1878 ad
1387 1804 1517 1878 curiam
1532 1813 1684 1876 nostram
1695 1807 1798 1896 juxta
1811 1827 1908 1878 man-

504 1925 622 1999 datum
637 1937 810 2019 nostrum,
831 1928 894 2000 tibi
908 1928 1081 2002 mictimus
1096 1929 1296 2025 apodixem.
1502 1987 1507 1996 .

552 2049 705 2121 Datum
694 2071 731 2120 rn
749 2051 868 2122 castris
882 2071 990 2146 prope
1005 2051 1260 2143 Mediolanum,
1275 2051 1308 2124 X
1321 2051 1487 2142 octobris,
1505 1985 1581 2123 XIII
1599 2049 1810 2124 indictionis.

748 2361 1664 2376 *annuunt-*mm-

361 2657 407 2693 ⁶⁸¹¹
551 2643 772 2726 Mandatum
796 2643 846 2724 ad
865 2642 1117 2750 justiciarium
1140 2645 1289 2754 Aprutii
1315 2659 1447 2732 contra
1474 2649 1560 2733 illos
1589 2651 1656 2760 qui
1684 2652 1834 2738 iverunt
1856 2653 1902 2734 ad

413 2767 727 2858 ''i’Rainaldum
745 2775 883 2856 ducem
902 2774 1044 2883 Spoleti
1062 2785 1100 2858 et
1116 2778 1249 2860 exenia
1266 2781 1560 2866 transmiserunt
1576 2783 1713 2866 eidem.

579 2973 707 3054 (depost.
723 2973 828 3053 imper.
842 2971 963 3034 stada.
978 2975 1019 3050 11,
1034 2974 1086 3036 Iol.
1103 2985 1136 3036 11
1152 2993 1255 3054 verm
1274 2981 1307 3039 ln
1323 2979 1395 3042 edlt.
1408 2979 1544 3060 cusan„
1558 2999 1590 3061 p.
1608 2981 1693 3061 248.)

546 3145 600 3216 Dc
616 3147 772 3220 mandato
796 3147 967 3241 imperiali
983 3149 1069 3237 sacto
1084 3171 1145 3241 per
1161 3152 1360 3244 magistrum
1376 3153 1513 3225 Petmm
1531 3153 1572 3225 dc
1596 3154 1695 3226 Vinea
1712 3153 1839 3248 scripsit
1857 3156 1894 3224 P.

498 3269 537 3340 de
554 3270 693 3363 Capua:

545 3391 762 3481 Fredericus,
778 3401 862 3483 etc,
877 3393 1079 3468 Boamnndo
1095 3395 1236 3470 Pissono
1245 3397 1429 3488 instillario
1442 3397 1591 3494 Aprutii,
1609 3409 1675 3473 etc.
1694 3399 1751 3473 Ad
1761 3399 1899 3474 andien-

497 3513 579 3588 tiam
594 3515 754 3588 culminis
771 3515 876 3588 nostri
897 3516 1035 3588 noveris
1055 3519 1271 3612 pervenisse,
1292 3520 1387 3615 quod
1404 3521 1617 3596 Senebaldus
1639 3523 1900 3618 archiproehiter

497 3636 612 3710 Sancti
630 3635 760 3710 Antimi
778 3636 822 3710 ds
838 3637 1022 3728 Balviano,
1047 3639 1221 3735 dompnus
1240 3643 1438 3739 Raynaldus
1459 3645 1639 3718 Buccellus
1658 3643 1704 3718 de
1718 3644 1841 3740 Criptis
1856 3644 1899 3717 dc

496 3759 609 3852 Saltu,
628 3760 775 3834 lacobus
791 3761 836 3834 de
854 3761 1018 3836 Illonaldo
1029 3763 1074 3837 de
1092 3764 1317 3860 Arpagnano,
1332 3765 1539 3862 Angclectus
1550 3767 1758 3864 Raymnndi,
1779 3768 1899 3840 FornIo

496 3882 541 3956 de
557 3882 731 3974 Classica,
748 3883 921 3958 lohannes
939 3884 1031 3958 lilius
1050 3885 1326 3982 archipresbiteri
1346 3893 1460 3964 Sancti
1481 3891 1622 3964 Antonii
1639 3890 1684 3964 de
1701 3890 1852 3964 Classina
1866 3901 1899 3963 et

495 4005 699 4098 Peregrinos
723 4003 814 4080 tilius
830 4006 997 4082 Iohannis
1014 4009 1172 4084 Iliccardi
1192 4011 1237 4085 de
1250 4011 1420 4103 Classina,
1436 4014 1497 4108 qui
1515 4022 1597 4087 sunt
1619 4013 1665 4088 ds
1680 4013 1898 4106 justitiariatu

496 4137 572 4218 tuo,
599 4127 688 4198 clam
712 4130 930 4204 contulerunt
954 4153 993 4206 se
1019 4133 1065 4206 ad
1086 4134 1303 4229 Raynaldnm
1327 4135 1438 4210 filium
1458 4135 1633 4231 qnondam
1651 4135 1751 4210 ducis
1773 4135 1897 4231 Spoleti

378 4289 388 4310 ·
495 4253 700 4346 loquuturos
713 4271 793 4322 cum
809 4252 899 4346 ipso,
910 4263 945 4326 ct
960 4256 1109 4329 exennia
1122 4258 1226 4330 etiam
1238 4259 1303 4332 sibi
1318 4261 1458 4332 mictere
1472 4267 1754 4355 presumpserunt
1767 4258 1897 4330 nullum

495 4371 541 4444 ad
557 4373 769 4464 majestatem
787 4384 938 4447 nostram
963 4376 1123 4452 habendo
1141 4389 1346 4475 respectum.
1373 4383 1475 4468 Quod
1492 4405 1571 4455 cum
1595 4381 1763 4474 majestati
1785 4389 1897 4466 nostre

495 4495 578 4566 satis
594 4495 700 4589 digne
715 4495 906 4592 displiceat,
923 4498 1076 4572 fidelitati
1090 4509 1149 4574 tue
1163 4504 1387 4600 precipiendo
1401 4505 1605 4578 mandamns
1618 4513 1898 4600 quatennssnper

495 4620 561 4692 hoc
583 4620 728 4695 veritate
744 4622 908 4718 inquIsita
932 4623 1089 4719 diligenti
1106 4627 1220 4701 studio
1238 4639 1273 4701 at
1289 4632 1438 4724 cautela,
1459 4649 1697 4726 quoscumque
1719 4625 1896 4702 omentis
