4278 5920
498 533 539 596 88
1000 527 1214 588 rtttnnntct
1239 529 1416 591 szctxnt
1722 542 1802 620 [Aa
1821 529 1912 613 1237}

578 707 1298 792 (multumne-Apulae...
1319 709 1910 794 &stabamus-asomum

614 819 679 882 oud.
694 817 768 880 bibl.
783 818 881 879 Cesar.
896 817 1004 893 Paria,
1019 817 1231 890 conciolae
1246 819 1510 900 resonam.)

543 1029 599 1102 ,td
620 1018 809 1102 sanctitatis
826 1035 942 1098 roetre
969 1025 1125 1098 notitiam
1149 1027 1359 1120 presentium
1382 1037 1504 1100 tenore
1528 1032 1732 1123 perlcru'mm
1756 1057 1821 1109 nos
1845 1037 1907 1108 iter

350 1252 354 1260 Ι
496 1153 691 1247 impositum
719 1159 965 1245 prosequentes
992 1149 1115 1243 quinta
1140 1149 1224 1220 leria
1245 1160 1324 1244 post
1352 1161 1511 1224 octavam
1530 1153 1747 1230 reum
1759 1158 1814 1254 (l)
1830 1181 1908 1254 pre-

495 1277 586 1352 duce
602 1277 673 1348 [leo
686 1275 865 1348 Mantuam
886 1273 1077 1344 incolumes
1088 1274 1307 1368 percusse,
1329 1274 1391 1346 nbi
1407 1274 1552 1368 quidam
1567 1277 1818 1354 ambasatores
1836 1303 1909 1355 rec.¹

495 1413 607 1474 torum
633 1399 836 1472 sodetatum
857 1407 975 1469 nostro
999 1417 1038 1468 se
1064 1397 1263 1492 conspectui
1288 1407 1538 1491 presentarunt.
1563 1401 1655 1472 Sans
1675 1424 1756 1474 cum
1770 1402 1910 1480 llautnc

493 1521 601 1594 multu
615 1521 744 1612 jaceret
767 1517 869 1590 turba
896 1517 1134 1611 languentium
1162 1525 1198 1587 et
1223 1516 1373 1608 languor
1394 1517 1473 1610 plus
1491 1519 1592 1591 solito
1614 1521 1732 1593 multis
1753 1533 1843 1596 emet
1862 1523 1908 1596 ad

493 1653 658 1732 mortem,
689 1663 754 1714 nos
784 1641 898 1714 locum
930 1650 1128 1734 suspectum
1156 1649 1356 1734 reputantes
1384 1642 1559 1714 extraneis
1584 1665 1691 1736 quem
1714 1647 1908 1722 sentiebant

495 1765 673 1842 domestici
690 1764 929 1860 experimento
944 1765 1123 1850 nocivum,
1142 1761 1321 1836 adivimus
1337 1763 1502 1836 brisciam
1518 1781 1701 1861 queremus
1717 1768 1907 1842 remedium

494 1891 584 1966 aeis
605 1889 763 1962 mitioris.
784 1887 850 1961 Ubi
871 1888 1161 1960 convenientibus
1186 1887 1319 1959 nuntiis
1344 1887 1522 1960 trinitatum
1543 1890 1745 1963 societatum
1770 1893 1910 1986 predic-

494 2025 607 2088 tarum
625 2011 888 2108 propositisque
910 2011 1134 2107 petitionibus
1154 2033 1200 2084 ex
1225 2020 1326 2108 parte
1343 2009 1476 2084 domini
1498 2013 1711 2108 impaanrls
1730 2013 1855 2088 oblatis
1868 2039 1910 2090 ac

494 2138 584 2210 lacta
598 2135 786 2208 monitione
793 2137 897 2226 juxta
914 2137 1058 2207 sormam
1074 2136 1225 2230 suscepti
1239 2133 1394 2207 mandati
1408 2135 1700 2210 ambamatoribus
1716 2141 1909 2212 memoratis

494 2260 556 2354 qui
577 2257 852 2331 admittentium
871 2256 1035 2329 volebant
1056 2257 1341 2328 deliberationem
1370 2277 1565 2350 recurrere,
1592 2259 1714 2330 festum
1738 2261 1830 2333 beati
1848 2264 1910 2335 la·

495 2383 571 2456 ccbi
589 2381 641 2476 (Ξ)
658 2381 818 2476 proxime
840 2381 993 2452 futurum
1016 2378 1221 2475 prebuimus
1242 2379 1427 2452 terminum
1448 2381 1694 2476 respondendi.
1715 2384 1843 2456 Verum
1866 2406 1911 2460 ne

494 2504 743 2580 beatitudinem
769 2515 920 2578 restrum
952 2503 1157 2576 miserabilis
1182 2513 1292 2594 status
1324 2503 1501 2599 provincie
1530 2505 1651 2596 lateat,
1681 2528 1750 2580 non
1778 2509 1910 2604 absque

495 2611 695 2703 turbacione
716 2627 897 2700 referimus
915 2628 1013 2722 quod
1032 2629 1067 2700 in
1089 2629 1197 2701 nostri
1214 2629 1459 2723 prosecutione
1481 2627 1614 2702 itineris
1636 2630 1792 2704 civitates
1810 2633 1911 2706 inre·

495 2755 611 2826 nimus
633 2749 783 2825 invicem
809 2751 921 2825 hostili
946 2751 1063 2845 gladio
1085 2773 1123 2824 se
1141 2753 1312 2826 lacessere
1334 2761 1369 2824 et
1392 2775 1497 2826 unam
1519 2753 1688 2828 adversus
1705 2755 1809 2828 aliam
1832 2778 1910 2852 pes·

497 2876 604 2950 tilcnti
627 2875 786 2950 desevire
814 2896 1006 2960 concursu,
1036 2897 1165 2971 eosque
1189 2876 1252 2970 qui
1277 2875 1476 2949 detinentur
1502 2876 1584 2948 binc
1610 2877 1693 2952 inde
1724 2879 1912 2955 inhumane

497 3001 634 3074 tractari
661 2999 831 3096 captivos.
861 2999 905 3072 Et
931 2998 1074 3095 quidem
1096 3001 1148 3072 sic
1175 2999 1350 3074 discordie
1372 2987 1502 3074 malum
1537 3001 1685 3073 invaluit
1717 3003 1814 3096 quod
1840 2991 1909 3077 non

497 3122 703 3197 discernitur
728 3121 883 3198 evidenti
905 3123 1039 3215 judicio
1066 3145 1136 3217 que
1165 3145 1244 3219 pars
1271 3125 1449 3219 provincie
1474 3147 1544 3198 non
1566 3126 1611 3197 sit
1639 3127 1791 3199 obnoxia
1817 3128 1910 3202 malo

498 3247 600 3343 culpe
616 3248 672 3322 vel
690 3269 791 3343 pene.
812 3247 904 3319 Ecce
927 3268 1047 3318 mucro
1066 3247 1161 3335 lurit,
1184 3247 1275 3340 ignis
1293 3257 1404 3334 vorat,
1426 3269 1550 3320 manus
1572 3248 1674 3344 rapit,
1692 3250 1825 3344 pupillo
1842 3271 1909 3324 non

497 3371 661 3468 parcitur,
689 3391 759 3443 non
783 3369 956 3466 excipitur
979 3369 1087 3441 vidua
1115 3381 1150 3443 et
1176 3371 1284 3444 sacris
1312 3373 1503 3444 reverentia
1525 3393 1594 3444 non
1620 3373 1777 3445 babetur.
1802 3375 1912 3469 Sopor

497 3495 565 3568 biis
580 3503 696 3568 autem
712 3494 919 3569 adhibemus
933 3495 1101 3567 cautelam
1120 3517 1183 3590 pro
1201 3516 1319 3590 posse,
1340 3493 1552 3568 curationem
1570 3507 1791 3590 expectantes
1808 3498 1911 3572 abeo

497 3619 559 3714 qui
577 3620 715 3714 plenam
731 3619 836 3692 babet
848 3617 885 3690 in
902 3627 1067 3713 potestate
1085 3618 1270 3692 medelam.
1292 3618 1439 3690 Precnm
1456 3619 1549 3690 enim
1568 3630 1762 3692 nostrarum
1783 3622 1910 3694 instan-

496 3743 557 3835 tia,
575 3742 781 3838 compedum
798 3741 835 3814 in
853 3742 1084 3835 quarumdam
1100 3743 1277 3815 civitatum
1299 3741 1448 3837 captivis
1465 3743 1643 3814 relaxatur
1657 3744 1714 3815 vel
1736 3744 1911 3838 mitigatur

497 3867 674 3962 angustia,
692 3875 727 3940 et
750 3864 796 3940 do
818 3865 989 3938 artissimo
1014 3885 1151 3938 carcerc
1171 3865 1214 3956 ¹in
1240 3865 1348 3938 libero
1373 3863 1532 3938 custodie
1556 3864 1719 3939 domibus
1740 3866 1785 3939 ad
1808 3870 1911 3962 quale

496 3993 599 4088 quale
615 3993 766 4088 ipsorum
780 3991 939 4064 solatium
953 3989 1095 4064 uidetur
1109 3989 1240 4064 eisdem
1264 3991 1456 4085 respectiva
1468 3989 1703 4064 moderatione
1715 3993 1906 4087 provisum.

497 4116 568 4190 llec
583 4125 698 4190 antem
710 4115 895 4189 scribimus
905 4135 975 4188 non
992 4124 1030 4188 ut
1041 4115 1229 4190 ministerio
1251 4116 1433 4190 missomm
1446 4115 1581 4210 aliquid
1595 4115 1828 4207 adscribatur,
1848 4115 1911 4188 scd

497 4247 537 4312 ut
549 4239 713 4312 mittentis
733 4238 1132 4335 sollicitetur-sapientia,
1151 4261 1194 4313 eo
1214 4238 1311 4335 quod
1325 4239 1434 4313 multa
1451 4251 1741 4334 concurruntque
1761 4240 1911 4336 potentis

532 4539 570 4614 (l)
588 4539 750 4598 Scilicetdie
763 4539 914 4597 renerisll
924 4537 1003 4613 junii.

535 4635 572 4710 (Ξ)
588 4635 694 4694 Scilicet
707 4637 742 4695 tt
752 4635 821 4710 julii.
