4228 5892
223 662 323 724 tmrea.
339 659 402 739 12]
675 658 869 720 HISTORIA
896 659 1187 728 blenolletlca
1574 665 1632 730 ³61

224 818 328 869 sunm
340 796 407 868 aibi
422 801 659 868 consecratum
670 793 861 890 principem
874 815 944 868 non
958 794 1098 889 reliquit
1110 795 1197 890 quin
1209 795 1307 869 solite
1322 797 1551 872 miserationis
1564 777 1635 872 non

226 920 406 992 immemor
428 925 508 991 ante
529 917 650 989 faciem
674 927 825 990 nostram
842 939 962 1012 aspera
979 927 1166 992 commutet
1180 919 1217 991 in
1236 919 1340 1016 plana
1352 928 1387 993 et
1401 943 1506 1016 prava
1527 922 1564 994 in
1579 922 1634 996 di·

225 1049 320 1114 recta
333 1049 523 1113 convertat.
533 1039 640 1114 Vobis
650 1048 767 1112 autem
777 1039 824 1112 ad
833 1041 1040 1134 obsequium
1054 1040 1348 1136 proficiscentibus
1357 1041 1534 1135 crncifixi,
1547 1065 1636 1140 quos

226 1185 330 1237 verus
342 1185 439 1236 amor
458 1163 672 1236 liberationis
688 1163 807 1236 incitat
821 1186 885 1236 sue
900 1163 1050 1256 domus,
1070 1174 1389 1259 quantumcumque
1406 1166 1506 1238 luerit
1522 1167 1636 1240 inimi·

227 1307 289 1359 cus
313 1287 416 1358 bomo
438 1285 648 1380 malignatus
670 1287 706 1357 iu
728 1295 846 1380 sancto
866 1294 905 1358 ut
928 1295 1059 1360 vestros
1079 1287 1115 1358 in
1141 1287 1199 1360 via
1221 1288 1284 1360 Dei
1307 1297 1343 1360 et
1363 1289 1638 1383 peregrinatione

227 1417 342 1480 vestra
364 1428 546 1503 processus
560 1385 727 1480 averteret
743 1415 778 1480 et
800 1407 972 1499 turbaret,
988 1407 1054 1480 erit
1071 1407 1189 1502 previa
1206 1430 1329 1481 manus
1349 1409 1504 1504 ejusqui
1522 1410 1639 1484 fovere

228 1530 326 1604 novit
343 1539 379 1602 et
400 1551 520 1623 gerere
545 1551 685 1603 cansam
708 1551 827 1619 suam,
850 1537 889 1601 nt
910 1529 999 1601 sient
1014 1529 1051 1601 in
1073 1550 1116 1602 eo
1140 1529 1368 1619 confidimus,
1393 1533 1553 1605 executio
1568 1533 1640 1606 voti
1719 1519 1722 1524 ’

226 1653 332 1726 vestri
352 1663 526 1748 speratum
544 1653 706 1726 sortiatur
729 1651 902 1724 effectum.
922 1651 1046 1725 Nostro
1064 1673 1148 1726 vero
1164 1653 1305 1726 culmini
1330 1653 1515 1728 resedisset
1537 1666 1641 1752 opta-

228 1777 300 1850 bile
316 1797 358 1849 ac
377 1775 481 1850 valde
503 1775 665 1870 placitum
686 1775 857 1848 extitisset
876 1775 906 1847 si
931 1797 992 1871 per
1009 1797 1154 1870 regnum
1173 1785 1329 1849 nostrum
1346 1787 1460 1852 vester
1478 1779 1641 1854 transitus

230 1897 341 1990 lieret,
358 1899 420 1972 nbi
438 1898 538 1994 copia
551 1919 665 1971 rerum
684 1907 720 1971 et
732 1919 856 1990 magne
873 1899 1026 1972 fertilitas
1041 1899 1226 1972 baberetur
1241 1902 1497 1974 transeuntibus
1515 1924 1641 1998 oppor-

230 2032 331 2110 tuna,
347 2023 409 2095 ubi
424 2021 541 2096 debito
553 2043 618 2095 vos
633 2022 814 2116 prevenire
829 2021 1072 2095 mandaremus
1087 2023 1231 2112 honore,
1247 2032 1283 2095 et
1298 2023 1393 2117 quod
1407 2044 1455 2097 ex
1471 2026 1643 2118 presentia

230 2168 301 2220 non
324 2167 521 2242 possemus,
548 2144 744 2218 videremus
762 2166 828 2217 vos
848 2145 884 2215 in
907 2143 1029 2218 effectu
1050 2154 1086 2218 et
1103 2148 1237 2218 sincero
1256 2147 1373 2219 favore
1390 2148 1644 2243 promptissime

230 2269 430 2344 voluntatis.
445 2267 695 2342 Niehilominus
713 2276 828 2341 umen
843 2277 881 2340 ut
894 2269 1086 2342 communis
1101 2269 1171 2342 voti
1188 2269 1409 2363 suppleamus
1427 2269 1570 2344 honeste
1584 2271 1645 2345 de·

230 2394 382 2483 fectum,
400 2391 607 2466 mandamns
621 2401 655 2464 et
671 2391 880 2486 precipimus
898 2412 960 2487 per
977 2391 1104 2465 litteras
1118 2401 1250 2465 nostrae
1265 2393 1306 2464 ll.
1323 2389 1374 2489 (o)
1390 2393 1585 2485 Filangerio
1596 2391 1645 2490 (b)

232 2517 330 2611 regni
344 2515 612 2612 ierosolymitani
625 2513 754 2586 ballivo
771 2522 805 2586 et
820 2515 905 2587 sacri
919 2515 1054 2610 imperii
1068 2515 1104 2587 in
1117 2515 1273 2610 partibus
1286 2515 1354 2588 illis
1369 2515 1501 2608 legato,
1518 2539 1647 2591 mares·

232 2643 327 2713 calco
347 2647 381 2712 et
405 2637 499 2712 fideli
529 2646 662 2730 nostro,
688 2649 729 2710 ut
754 2637 855 2711 vobis
882 2637 966 2710 illuc
992 2637 1236 2710 accedentibus
1260 2647 1442 2733 promptus
1468 2650 1643 2730 occurrat,

232 2782 411 2857 exponens
438 2761 563 2835 vestris
592 2760 773 2833 aflectibus
798 2769 834 2832 et
855 2759 978 2832 honori
1000 2781 1198 2855 personam,
1224 2761 1317 2833 vires
1340 2771 1474 2834 nostras
1499 2771 1535 2835 et
1559 2772 1648 2836 terre

232 2886 396 2980 reliquias
412 2906 481 2979 que
497 2884 600 2958 nobis
616 2893 650 2958 et
669 2884 794 2957 dilecto
810 2882 880 2957 filio
903 2892 1018 2956 nostro
1040 2883 1196 2957 Conrado
1217 2885 1253 2955 in
1278 2885 1509 2958 Romanorum
1529 2907 1647 2981 regem

234 3011 343 3083 electo
355 3017 391 3083 et
407 3010 504 3104 regni
519 3009 789 3105 lerosolymitani
805 3008 926 3082 heredi
943 3017 1127 3104 potuerunt
1145 3009 1181 3080 in
1196 3010 1350 3104 partibus
1363 3010 1432 3082 illis
1448 3031 1645 3106 superesse;

234 3129 472 3231 [potentibus]
505 3133 604 3227 regni
641 3133 770 3228 quibus
804 3142 923 3205 nostra
956 3133 1066 3226 gratia
1100 3133 1292 3221 benefecit,
1327 3133 1497 3226 quosdam
1529 3135 1649 3207 extol-

234 3256 311 3328 lens
334 3256 536 3329 muneribus
559 3265 594 3329 et
618 3256 767 3346 bonore,
792 3277 873 3328 cum
896 3256 1108 3350 quibusdam
1133 3255 1399 3329 misericorditer
1423 3277 1550 3349 agens,
1584 3277 1649 3328 neo

234 3399 356 3452 eorum
373 3379 561 3476 respiciens
577 3379 697 3452 merita
720 3378 947 3470 delictorum,
968 3388 1003 3452 et
1016 3380 1156 3475 insuper
1167 3379 1367 3452 bominibus
1383 3376 1499 3450 Accon
1515 3376 1650 3451 indulte

234 3501 301 3575 sibi
319 3502 431 3597 gratie
452 3523 494 3576 ae
513 3503 643 3576 favoris
659 3501 822 3597 ingratis,
840 3501 1066 3575 inferentibus
1080 3501 1194 3576 eidem
1220 3501 1291 3574 filio
1315 3509 1431 3574 nostro
1449 3499 1494 3572 de
1516 3499 1650 3593 reliqua

235 3634 328 3697 terra
340 3625 554 3698 manifestam
573 3625 775 3699 violentiam
787 3634 822 3697 et
841 3625 1017 3718 injustam.
1032 3625 1126 3711 Quos
1141 3646 1235 3717 cum,
1250 3624 1352 3697 nobis
1363 3623 1446 3696 olim
1456 3623 1492 3693 in
1510 3623 1650 3696 servitio

236 3749 388 3822 Ecclesia
414 3751 510 3845 apud
527 3753 634 3824 Reate
656 3750 889 3841 morantibus,
910 3750 1085 3823 Romanus
1100 3751 1165 3823 iste
1184 3751 1340 3845 pontifex
1365 3771 1427 3844 per
1451 3749 1591 3822 nuntios
1616 3758 1652 3822 et

237 3873 367 3968 legatos
378 3895 460 3947 snos
474 3872 521 3948 ad
533 3874 613 3964 boc,
632 3875 722 3946 sicut
736 3873 951 3969 promiserat,
967 3874 1161 3968 specialiter
1175 3872 1376 3964 destinatos,
1395 3873 1591 3945 condixerit
1605 3873 1651 3946 ab

238 3994 373 4090 incepta
388 3997 577 4092 pertinacia
591 4017 771 4086 revocare,
787 3996 909 4070 durius
925 3997 1116 4091 instigavit,
1137 3997 1214 4093 ipso
1228 3996 1404 4092 amplioris
1417 3994 1551 4070 dissidii
1568 4018 1651 4069 cau·

240 4139 312 4191 sam
329 4118 451 4213 deum,
471 4117 537 4219 [nt]
554 4129 744 4216 sequantur
757 4129 791 4193 et
816 4121 956 4194 foveant
970 4121 1175 4195 contrariam
1193 4121 1449 4194 voluntatem...
1467 4117 1511 4216 (o)
1531 4129 1571 4192 ut
1589 4141 1652 4193 vos

241 4241 344 4316 latere
359 4263 431 4315 non
447 4242 597 4317 debeant
613 4252 728 4317 nostra
746 4254 781 4317 et
791 4241 853 4316 filii
869 4245 976 4317 nostri
986 4243 1119 4339 justitia
1134 4252 1168 4317 et
1179 4244 1316 4319 illorum
1334 4244 1380 4319 de
1396 4265 1505 4339 regno
1519 4243 1651 4318 offensa

283 4537 325 4618 (ιι)
347 4540 465 4602 scillcet
476 4539 627 4605 Riccordo.

283 4641 914 4729 (d)1nldartenoleglturmalelbfoqcrto.
1141 4729 1144 4734 Ι

285 4747 322 4830 (ι)
342 4751 543 4832 supplendum
560 4755 701 4817 videtur:
719 4751 804 4832 Quod
817 4752 932 4835 pridem
944 4753 1064 4818 dietmare
1078 4764 1150 4820 ut...

324 4859 360 4922 V.
