4242 5904
182 567 184 572 ⁴
208 574 305 633 lunrcr.
325 571 385 655 la]
667 571 866 633 HISTORIA
892 571 1191 636 ntatottartcrt.
1565 577 1626 640 229

210 711 372 802 castellis,
393 711 503 802 villis,
523 711 625 801 vicis,
646 711 748 801 meis,
764 709 887 798 seruis,
908 707 1059 794 ancillis,
1080 708 1279 798 tributariis,
1296 709 1493 801 forestibus,
1512 713 1623 803 silvis,

209 835 473 924 venationibus,
493 834 719 924 molendinis,
740 831 884 925 campis,
901 831 1025 925 pratis,
1047 832 1184 924 pascuis
1200 841 1234 904 et
1251 832 1438 926 paludibus
1452 862 1460 904 ε
1476 857 1623 928 quarum

209 955 362 1051 quedam
377 956 526 1052 pmpriis
548 956 717 1028 duximus
742 953 970 1049 exprimenda
993 954 1193 1058 vocabulis,
1218 954 1334 1026 villam
1352 955 1522 1030 Bihorrite
1543 981 1623 1032 cum

209 1081 370 1153 omnibns
390 1079 606 1176 appendiciis
635 1080 725 1167 suis,
751 1078 906 1152 Castrum
925 1079 1061 1150 Novum
1086 1099 1165 1149 cum
1185 1078 1399 1172 appendiciis
1423 1081 1515 1172 suis,
1542 1082 1622 1154 Cus-

209 1212 300 1274 trum
323 1203 369 1276 dc
388 1203 497 1275 Novis
514 1225 594 1274 cum
610 1201 827 1297 appendiciis
842 1202 932 1289 suis,
957 1201 1074 1271 villam
1095 1200 1139 1272 de
1161 1201 1299 1292 Agelun
1315 1223 1393 1272 cum
1408 1203 1623 1297 appendiciis

209 1328 294 1399 suis.
316 1328 387 1398 llec
404 1326 604 1420 supradicta
617 1327 733 1398 omnia
752 1335 786 1397 et
811 1325 934 1396 subtus
952 1333 1066 1396 notata
1082 1322 1207 1396 damus
1224 1335 1257 1396 et
1275 1323 1516 1398 confirmamus
1531 1326 1622 1401 Gau-

210 1451 308 1522 lredo
333 1451 571 1522 avenionensi
598 1449 759 1543 episcopo
787 1463 822 1520 et
844 1449 988 1520 ecclesie
1012 1469 1091 1535 sue,
1116 1449 1210 1520 salva
1228 1469 1291 1540 per
1311 1448 1426 1520 omnia
1453 1450 1621 1544 imperiali

205 1574 351 1666 justitia.
369 1574 468 1646 Nulla
483 1573 519 1644 in
533 1573 588 1644 bis
603 1572 774 1645 infestatio
792 1581 1015 1667 tyrannorum
1029 1571 1151 1655 seviat,
1172 1580 1323 1665 potestas
1345 1594 1407 1666 per
1424 1574 1621 1648 violentiam

209 1699 329 1787 irruat,
351 1698 413 1771 sed
428 1700 523 1771 solus
541 1699 724 1792 opiscopus
743 1696 871 1768 haheat
890 1697 924 1767 in
943 1696 1104 1768 omnibus
1122 1697 1309 1790 plenariam
1328 1696 1618 1787 jurisdictionem.

209 1822 367 1894 Preterea
394 1823 563 1916 imperiali
585 1822 787 1894 auctoritate
811 1842 873 1915 per
897 1841 1034 1892 ornnem
1063 1820 1298 1914 episcopatum
1323 1821 1560 1895 interdicimus
1584 1835 1621 1897 ut

209 1965 278 2016 non
303 1945 405 2018 liceat
421 1945 524 2017 alicui
540 1945 690 2034 bomini,
711 1944 941 2016 ecclesiastice
964 1965 1110 2038 persone
1127 1944 1182 2015 vel
1200 1945 1368 2036 seculari,
1388 1949 1540 2020 masculo
1565 1951 1620 2022 vel

209 2069 355 2158 lemine,
376 2091 496 2142 eorum
513 2091 582 2163 qne
596 2069 844 2141 Avenionensis
859 2066 1002 2140 ecclesia
1023 2066 1129 2140 modo
1150 2066 1301 2160 possidet
1318 2069 1375 2140 vel
1395 2068 1620 2164 inposterum

208 2191 401 2286 possederit
417 2193 550 2286 aliquid
569 2191 721 2264 vendere
738 2192 795 2262 vel
817 2191 970 2262 alienare
988 2191 1044 2262 vel
1063 2191 1099 2260 in
1120 2191 1271 2262 alienum
1296 2191 1489 2284 dominium
1512 2204 1621 2270 trans·

208 2315 356 2389 tundere
371 2339 434 2388 seu
453 2318 556 2389 etiam
573 2317 770 2409 relinquere
787 2317 842 2388 vel
859 2317 895 2386 in
915 2315 1058 2388 feudum
1078 2316 1285 2388 constituere
1305 2316 1380 2388 sine
1401 2319 1543 2390 consilio
1562 2321 1619 2393 vel

207 2441 433 2535 permissione
461 2439 711 2512 Avenionensis
740 2439 892 2534 episcopi
919 2447 954 2510 et
978 2460 1216 2512 successorum
1243 2460 1398 2510 suorum.
1429 2441 1479 2512 Sit
1502 2443 1620 2537 itaque

207 2567 361 2660 prelatus
396 2565 579 2659 episcopus
607 2585 689 2635 cum
721 2563 927 2659 supradictis
953 2563 1115 2635 omnibus
1141 2563 1416 2658 possessionibus
1447 2565 1492 2636 ab
1524 2570 1618 2640 omni

210 2697 378 2761 exuanca
397 2697 433 2760 et
453 2687 571 2782 iniqua
588 2707 730 2760 securus
756 2696 939 2782 potestate,
963 2709 1084 2759 verum
1112 2687 1147 2758 in
1169 2699 1285 2760 nostra
1300 2687 1467 2781 imperiali
1489 2688 1619 2764 ditione

207 2812 392 2885 immobilis
407 2833 542 2905 semper
556 2818 766 2905 permaneat.
784 2811 827 2883 Ut
843 2819 959 2882 autem
975 2810 1057 2882 huic
1072 2819 1186 2883 nostre
1202 2809 1450 2883 confirmationi
1468 2813 1554 2885 nihil
1571 2814 1618 2887 ad

208 2937 453 3032 perlectionem
466 2933 670 3007 valitudinis
687 2933 810 3006 deesse
825 2935 945 3029 possit,
966 2942 1155 3028 presentem
1169 2935 1251 3008 inde
1264 2935 1428 3029 paginam
1447 2939 1616 3010 conscribi

208 3069 241 3133 et
258 3081 365 3133 aurea
382 3059 476 3131 bulla
489 3067 604 3131 nostra
616 3057 960 3152 insignirijussimus,
977 3057 1141 3130 adhibitis
1157 3058 1291 3131 idoneis
1309 3060 1453 3132 testibus
1469 3082 1616 3154 quorum

206 3183 344 3255 nomina
359 3182 425 3254 hec
444 3189 526 3252 sunt
546 3207 555 3251 ε
577 3181 787 3253 Humbertus
808 3181 1059 3253 bisuntinensis
1074 3182 1371 3277 archiepiscopus,
1391 3183 1467 3256 Odo
1485 3185 1617 3257 Valen-

206 3306 350 3378 tinensis
365 3306 567 3401 episcopus,
583 3305 752 3378 Mattheus
777 3306 853 3378 dux
869 3305 1104 3399 lotharingie,
1126 3328 1240 3378 comes
1267 3307 1459 3379 Uldalricus
1480 3308 1525 3380 de
1547 3309 1616 3381 Vo-

206 3429 409 3522 cembnrgh,
430 3431 531 3522 lingo
546 3427 591 3502 de
608 3429 834 3522 Taiesburgb,
853 3451 967 3502 comes
983 3430 1191 3525 Stephanus,
1208 3429 1411 3503 Walcberus
1425 3431 1471 3504 de
1484 3432 1613 3526 Selino,

206 3554 278 3628 Odo
295 3553 375 3626 Cam
379 3553 565 3648 paniensis.

252 3678 397 3770 Signum
413 3675 546 3748 domini
564 3674 742 3760 Friderici‚
764 3675 995 3747 Romanorum
1010 3676 1224 3770 imperatoris
1241 3676 1468 3747 invictissimi.

251 3801 323 3894 Ego
338 3798 525 3872 lleinaldus
541 3799 787 3890 cancellarius,
814 3799 891 3870 vice
908 3799 1072 3894 Stephani
1096 3799 1301 3871 Viennensis
1317 3799 1565 3896 archiepiscopi
1581 3813 1615 3874 ot

207 3923 508 4015 archicancellarii,
528 3922 725 4016 recognovi.

250 4049 371 4120 Datum
394 4047 559 4136 Bizuntii,
577 4047 625 4118 lx
648 4044 814 4118 kalendas
832 4045 1042 4132 decembris,
1067 4043 1255 4116 indictione
1271 4046 1314 4134 V,
1334 4067 1425 4118 anno
1443 4047 1614 4123 dominice

207 4169 445 4244 incarnationis
465 4171 512 4241 Μ.
527 4170 564 4241 C.
579 4169 683 4258 Lllll,
703 4178 867 4262 regnante
886 4168 1026 4241 domino
1039 4167 1225 4256 Friderico,
1244 4169 1474 4242 Romanorum
1497 4171 1613 4268 impe-

208 4305 311 4367 ratore
324 4294 589 4389 gloriosissimo,
608 4315 700 4366 anno
718 4293 818 4386 regni
834 4294 911 4385 ejus
924 4293 987 4383 Vl,
1009 4291 1141 4385 imperii
1160 4314 1243 4364 vero
1262 4293 1318 4364 lll.

249 4419 316 4492 Nos
335 4419 453 4516 itaque
465 4419 527 4515 qui
545 4419 655 4492 Qum
677 4418 846 4490 habemus
861 4440 921 4514 pre
944 4417 1051 4489 oculis
1068 4425 1102 4488 et
1118 4437 1280 4510 personas
1303 4416 1549 4496 ecclesiasticas
1571 4441 1612 4491 ac

209 4543 431 4616 ecclesiastica
446 4545 520 4618 loca
538 4543 645 4639 ipsius
668 4543 795 4614 intuitu
813 4553 848 4614 et
865 4542 1078 4613 humanitate
1095 4540 1195 4612 nobis
1212 4549 1417 4633 suggerente
1440 4542 1609 4631 levemus,

211 4667 417 4740 attendentes
434 4665 539 4740 fidem
562 4689 685 4761 purum
713 4675 746 4740 et
774 4665 992 4740 devotionem
1017 4667 1184 4736 sinceram
1204 4686 1307 4757 quam
1335 4663 1448 4736 dictus
1473 4667 1511 4736 Β.
1538 4665 1612 4759 epi·
