4224 5898
502 611 564 674 290
1004 617 1220 684 salutaret
1242 621 1416 684 suctum
1721 627 1802 708 [dn.
1820 629 1904 690 lita.

501 748 591 820 niter
610 749 791 844 publicari,
809 773 852 824 ao
866 751 1119 828 absolutionem
1133 767 1168 828 et
1188 755 1429 832 inhibitionem
1447 759 1615 832 nunciare
1630 764 1771 852 emetis,
1790 786 1832 836 aa
1848 787 1907 859 per

500 873 657 946 civitates
669 884 704 946 et
715 873 894 948 dloceaeos
907 885 1039 950 vestras
1051 879 1220 972 publicari
1229 881 1385 954 similiter
1399 881 1723 956 lucientmetetiam
1735 889 1902 960 nuntiari.

499 997 698 1070 blandulum
726 1009 879 1072 nostrum
910 999 1021 1073 taliter
1047 1001 1221 1097 impleturi
1246 1004 1342 1098 quod
1373 1027 1420 1076 ex
1451 1005 1518 1078 hoc
1541 1007 1702 1079 allectum
1727 1031 1832 1104 quem
1859 1011 1905 1084 ad

498 1121 685 1194 Romanam
708 1123 894 1195 Ecclesiam
913 1123 1040 1198 babere
1064 1125 1218 1219 dabatis,
1245 1130 1382 1224 plenius
1399 1151 1647 1225 cognoscamus
1667 1143 1702 1204 st
1725 1133 1772 1206 da
1794 1135 1905 1229 negli-

498 1246 614 1338 gentia
632 1247 850 1340 aliquatenus
865 1249 1027 1342 redargui
1043 1271 1112 1322 non
1129 1252 1276 1346 possitis.

545 1371 670 1442 Datum
689 1371 856 1458 laterani,
874 1371 933 1444 die
947 1373 1008 1444 Xll
1026 1372 1194 1448 kalendas
1208 1375 1339 1470 aprilis,
1354 1375 1573 1472 pontificatus
1589 1379 1696 1452 nostri
1708 1401 1799 1455 anno
1812 1383 1901 1456 XIII.

737 1727 1590 1740 n——u—-o——ono—-a-m--o-ou——n—-n—--n—-n
1596 1731 1625 1740 n·—
1637 1731 1657 1740 -

545 2015 745 2128 Encyelica
769 2019 939 2130 Gregorii
957 2020 1027 2126 IX,
1052 2021 1193 2104 summi
1212 2020 1419 2132 pontificis,
1443 2021 1630 2105 universis
1659 2020 1838 2130 praelatis
1859 2032 1902 2104 ut

494 2151 717 2233 sententiam
749 2151 1175 2262 excommunicationis,
1199 2155 1451 2238 anathematis
1486 2165 1525 2238 et
1554 2153 1742 2236 interdicti
1769 2165 1902 2237 contra

491 2281 733 2366 Fredericum
755 2284 900 2367 dictum
926 2285 1193 2395 imperatorem
1220 2288 1408 2396 prolatam
1434 2288 1474 2368 in
1502 2286 1683 2370 omnibus
1709 2285 1802 2369 locis
1828 2285 1901 2368 de-

492 2415 668 2499 nuntiare
686 2429 901 2525 procurent.

570 2636 707 2718 (lidider.
719 2641 920 2718 Romaanus,
931 2638 1041 2702 Annul.
1057 2637 1152 2702 mbr.
1167 2641 1287 2704 adanu
1301 2651 1391 2718 1²89,
1400 2643 1435 2720 ss
1446 2642 1539 2714 IIIII,
1552 2642 1608 2704 XV
1620 2647 1652 2703 at
1663 2641 1751 2716 xvi,
1763 2647 1898 2718 erugant.

610 2744 663 2804 lib.
681 2745 770 2818 XIII,
785 2747 838 2806 iol.
858 2757 926 2826 149,
942 2751 973 2808 ln
988 2748 1105 2810 duobus
1117 2749 1289 2828 fragmentis
1307 2767 1368 2810 uon
1382 2752 1514 2830 integris.
1524 2749 1674 2810 -bitrn
1689 2749 1806 2822 Pauus„
1819 2748 1897 2808 Iliat.

610 2851 680 2930 maj.
697 2848 819 2932 duplam
830 2853 869 2912 ud
883 2870 954 2915 ann.
967 2863 1056 2928 12³9,
1071 2873 1102 2932 p.
1120 2864 1190 2932 stt,
1210 2857 1264 2932 qul
1274 2857 1362 2916 istam
1375 2856 1485 2916 Othoni
1496 2855 1597 2916 Sancti
1611 2854 1726 2914 Nleolal
1737 2855 1771 2914 lu
1782 2869 1900 2914 carcero

608 2957 745 3018 Tulliano
758 2959 883 3020 dmcono
897 2959 1037 3021 cardinali
1049 2963 1081 3022 ln
1091 2961 1200 3039 Augila
1212 2961 1310 3040 legato
1322 2963 1443 3024 mlasam
1456 2961 1546 3022 relsrt
1558 2977 1626 3021 oum
1639 2961 1717 3020 uotis
1734 2959 1899 3021 cbronolo·

608 3065 682 3142 glcls
695 3064 742 3124 111
749 3061 814 3124 idm
825 3062 929 3146 uprr'lir
944 3064 996 3145 (tt
1013 3066 1123 3146 apuli).
1144 3067 1259 3142 Quibus
1272 3069 1386 3130 collatis
1391 3111 1402 3142 ,
1414 3083 1509 3130 unum
1521 3083 1561 3128 ex
1579 3068 1671 3128 altero
1683 3071 1800 3128 textum
1812 3063 1898 3125 ludls

607 3169 842 3250 complevimus.)

536 3367 739 3460 Gregorius,
764 3365 966 3461 episcopus,
989 3375 1074 3456 etc,
1095 3367 1267 3439 universis
1292 3367 1448 3462 prelatis,
1469 3375 1536 3438 etc.
1560 3363 1668 3438 Sedes
1681 3363 1894 3460 Apostoliua,

488 3489 577 3562 sicut
586 3499 678 3562 totus
686 3491 758 3562 lere
766 3489 860 3561 orbis
871 3489 1132 3562 laetievIdcntia
1143 3489 1279 3580 didicit,
1287 3488 1646 3562 Fredericumdiotum
1657 3491 1896 3582 Imperatorem

487 3633 534 3686 ex
549 3633 620 3707 quo
635 3613 749 3708 ipsum
769 3634 816 3685 ex
834 3622 933 3685 utero
955 3615 1074 3686 matris
1095 3615 1233 3710 excepit
1256 3615 1422 3706 genibus,
1446 3613 1570 3686 affectu
1595 3621 1751 3684 materno
1771 3633 1896 3706 prose-

486 3754 598 3827 quens
613 3734 754 3806 lactavit
775 3733 941 3805 uberibus
956 3745 990 3806 et
1005 3735 1160 3808 humeris
1176 3735 1361 3827 bajulavit,
1378 3756 1482 3828 mem
1499 3735 1582 3807 olim
1598 3736 1692 3806 omni
1710 3753 1799 3828 pone
1814 3733 1895 3806 des·

486 3857 626 3928 titutum
649 3855 780 3928 auxilio
798 3865 834 3928 et
862 3856 978 3930 dubiis
1001 3867 1133 3930 tantum
1158 3857 1359 3932 derelictum
1382 3857 1566 3932 evantibus
1590 3877 1655 3929 suo
1673 3856 1802 3951 recepit
1824 3879 1894 3951 pa-

487 3981 631 4054 trocinio
644 3979 917 4070 oonlovendum,
933 4002 1112 4076 opponens
1128 4003 1165 4054 ss
1184 3989 1340 4076 potenter
1356 3981 1575 4054 invasoribus
1588 3981 1686 4074 regni
1705 3981 1759 4052 sui
1776 3981 1837 4074 qui
1857 3981 1894 4052 in

486 4113 611 4178 terram
640 4106 715 4195 ejus
744 4105 862 4176 oculos
889 4105 1063 4178 aviditatis
1087 4105 1294 4197 injecerant,
1322 4107 1420 4199 eujus
1439 4107 1511 4198 jam
1536 4103 1623 4176 fines
1646 4103 1790 4198 ingressi
1815 4125 1894 4175 eam

486 4224 619 4317 absque
638 4223 709 4294 ullo
728 4221 937 4296 detensionis
953 4225 1130 4298 obstaculo
1147 4225 1380 4319 usurpabant,
1405 4235 1439 4298 et
1457 4223 1646 4296 detondens
1667 4222 1829 4294 eumdem
1847 4221 1893 4293 ab

485 4347 729 4421 insidiantibus
756 4347 827 4420 vite
850 4369 913 4420 sna
939 4349 1000 4442 qui
1027 4349 1132 4420 emuli
1154 4347 1256 4419 saluti
1281 4348 1390 4442 ipsius
1415 4348 1628 4420 conabantur
1648 4345 1798 4417 animam
1817 4345 1894 4435 ejus

485 4473 688 4566 extinguere
706 4481 740 4543 et
766 4471 810 4544 de
828 4483 916 4544 terra
935 4471 1045 4566 ipsius
1068 4471 1266 4544 memoriam
1288 4471 1436 4544 abolere.
1463 4471 1617 4565 Cumque
1643 4469 1736 4542 idem
1757 4477 1892 4562 protec-

483 4597 586 4670 tionis
610 4595 840 4668 ecclesiastice
863 4596 983 4691 clypeo
1012 4597 1244 4690 premunitus,
1271 4617 1416 4691 persone
1442 4605 1476 4691 et
1503 4597 1601 4688 regni
1626 4593 1680 4666 sui
1704 4591 1795 4664 bone
1820 4614 1892 4663 ms·

483 4719 591 4791 morie
617 4719 658 4790 G.
692 4719 737 4792 de
763 4719 975 4811 Gualgeuem
998 4719 1086 4791 tituli
1113 4721 1228 4792 Sancti
1258 4717 1428 4794 Annusii
1450 4717 1652 4814 presbytero
1678 4713 1843 4788 cardinali
1870 4735 1892 4785 a
