4226 5900
507 565 568 628 tea
1005 566 1221 632 Futpuulct
1248 566 1422 629 succum
1729 564 1808 648 [Ars.
1827 565 1909 628 1239.

507 700 660 794 ipsorum
676 699 758 774 adhi
763 753 1332 776 ...............
1352 700 1486 774 licterus
1502 707 1637 774 nostras
1648 700 1829 796 beneplac.
1859 753 1869 772 .
1898 753 1907 774 .

509 877 798 896 ........
828 827 1907 922 ·....Deprooessuautem...............

506 945 554 1018 fid
558 999 1135 1024 ...............
1176 945 1455 1022 sollicitudinem.
1494 1000 1905 1021 ...........

504 1077 601 1142 anus
626 1069 796 1144 inlocum
799 1125 1052 1146 .......
1081 1071 1282 1146 tenendum.
1319 1125 1772 1144 ............
1799 1092 1837 1143 es
1859 1073 1906 1144 lo·

503 1193 596 1265 cubit
610 1203 645 1266 et
660 1215 774 1266 ceram
791 1215 861 1288 que
877 1195 923 1269 ad
938 1195 1091 1269 officinm
1111 1217 1214 1268 suum
1234 1203 1365 1289 spectat
1383 1195 1451 1268 luci
1456 1246 1746 1268 ........
1774 1194 1903 1266 curiali.

506 1369 515 1388 .
545 1369 555 1386 .
585 1371 595 1389 .
627 1371 636 1388 .
663 1317 760 1410 quod
776 1319 909 1392 notario
927 1321 1069 1416 Spmoni
1085 1330 1119 1393 et
1142 1319 1218 1392 aliis
1233 1328 1273 1391 ut
1292 1318 1415 1391 misisti
1435 1317 1694 1413 inquisitionem
1696 1371 1903 1392 ......

501 1447 536 1512 ct
552 1439 619 1512 sub
638 1440 750 1535 sigillo
771 1451 832 1516 tuo
849 1443 895 1517 ad
916 1455 1066 1518 nostram
1088 1443 1219 1518 curiam
1244 1442 1437 1534 destinare,
1456 1441 1677 1515 devotionem
1693 1449 1808 1514 auum
1829 1461 1904 1514 nos-

500 1572 630 1636 trorum
646 1563 799 1638 fidolium
804 1619 1380 1641 ...............
1407 1573 1903 1660 etconqruotamporepruse-

499 1685 652 1780 quimur.
664 1688 715 1759 Tu
731 1711 817 1763 vero
829 1691 906 1764 illos
921 1691 959 1762 iu
974 1689 1043 1764 lide
1056 1699 1092 1763 et
1108 1689 1270 1784 operibns
1282 1688 1408 1762 nostris
1410 1738 1899 1761 .............

498 1809 629 1882 scribas
650 1811 762 1885 nobis.
788 1814 838 1886 lle
863 1813 1056 1888 castellanis
1083 1823 1199 1886 autem
1221 1815 1283 1908 qui
1311 1811 1445 1886 molesti
1472 1821 1507 1885 ot
1530 1811 1686 1903 injuriosi
1708 1809 1901 1882 bominibus

498 1931 650 2006 locorum
670 1935 719 2008 fid
724 1989 1220 2010 .............
1247 1945 1283 2010 et
1300 1937 1337 2010 in
1354 1957 1475 2009 eorum
1488 1935 1655 2008 undidem
1670 1933 1791 2008 officiis
1806 1955 1899 2007 exer·

497 2065 592 2148 cent,
609 2057 832 2152 inquisitione
844 2061 1010 2156 premissa
1024 2060 1070 2135 de
1084 2061 1291 2151 commissis,
1315 2059 1456 2133 eosdem
1471 2059 1596 2156 punias
1610 2069 1648 2131 ut
1651 2111 1896 2130 .......

499 2231 752 2254 .......
784 2183 1010 2258 munitionem
1034 2195 1222 2258 castrorum
1244 2193 1437 2257 nostrorum
1461 2183 1615 2279 ipsarum
1638 2182 1808 2278 partium,
1833 2203 1898 2254 am-

495 2303 687 2378 mocionem
701 2314 736 2380 st
749 2307 1026 2382 substitutionem
1030 2359 1605 2381 ...............
1621 2305 1809 2402 quibusda
1822 2327 1896 2379 oon·

494 2427 623 2500 cientia
655 2438 690 2501 et
719 2430 881 2505 mandato
913 2442 1029 2506 nostro
1056 2432 1232 2506 castellani
1266 2431 1383 2504 statuti
1415 2441 1519 2517 sunt,
1555 2429 1765 2504 servientum
1800 2431 1898 2502 ctiam

493 2551 718 2624 mutationem
723 2605 1136 2628 ...........
1156 2553 1284 2628 tinibus
1304 2563 1339 2627 et
1361 2553 1496 2627 statutis
1515 2553 1661 2626 Iohanni
1683 2553 1839 2626 Vulcano
1858 2551 1898 2624 do

492 2671 634 2768 Neapoli
649 2683 684 2747 et
700 2675 794 2748 socio
808 2677 985 2772 provisore
1000 2687 1189 2752 castrorum
1204 2688 1399 2751 nostrornm
1403 2729 1894 2750 .............

492 2795 701 2870 mietendam
718 2797 764 2872 de
785 2800 950 2872 curatulis
966 2800 1166 2873 animalium
1183 2808 1377 2872 nostrornm
1390 2799 1452 2895 qui
1471 2799 1652 2872 occasione
1668 2797 1773 2871 officii
1796 2798 1897 2868 multa

492 2939 556 2991 oon
561 2973 1095 2996 ..............
1123 2933 1255 2997 secreto
1282 2933 1399 2996 nostro
1438 2923 1596 2996 Messene
1621 2921 1708 3016 quid
1740 2919 1815 2994 fieri
1840 2920 1897 2994 de-

490 3041 571 3116 boet
593 3044 767 3118 mictimus
786 3045 911 3140 scripta
935 3055 1062 3119 nostra.
1090 3047 1273 3141 Stratigoto
1295 3069 1319 3141 p
1323 3097 1892 3120 ...............

490 3165 659 3262 impositis
674 3177 709 3241 et
723 3169 942 3264 contemptis,
960 3168 1047 3242 illud
1068 3169 1136 3242 sibi
1157 3179 1192 3243 et
1212 3170 1391 3264 stratigoto
1412 3169 1543 3243 Salerni
1557 3179 1591 3243 et
1605 3169 1777 3264 Neapolis.
1807 3222 1817 3238 .
1847 3223 1855 3240 .
1883 3223 1891 3240 .

493 3342 909 3366 ...........
937 3315 1061 3390 penam
1097 3296 1201 3368 occisi
1232 3305 1371 3370 centum
1402 3293 1638 3390 augustalium
1668 3293 1735 3366 sibi
1762 3293 1894 3388 penitus

489 3413 643 3510 recipere
669 3413 885 3507 iuhibemus,
914 3427 1032 3512 utpote
1052 3417 1099 3491 ad
1124 3419 1275 3492 officium
1292 3419 1556 3512 justitiariorum
1583 3417 1708 3492 nostris
1733 3417 1892 3492 constitu·

488 3537 641 3610 tionibus
657 3540 897 3634 pertinentem.
919 3543 970 3614 De
985 3543 1196 3616 extractione
1218 3563 1301 3616 vcro
1324 3543 1527 3616 victualium
1547 3552 1586 3614 ut
1611 3542 1793 3637 scripsisti,
1817 3563 1891 3613 cum

488 3659 575 3735 illud
595 3663 763 3738 celsitudo
784 3675 899 3738 nostra
921 3663 995 3738 lieri
1017 3666 1198 3760 permictat
1218 3665 1264 3740 ud
1282 3687 1442 3760 presens,
1459 3669 1623 3740 nolumus
1645 3665 1780 3760 aliquos
1803 3685 1891 3734 mur·

487 3807 637 3875 murare,
658 3788 833 3882 presertim
853 3809 933 3861 cum
950 3791 1097 3884 pecunie
1114 3811 1176 3884 pro
1195 3789 1347 3884 presenti
1363 3789 1502 3884 negotio
1515 3788 1721 3862 Iombardie
1735 3787 1780 3858 sit
1796 3786 1891 3858 nobis

487 3908 677 3984 admodum
693 3921 875 4006 oportuna.
891 3915 942 3986 De
960 3913 1101 3985 notariis
1116 3923 1232 3986 autem
1249 3921 1284 3986 et
1299 3912 1477 3986 advocatis
1491 3909 1707 3998 ordinandis,
1727 3908 1823 4005 quod
1836 3919 1890 3980 tua

487 4033 635 4128 capitula
651 4033 874 4108 continebant
893 4037 955 4108 tibi
975 4036 1197 4109 rescribimus
1213 4057 1283 4108 non
1301 4037 1417 4125 licere,
1441 4017 1521 4108 cum
1539 4033 1626 4108 illud
1647 4053 1708 4130 per
1726 4033 1890 4105 constitu-

486 4157 596 4230 tiones
615 4166 748 4230 nostras
767 4159 862 4231 curie
882 4169 998 4232 nostre
1018 4159 1223 4234 duxerimus
1247 4181 1314 4232 ena
1319 4208 1886 4232 ...............

485 4301 569 4354 vero
584 4303 672 4375 quos
687 4279 733 4354 de
749 4281 913 4355 mandato
935 4293 1050 4357 nostro
1068 4284 1207 4379 cepisti,
1227 4261 1508 4356 scilicetPetrum
1527 4281 1650 4369 Conte,
1666 4277 1846 4352 Girerdnm
1859 4288 1891 4350 et

484 4405 663 4478 Nicolaum
699 4402 744 4478 de
779 4405 818 4477 ln
822 4458 1405 4480 ...............
1434 4407 1529 4478 tortis
1569 4403 1742 4476 custodire
1785 4402 1886 4490 iacis,

484 4537 578 4600 tuam
592 4527 805 4622 diligentiam
816 4527 1110 4621 commendamus,
1126 4550 1214 4624 qnos
1225 4527 1410 4622 diligenter
1422 4537 1456 4600 te
1473 4529 1633 4600 volumus
1636 4575 1884 4597 .......

486 4704 779 4726 ........
808 4653 899 4727 sacto
919 4675 1003 4728 vero
1021 4653 1223 4727 comitcrum
1240 4651 1302 4748 qui
1322 4661 1447 4748 petunt
1460 4649 1590 4761 'habere
1609 4647 1829 4722 cicambium
1847 4647 1888 4720 do
