4350 5922
435 669 457 730 4
932 668 1148 730 salutaret
1172 665 1346 728 secono!
1662 661 1741 748 [Asu.
1759 663 1844 725 1237.

435 803 680 898 protectionem
694 801 889 898 recepimus
905 803 1102 897 specialem,
1118 803 1323 876 mandantes
1341 811 1375 874 et
1390 800 1618 896 precipientes
1632 799 1847 872 universitati

434 936 549 1002 vestre
565 925 707 1000 firmiter
726 935 762 999 et
783 927 936 1000 districte
957 938 1129 1021 quatenus
1152 929 1268 1000 nullus
1287 927 1333 1000 sit
1348 926 1411 1022 qni
1428 925 1560 999 dictum
1581 924 1742 998 abbatem
1767 945 1847 996 cnm

434 1072 500 1124 suo
508 1051 715 1124 monasterio
723 1051 918 1144 etpersonis
926 1051 1056 1125 ibidem
1064 1050 1390 1126 Deosamulantibua
1398 1071 1461 1146 pro
1472 1049 1574 1122 bonis
1583 1057 1619 1122 et
1627 1049 1767 1140 juribus
1775 1047 1848 1120 suis

434 1196 505 1270 qne
520 1174 765 1248 rationabiliter
786 1174 959 1269 possidet,
980 1185 1098 1248 contra
1120 1176 1226 1268 hujus
1239 1173 1457 1271 protectionis
1472 1181 1588 1246 nostre
1605 1172 1783 1244 munimen
1798 1170 1848 1265 (a)

434 1299 654 1392 aliquatenus
673 1299 853 1370 molestare
873 1294 1089 1396 [presumat].
1104 1299 1208 1384 Quod
1231 1301 1292 1394 qni
1312 1297 1560 1394 presumpserit
1575 1296 1848 1389 indignationem

434 1424 541 1498 nostri
554 1422 713 1496 culminis
729 1443 768 1494 se
784 1422 920 1496 noverit
932 1423 1133 1496 incurrisse.
1153 1423 1210 1495 Ad
1233 1422 1339 1515 hujus
1355 1422 1473 1516 itaque
1496 1419 1717 1516 protectionis
1733 1427 1849 1491 nostre

434 1547 634 1620 memoriam
652 1557 686 1617 et
698 1546 805 1618 robur
816 1545 851 1616 in
865 1554 1040 1640 posterum
1055 1547 1258 1637 valiturum,
1270 1567 1413 1642 presens
1424 1545 1590 1641 scripturn
1604 1542 1677 1616 lieri
1688 1552 1723 1617 et
1735 1543 1847 1636 sigillo

433 1670 620 1764 majestatis
634 1679 749 1742 nostre
767 1669 910 1742 fecimus
924 1669 1143 1742 communiri.

480 1797 605 1868 Datum
621 1793 715 1889 apud
729 1793 943 1888 Wyennam,
960 1814 1052 1866 anno
1068 1793 1205 1866 Domini
1221 1794 1403 1866 millesimo
1418 1793 1655 1868 ducentesimo
1668 1790 1847 1864 trecesimo

431 1918 600 2014 septimo,
620 1937 739 1989 mense
749 1915 916 2008 januarii,
934 1915 1068 1989 decime
1084 1917 1293 1990 indictionis.

654 2227 1490 2238 ι--ν--ιι-α--αι-ουι--ηο--μιι-ιο-κ---σ--ι-ῌ.
1496 2219 1590 2234 ...Λ-ς-
1597 2227 1603 2232 -
1609 2223 1624 2234 n

255 2493 270 2536 r
398 2566 404 2579 .
484 2465 712 2572 Fridem'cuS,
727 2466 987 2549 Romanorum
1002 2465 1221 2573 imperator,
1238 2473 1466 2547 conventum
1485 2463 1533 2545 de
1550 2458 1743 2544 Lambach
1759 2484 1848 2541 cum

430 2597 542 2682 bonis
560 2609 599 2681 et
612 2599 765 2708 juribus
783 2625 882 2708 quae
899 2607 1029 2680 tenent
1046 2607 1113 2680 ant
1126 2598 1232 2706 justo
1254 2596 1365 2680 titulo
1384 2595 1542 2705 adipisci
1560 2603 1756 2703 poterunt,
1776 2590 1848 2674 sub

431 2757 502 2815 sua
519 2741 559 2815 et
574 2732 724 2840 imperii
742 2731 895 2840 speciali
913 2731 1145 2840 protectione
1161 2729 1306 2838 recipit.

514 2987 618 3068 (edd.
638 2989 694 3050 Fa.
714 2991 815 3062 Kone,
831 2991 978 3074 Beytrooc
991 3010 1048 3052 aar
1062 2991 1223 3057 castora
1242 2993 1291 3056 dea
1309 2991 1424 3056 Laudes
1439 2989 1615 3056 Oerterrciclt
1634 2989 1669 3052 ob
1683 2987 1736 3051 dar
1748 2990 1847 3065 Ecca,

551 3099 576 3155 t.
592 3093 634 3172 11,
649 3113 681 3172 p.
696 3105 767 3174 454,
781 3107 816 3157 n⁰
829 3097 920 3172 xlv,
935 3116 972 3159 ex
986 3101 1185 3179 autographo,
1199 3101 1280 3163 unde
1293 3103 1423 3182 sigillum
1436 3098 1609 3179 pendebat.)

480 3289 705 3412 Fredericns,
726 3323 788 3396 Dei
811 3326 920 3418 gratia
940 3327 1170 3402 Romanorum
1186 3331 1372 3427 imperator
1390 3353 1525 3426 semper
1542 3337 1730 3422 augustus,
1751 3325 1849 3398 Jeru-

432 3445 538 3517 salem
557 3455 593 3517 et
608 3447 723 3520 Sicilie
739 3469 815 3521 rex.
831 3450 896 3521 Per
910 3473 1052 3545 presens
1067 3455 1232 3549 seriptum
1247 3465 1367 3528 notum
1392 3454 1468 3527 fieri
1486 3455 1650 3526 volumus
1678 3448 1850 3522 universis

432 3569 528 3663 qnod
545 3591 609 3643 nos
630 3569 749 3643 divine
771 3576 1057 3648 remunerationis
1075 3577 1200 3650 intuitu
1218 3601 1290 3674 quo
1307 3599 1471 3674 personas
1491 3579 1565 3650 Deo
1588 3575 1721 3649 dicatas
1742 3572 1849 3668 respi-

434 3693 563 3786 cimus,
585 3695 819 3768 venerabilem
841 3697 1001 3771 abbatem
1030 3703 1227 3775 monasterii
1250 3702 1296 3776 de
1318 3702 1489 3775 lambaob
1509 3699 1647 3775 fidelem
1675 3709 1846 3785 nostrum,

434 3817 680 3890 monasterium
709 3819 845 3914 ipsum,
870 3843 1035 3916 personas
1052 3825 1183 3899 ibidem
1202 3827 1348 3900 Domino
1368 3827 1573 3900 famulantes
1599 3845 1679 3896 cum
1701 3821 1801 3894 bonis
1816 3830 1851 3892 et

429 3941 569 4034 juribus
582 3943 657 4015 suis
671 3965 740 4038 que
760 3947 854 4037 juste
878 3955 995 4020 tenent
1015 3959 1049 4021 et
1068 3951 1246 4045 possident
1268 3953 1360 4025 etin
1384 3952 1595 4042 antea'justo
1615 3943 1850 4041 acquisitionis

434 4067 534 4138 titulo
551 4077 710 4163 poterunt
728 4068 891 4164 adipisci,
911 4073 978 4144 sub
995 4085 1110 4147 nostra
1131 4085 1164 4149 et
1182 4077 1318 4173 imperii
1342 4075 1484 4172 speciali
1507 4072 1703 4168 recepimus
1716 4078 1849 4166 protec-

433 4191 543 4283 tione,
562 4191 768 4264 mandantes
783 4203 817 4266 et
836 4195 1063 4291 precipientes
1081 4197 1222 4273 firmiter
1241 4211 1276 4274 et
1296 4200 1449 4275 districte
1473 4211 1646 4294 quatenus
1669 4195 1785 4265 nullus
1807 4191 1851 4262 sit

433 4317 496 4411 qui
510 4316 641 4389 dictum
659 4315 837 4410 abbatem,
857 4324 1102 4395 monasterinm
1119 4335 1153 4398 et
1171 4347 1335 4421 personas
1351 4325 1483 4397 ibidem
1497 4325 1569 4395 Deo
1584 4319 1789 4392 famulantes
1813 4315 1850 4386 in

434 4439 536 4512 bonis
549 4447 583 4513 et
596 4439 736 4533 juribus
751 4442 823 4514 anis
842 4466 912 4538 que
925 4447 1171 4520 rationabiliter
1188 4449 1367 4544 possident
1377 4459 1496 4522 contra
1510 4446 1616 4538 hujus
1632 4441 1850 4540 protectionis

479 4673 521 4754 (a)
541 4675 738 4736 Amanoensls
755 4680 963 4742 uutlncisoris
983 4685 1140 4744 omituntta
1163 4683 1270 4762 legitur
1282 4684 1317 4744 ia
1336 4683 1430 4742 aciem
1443 4697 1497 4760 pro
1515 4677 1674 4751 mucium,
1690 4673 1848 4756 papicum,

436 4783 499 4844 slve
511 4781 611 4860 aliquo
624 4782 713 4844 verbo
726 4783 816 4862 bujus
828 4785 920 4848 modt.
