4350 5922
487 563 542 626 38⁴
987 563 1204 626 rututtlttct
1229 565 1404 626 sncuuut
1713 566 1795 644 [An.
1811 565 1898 628 1237.

487 696 744 792 listisponeusis
761 696 948 792 imperialis
961 699 1041 771 aule
1063 699 1305 790 cuueellnrius,
1324 697 1547 792 ltuedegerus
1563 698 1797 790 Petrviensis,
1812 699 1901 772 Con·

488 821 595 894 radus
621 821 850 916 Frisingensis
871 822 1046 918 episcopi,
1069 823 1147 896 Otto
1174 845 1290 898 eomes
1316 824 1490 920 palatium
1512 824 1598 896 Reni
1622 822 1699 895 dux
1725 824 1898 913 Bewurie,

487 943 709 1018 Bernhardus
727 943 804 1018 dux
826 947 1019 1036 Kerinthic‚
1040 949 1209 1022 lleuricus
1230 950 1444 1042 lantgravius
1462 947 1650 1042 Thuringie
1673 969 1788 1032 eomes
1804 949 1903 1043 pele-

489 1070 582 1142 tinus
601 1070 770 1161 menie,
791 1069 967 1144 Gotsridus
991 1079 1027 1144 et
1051 1072 1230 1145 Conradus
1253 1071 1299 1146 de
1322 1072 1543 1161 unterloch,
1563 1070 1740 1146 Coumdus
1767 1081 1802 1146 et
1824 1073 1904 1144 Lui·

489 1193 629 1267 tholdus
653 1193 698 1268 de
714 1194 916 1289 Hardegge,
932 1196 1011 1268 Otto
1034 1196 1081 1270 de
1098 1198 1262 1288 Sluenze,
1277 1197 1458 1270 Heinricus
1477 1206 1513 1270 et
1527 1195 1764 1270 Wernlrerdus
1784 1198 1904 1270 fretrus

491 1316 536 1391 de
553 1318 824 1410 Schoweubero,
840 1319 1015 1392 Cedoldus
1034 1319 1172 1415 dapifer
1191 1321 1237 1394 de
1248 1320 1477 1417 Veldesperc,
1498 1317 1711 1393 liudemurus
1724 1331 1760 1393 et
1773 1321 1904 1416 Repeto

492 1439 538 1514 de
555 1441 827 1534 Schoeninbere,
841 1441 1056 1516 Hedemarus
1068 1441 1114 1515 de
1129 1444 1372 1536 Suunenberc‚
1391 1444 1573 1517 Heinricus
1584 1443 1631 1516 de
1641 1443 1776 1534 Fruere,
1789 1443 1903 1516 llirni·

491 1563 603 1638 fridus
616 1565 662 1639 de
676 1566 857 1661 Hiniperc‚
876 1567 1059 1640 Heinricus
1069 1566 1115 1639 de
1131 1569 1263 1656 Sevelt,
1280 1578 1315 1640 ct
1330 1569 1390 1640 elii
1404 1569 1641 1662 quamplures.

541 1689 685 1783 Signum
707 1689 840 1762 domiui
859 1691 1024 1764 Friderici
1043 1692 1206 1781 secundi,
1231 1693 1294 1766 Dei
1311 1692 1422 1786 gretie
1442 1691 1660 1764 invictissimi
1674 1692 1913 1766 Romanorum

494 1813 709 1908 imperatoris
724 1834 862 1908 semper
873 1815 1032 1906 augusti,
1052 1817 1242 1889 Jerusalem
1260 1825 1295 1888 et
1308 1816 1424 1889 Sicilie
1442 1816 1533 1910 regis
1550 1815 1837 1912 (ltorropraeuno).

541 1937 628 2010 Acta
641 1937 798 2010 sunthec
810 1959 902 2012 euno
918 1937 1090 2013 dominice
1103 1941 1348 2014 iucarnationis
1359 1941 1541 2013 millesimo
1558 1940 1795 2014 dueeutoeimo
1808 1939 1907 2012 trice·

495 2061 582 2133 simo
601 2070 720 2151 sexto,
741 2083 860 2134 meuse
875 2063 1006 2148 martii,
1028 2063 1162 2136 decime
1183 2062 1399 2152 indictionis,
1420 2064 1610 2159 imperante
1629 2063 1773 2137 domino
1791 2071 1907 2136 nosue

494 2184 666 2258 Fridorioo
681 2185 848 2276 secundo,
865 2187 926 2258 Dei
945 2187 1055 2280 gratia
1067 2187 1293 2262 invictissimo
1307 2189 1539 2261 Romanorum
1550 2189 1755 2283 imperatore
1771 2209 1907 2282 semper

496 2319 657 2402 augusto,
671 2310 858 2382 Jerusalem
872 2320 907 2382 et
918 2311 1033 2384 Sicilie
1047 2333 1140 2405 rege,
1162 2312 1297 2408 imperii
1312 2314 1389 2405 ejus
1404 2332 1497 2386 nuno
1513 2321 1637 2384 octavo
1650 2311 1799 2404 decimo,
1809 2311 1907 2406 regui

496 2435 684 2506 Jerusalem
704 2433 928 2526 duodecimo,
946 2436 1043 2528 regni
1063 2436 1177 2508 Sicilie
1189 2437 1362 2509 tricesimo
1375 2445 1515 2526 octavo,
1532 2435 1689 2509 feliciter.
1709 2435 1832 2510 Amen.

544 2559 671 2632 Datum
686 2557 854 2650 Wieuue‚
874 2581 986 2648 enno,
1004 2576 1143 2652 mense,
1160 2559 1349 2634 indictione
1362 2559 1573 2657 prescriptis.

729 2915 1670 2936 ’mu-w

409 3297 430 3340 „U
551 3226 782 3336 FridericuS,
809 3225 1070 3310 Romanorum
1102 3223 1336 3334 imperator,
1361 3220 1492 3308 uhbeti
1518 3237 1556 3304 et
1583 3217 1783 3305 conventui
1810 3217 1911 3301 Sco·

498 3372 625 3444 torum
662 3360 765 3468 opud
799 3359 982 3442 Viennam
1021 3366 1178 3440 renovat
1213 3367 1250 3440 et
1284 3355 1486 3437 inserendo
1522 3353 1723 3437 confirmet
1750 3351 1911 3461 privile-

500 3494 608 3604 gium
625 3491 800 3600 Liupoldi
819 3489 993 3573 lustriae
1010 3489 1118 3571 ducis
1136 3489 1280 3572 eisdem
1301 3493 1337 3569 1⁰
1351 3487 1575 3596 septembris
1596 3487 1696 3568 1181
1720 3483 1911 3568 indultum

501 3651 615 3734 super
631 3625 867 3732 exemptione
884 3623 933 3704 dc
947 3619 1099 3730 juribus
1116 3621 1311 3730 laeddioq
1328 3631 1366 3702 et
1382 3620 1623 3703 Merctmuttc
1640 3617 1764 3700 dictis.

525 3851 527 3856 ,
583 3872 716 3952 (Edtder.
739 3872 773 3932 B.
798 3871 859 3932 Puz
881 3876 912 3931 et
929 3870 966 3932 P.
981 3871 1123 3948 flumen,
1141 3867 1236 3932 Codic.
1254 3865 1375 3949 diplom.
1395 3863 1497 3928 lister.
1520 3861 1644 3946 epirol,
1663 3881 1732 3943 pers
1750 3863 1795 3941 11,
1810 3879 1839 3940 p.
1863 3869 1912 3940 89,

620 3989 654 4039 u⁰
667 3977 741 4056 CLI,
756 3995 794 4039 ex
807 3975 1013 4056 autographo.)

551 4177 746 4252 innomine
769 4185 885 4250 sancte
903 4186 939 4249 et
958 4173 1140 4248 individue
1158 4173 1343 4247 Trinitatis.
1366 4170 1561 4243 Fridericus
1579 4167 1771 4258 secundus,
1793 4165 1913 4240 divine

504 4306 640 4377 invente
665 4301 845 4374 clementie
866 4301 1097 4372 Romanorum
1116 4299 1300 4394 imperator
1320 4315 1455 4390 semper
1470 4303 1656 4387 augustus,
1678 4291 1864 4364 ierusalem
1880 4298 1915 4362 et

503 4427 616 4500 Sicilie
640 4446 716 4497 rex.
743 4422 934 4519 Imperialis
959 4421 1163 4494 excellentie
1185 4430 1270 4492 tuuc
1295 4418 1459 4514 precipue
1481 4415 1612 4489 auctori
1636 4435 1701 4486 suo
1724 4435 1786 4509 per
1809 4433 1914 4506 quem

503 4551 650 4646 sumpsit
666 4547 919 4644 plenitudinem
936 4545 1130 4641 potestatis,
1159 4542 1352 4617 devotionis
1380 4562 1443 4614 sue
1459 4539 1618 4635 rependit
1635 4538 1815 4626 meritum,
1836 4557 1915 4607 cum

503 4673 550 4748 ob
568 4675 644 4768 ejus
667 4672 896 4748 reverentiam
920 4671 1157 4765 religiosarum
1180 4688 1406 4765 personarum
1425 4666 1529 4759 iustis
1550 4661 1860 4760 supplicationibus
1880 4679 1917 4731 se
