4228 5892
472 585 533 647 380
973 577 1186 641 relocaret
1206 579 1381 642 sucurre!
1523 663 1529 672 ι
1692 577 1773 660 [ltu.
1791 577 1876 642 lte.

472 716 638 812 premisso
652 716 687 786 in
702 714 936 786 Romaniolum
952 735 1015 808 pro
1029 713 1097 786 biis
1111 715 1172 808 qui
1188 715 1323 788 noviter
1335 712 1536 785 calcaneum
1553 711 1750 784 rebellionis
1761 733 1879 786 erexe-

473 849 551 912 rant
569 847 603 912 et
626 837 672 912 ad
695 847 886 910 extremam
913 835 1131 930 pertinaciam
1155 835 1371 911 ducebantur
1388 835 1529 930 penitus
1548 833 1820 927 confundendis,
1834 835 1879 910 ad

473 959 704 1036 collidendum
718 968 821 1056 caput
832 958 975 1054 perfidie
989 959 1221 1032 Mediolanum
1234 967 1374 1032 extento
1387 957 1529 1031 brachio
1546 957 1756 1030 fortitudinis
1769 967 1880 1032 nostre

473 1083 695 1182 procedimus
721 1091 761 1154 ut
784 1103 849 1154 sue
870 1082 1050 1156 insolentie
1068 1081 1256 1156 vindictam
1285 1081 1438 1156 debitam
1468 1103 1537 1154 non
1561 1081 1708 1173 evadat,
1730 1081 1818 1154 sicut
1844 1082 1878 1154 in

473 1208 636 1304 proximo
652 1205 698 1280 de
716 1205 995 1299 contingentibus
1009 1208 1184 1302 processui
1197 1216 1314 1280 nostro
1328 1205 1547 1278 successibus
1562 1205 1684 1278 festiva
1700 1205 1802 1278 vobis
1817 1207 1880 1279 frc-

474 1339 619 1425 qucuter
635 1328 763 1424 gandia
779 1328 955 1401 faciemus.

717 1676 1637 1693 ww-

281 2059 295 2091 ,
421 2067 435 2080 ,
527 1983 762 2090 Fridericus,
795 1983 1055 2067 Romanorum
1076 1983 1297 2091 imperator,
1318 1981 1512 2068 Bonilacio
1537 1980 1748 2065 marchioni
1766 1981 1877 2066 illon-

292 2103 369 2197 ‘²¹·¹¹
413 2131 421 2154 '
474 2116 654 2200 lislerrati
683 2115 966 2226 consanguineo
997 2127 1034 2200 et
1057 2115 1160 2198 fideli
1187 2141 1257 2199 suo
1283 2115 1412 2198 omnia
1432 2114 1521 2226 jura
1538 2140 1638 2224 quac
1664 2139 1747 2196 ase
1772 2123 1809 2196 et
1832 2113 1879 2196 ab

473 2250 633 2358 imperio
650 2257 753 2332 tenet
769 2246 984 2353 confirmat,
1004 2248 1110 2331 omni
1128 2247 1267 2330 actioni
1289 2247 1481 2330 renuntiat
1499 2245 1733 2356 superbona
1750 2271 1878 2355 quon-

473 2384 565 2466 dam
587 2379 787 2486 Demetrii,
806 2379 908 2489 regis
927 2379 1292 2486 Thessalonicensis,
1311 2379 1385 2462 sibi
1406 2405 1454 2461 ex
1470 2377 1553 2488 ejus
1571 2387 1797 2462 testamento
1813 2403 1878 2460 re·

473 2514 582 2618 licta,
607 2536 754 2595 necnon
772 2519 811 2595 et
835 2511 942 2593 omni
968 2511 1106 2596 actioni
1132 2537 1251 2622 quam
1267 2536 1440 2594 exercere
1465 2521 1593 2620 posset
1612 2509 1700 2620 jure
1725 2536 1878 2593 succes·

475 2644 592 2728 sionis
610 2643 810 2728 Conradus
822 2641 925 2724 filius
939 2667 1053 2749 suus3
1072 2643 1273 2726 coufirmat
1289 2643 1445 2750 insuper
1461 2641 1704 2750 privilegium
1722 2667 1746 2723 a
1763 2643 1881 2750 seipso

474 2779 515 2858 in
551 2773 763 2858 Theutonia
799 2772 1000 2856 Guillelmo
1035 2775 1246 2858 marchioni
1277 2773 1544 2859 Montisferrati
1582 2774 1779 2885 quondam
1815 2773 1880 2854 in-

475 2907 640 2992 dullum.

559 3133 662 3213 (lidld.
678 3133 814 3196 Bruvuu.
829 3149 870 3193 or
883 3131 916 3194 S.
931 3131 1063 3208 (irone,
1076 3133 1187 3196 Hister.
1200 3131 1393 3214 Mondrsm„
1407 3149 1455 3212 ap.
1471 3133 1653 3210 llumron,
1667 3133 1810 3215 Scriptor.
1824 3151 1880 3197 rer.

596 3236 704 3314 italic,
719 3245 793 3302 tom.
807 3239 922 3320 lllllll,
932 3255 964 3317 p.
981 3238 1068 3320 usa.)

526 3442 564 3512 ln
587 3437 727 3512 nomine
750 3446 869 3510 sancte
890 3445 925 3510 et
946 3434 1131 3509 individue
1150 3435 1335 3510 Trinitatis.
1359 3435 1543 3510 ledonens
1566 3435 1742 3510 secundus
1766 3435 1884 3510 divina

478 3567 616 3638 favente
632 3561 814 3635 clementia
827 3561 1059 3634 Romanorum
1078 3562 1261 3655 imperator
1275 3581 1411 3656 sempor
1423 3573 1607 3654 angustus,
1624 3561 1836 3634 Hierusalem
1850 3567 1883 3632 et

479 3687 593 3762 Sicilie
606 3707 682 3758 rer.
703 3684 808 3758 Justis
823 3681 979 3757 fidelium
993 3692 1186 3756 nostrorum
1201 3683 1425 3780 petitionibus
1438 3683 1715 3758 condescendere
1730 3685 1884 3778 cogimur

479 3834 568 3908 quos
585 3811 653 3882 nisi
672 3807 903 3881 favorabiliter
920 3805 1139 3897 audiremus,
1168 3807 1336 3882 obaudire
1356 3807 1452 3902 quod
1480 3809 1608 3903 potitur
1632 3829 1693 3902 per
1717 3807 1884 3880 invidiam

479 3933 689 4010 videremur.
709 3931 849 4003 illorum
866 3930 1044 4025 presertim
1062 3929 1330 4026 supplicationes
1347 3929 1568 4006 favorabilius
1586 3940 1744 4004 tenemur
1760 3929 1884 4004 admit·

479 4071 551 4134 tere
564 4077 653 4152 quos
665 4053 924 4127 favorabiliores
934 4053 1034 4126 nobis
1045 4077 1132 4149 pura
1151 4052 1299 4127 fidelitas
1311 4063 1346 4128 et
1362 4054 1563 4149 proximitas
1577 4053 1760 4148 sanguinis
1773 4052 1886 4128 reddit

481 4183 638 4258 cariores.
658 4179 846 4274 llepropter
868 4185 986 4250 notum
1007 4175 1082 4250 fieri
1102 4178 1262 4250 volumus
1281 4177 1452 4250 universis
1476 4177 1611 4274 imperii
1636 4175 1798 4250 fidelibus
1818 4187 1885 4250 tum

481 4303 698 4405 presentibus
721 4321 825 4396 quam
852 4299 976 4374 futuris
999 4299 1096 4395 quod
1119 4321 1183 4374 nos
1203 4321 1266 4396 pro
1290 4300 1396 4392 gratis
1417 4300 1566 4374 servitiis
1587 4307 1622 4372 et
1643 4300 1794 4394 acceptis
1818 4320 1886 4396 qus

481 4428 677 4506 Bonilacius
693 4423 844 4498 marchio
853 4423 1108 4514 llontislerrati,
1124 4421 1269 4496 dilectus
1284 4409 1563 4516 consanguineus
1579 4433 1614 4497 et
1630 4421 1743 4497 fidelis
1755 4434 1883 4515 noster,

482 4568 517 4630 et
540 4565 775 4628 anoeocssores
794 4549 849 4621 sui
870 4547 970 4622 nobis
994 4557 1029 4620 et
1050 4545 1327 4641 progenitoribus
1351 4546 1476 4619 nostris
1497 4545 1590 4619 divis
1612 4545 1770 4636 augustis
1784 4545 1884 4619 exbi-

483 4681 635 4754 buerunt
648 4675 815 4749 hactonus
829 4656 867 4747 ¹et
884 4671 958 4769 ipse
969 4669 1069 4744 nobis
1088 4679 1123 4744 et
1136 4669 1391 4744 successoribus
1406 4669 1533 4745 nostris
1550 4669 1769 4745 exhibiturus
1785 4679 1837 4743 cst
1849 4669 1883 4742 in
