4226 5900
202 597 299 658 imru.
325 595 385 678 la]
651 596 848 660 HISTORIA
874 599 1167 662 ulrhouarlcu.
1551 597 1611 660 459

202 734 419 804 voluntatum
447 740 666 806 executorem
693 734 825 828 eligens
849 745 884 807 et
909 737 1024 830 ipsum
1051 735 1118 808 sibi
1138 735 1227 806 sicut
1253 733 1413 805 faretram
1441 731 1531 804 circa
1557 732 1611 802 fe-

203 879 282 928 mur
300 856 500 948 accingens,
522 877 568 926 ex
586 856 660 950 ipsa
673 858 790 953 sepius
804 859 948 952 sagittas
964 859 1088 931 electas
1104 859 1230 932 extrait
1246 865 1280 928 et
1297 877 1357 928 eas
1375 857 1412 926 in
1430 855 1611 928 tuitionem

203 978 435 1052 ecclesiastice
452 979 620 1050 libertatis
640 989 674 1052 et
690 979 788 1072 fidei,
814 982 849 1054 in
867 981 1102 1054 contritionem
1122 981 1306 1076 impiorum
1328 987 1363 1051 et
1377 979 1612 1050 defensionem

200 1102 333 1192 justitie
347 1103 381 1172 in
395 1124 478 1174 arcu
502 1102 634 1176 brachii
653 1104 948 1198 potentisemittit.
969 1105 1108 1200 Propter
1125 1103 1220 1197 quod
1234 1102 1494 1198 predecessores
1506 1104 1627 1174 nostri·

204 1225 339 1297 romani
360 1224 539 1318 pontifices
557 1249 579 1298 a
596 1229 759 1321 progenie
782 1228 818 1297 in
842 1228 1024 1322 progenies
1050 1236 1119 1300 mm
1139 1226 1328 1299 laudabilia
1348 1225 1517 1298 dictorum
1535 1249 1614 1320 pro·

203 1348 398 1440 genitorum
415 1370 521 1444 opera
543 1360 761 1423 recensentes
785 1352 832 1424 ad
852 1352 945 1446 ipsos
968 1351 1169 1423 continuum
1190 1351 1226 1422 in
1254 1349 1515 1422 necessitatibus
1541 1350 1615 1422 suis

204 1469 358 1542 habuere
372 1493 570 1564 recursum,
590 1474 709 1568 illique
728 1473 907 1548 credentes
929 1474 1024 1569 quod
1043 1495 1113 1545 non
1136 1474 1325 1567 petentium
1347 1473 1410 1546 scd
1431 1493 1534 1545 causa
1552 1473 1615 1546 Dei

204 1593 319 1688 potius
333 1595 511 1688 agebatur,
530 1597 675 1690 petitum
689 1619 867 1692 nunquam
884 1619 1057 1692 negavere
1073 1597 1281 1683 subsidium,
1296 1598 1382 1690 quin
1397 1597 1511 1692 potins
1525 1617 1616 1670 non-

204 1738 384 1810 nunquam
407 1740 476 1790 non
497 1722 706 1813 postulatum
724 1721 877 1794 Ecclesia
900 1721 1186 1816 oportunitatibus
1206 1721 1244 1792 in
1270 1743 1375 1793 manu
1400 1721 1478 1794 forti
1499 1722 1616 1795 indul-

205 1861 283 1914 sere
306 1865 526 1935 succursum3
553 1868 599 1916 ex
622 1867 693 1939 quo
720 1857 755 1918 et
783 1869 849 1918 nos
874 1847 1020 1918 scientes
1044 1847 1141 1940 quod
1163 1845 1301 1940 proprie
1321 1855 1437 1917 servat
1463 1867 1616 1940 propago

205 1965 288 2037 vitis
312 1968 494 2060 originem,
512 1968 609 2062 qnod
626 1969 720 2042 idem
738 1992 843 2042 sucus
865 1992 978 2041 ramos
1001 1969 1157 2042 vivificat
1175 1980 1209 2040 ct
1228 1967 1379 2041 radicem
1395 1977 1429 2041 et
1449 1989 1521 2040 non
1544 1991 1618 2042 cre·

205 2086 327 2162 dentes
348 2090 489 2162 omniuo
515 2101 554 2162 ut
579 2092 709 2166 eisdem
736 2094 1014 2187 progenitoribus
1038 2094 1167 2187 quibus
1186 2091 1375 2187 purificaris
1402 2091 1532 2164 honore
1550 2091 1620 2165 dc-

207 2212 324 2302 minii,
348 2215 489 2309 patiaris
505 2225 539 2287 te
558 2218 764 2289 contrarium
783 2219 938 2291 moribus
958 2229 993 2291 et
1015 2218 1208 2290 inferiorem
1225 2218 1394 2288 virtutum
1414 2217 1548 2289 actibus
1569 2219 1621 2290 in·

207 2335 336 2424 veniri,
355 2339 511 2431 quinimo
533 2351 710 2434 sperantes
729 2342 826 2435 quod
844 2344 955 2436 gratia
977 2343 1141 2416 bonitatis
1160 2363 1231 2436 que
1249 2342 1334 2435 ipsis
1353 2351 1426 2413 erat
1448 2342 1567 2414 innata
1585 2343 1622 2413 in

207 2467 267 2530 tua
289 2460 334 2531 sit
358 2461 514 2534 derivata
540 2485 707 2556 persona,
733 2463 778 2537 nd
805 2476 838 2538 te
858 2469 968 2540 multa
997 2466 1204 2539 confidentia
1231 2465 1327 2537 ducti
1353 2465 1561 2536 recurrimus
1584 2473 1623 2536 nt

206 2581 297 2652 sicut
322 2592 479 2658 tenemur
503 2588 678 2660 seronitati
697 2597 756 2661 tue
781 2591 902 2685 plagas
931 2592 1033 2683 longe
1058 2589 1215 2663 duriores
1241 2597 1277 2660 et
1300 2586 1444 2659 diriores
1461 2607 1567 2681 quam
1586 2586 1622 2656 in

207 2705 319 2778 crucis
335 2708 487 2802 patibulo
505 2711 635 2784 inflicta
655 2714 795 2784 fuerunt
817 2714 890 2807 regi
913 2715 1067 2786 omnium
1085 2713 1300 2800 seculorum,
1322 2710 1462 2804 quasin
1479 2730 1623 2805 corpore

207 2831 331 2905 Christi
349 2837 467 2908 multis
483 2838 706 2934 blasphemiis
723 2850 759 2912 et
776 2841 853 2912 aliis
870 2841 983 2914 modis
996 2841 1096 2935 quasi
1112 2839 1263 2912 obducta
1277 2839 1435 2910 cicatrice
1449 2839 1488 2909 F.
1510 2836 1623 2910 dictus

208 2956 393 3051 imperator
406 2960 478 3052 jam
499 2973 642 3036 renovat
655 2972 689 3036 et
705 2973 879 3055 cruentat,
899 2964 1032 3060 aperire
1045 2963 1240 3058 possimus:
1261 2963 1323 3057 qui
1336 2962 1526 3034 ministerio
1541 2983 1624 3056 pro·

209 3078 328 3153 ditoris
350 3085 509 3157 velamen
535 3089 754 3181 amplexatus
782 3098 821 3159 ut
841 3089 1025 3161 Dominum
1051 3087 1324 3160 cracifissoribus
1346 3085 1482 3159 tradere
1509 3093 1625 3180 posset

209 3201 385 3294 habentis,
415 3207 466 3278 uti
493 3207 634 3281 minime
666 3211 892 3304 erubescens,
921 3233 959 3284 se
987 3211 1115 3284 divinis
1148 3211 1309 3284 misteriis
1339 3231 1409 3304 que
1434 3217 1514 3280 ante
1541 3228 1625 3280 sen-

209 3326 352 3399 tentiam
373 3329 410 3400 iu
440 3351 478 3402 se
505 3331 606 3404 latam
637 3334 735 3426 quasi
763 3355 919 3428 paganus
943 3336 1079 3430 penitus
1106 3333 1329 3423 abhorrebat,
1362 3341 1402 3404 ut
1429 3331 1496 3402 sub
1520 3329 1625 3424 pallio

212 3449 347 3544 pietatis
384 3452 519 3526 facilius
552 3455 721 3528 Christum
747 3458 784 3528 in
811 3458 963 3530 Ecclesia
987 3481 1050 3530 sua
1080 3457 1125 3530 de
1151 3479 1245 3532 novo
1268 3453 1469 3549 crucifigere
1490 3455 1622 3542 valeat,

212 3573 248 3645 in
269 3596 334 3647 sne
358 3575 559 3668 proditionis
585 3590 810 3674 augmentum
836 3583 1029 3655 immiscere
1052 3583 1239 3678 presumit,
1269 3581 1388 3674 sicque
1409 3600 1527 3652 secum
1550 3599 1625 3650 om·

211 3718 275 3770 nos
308 3720 396 3792 quos
425 3710 537 3794 potest
562 3703 598 3774 in
630 3704 690 3777 via
715 3704 919 3800 proditionis
946 3706 1119 3778 attrahens
1149 3705 1195 3778 ad
1226 3701 1445 3777 excusandas
1473 3721 1623 3775 excusa·

213 3820 322 3892 tiones
344 3823 381 3893 iu
401 3826 552 3918 peccatis
571 3827 699 3900 litteras
725 3829 898 3923 quasdam
916 3831 961 3903 de
985 3811 1218 3925 promptuario
1246 3827 1457 3902 fallaciarum
1483 3846 1625 3898 suarum

213 3944 354 4036 emittit3
383 3950 583 4042 exquibus
613 3974 691 4024 cnm
716 3974 837 4026 earum
860 3955 1069 4050 principium
1092 3978 1112 4028 a
1140 3954 1293 4027 veritatis
1312 3953 1372 4026 via
1397 3950 1533 4047 penitus
1557 3948 1622 4022 de-

213 4066 301 4156 viet,
323 4068 402 4142 finis
420 4092 499 4144 cum
519 4074 636 4147 medio
655 4077 791 4149 falsitati
809 4080 950 4152 omnino
972 4077 1175 4168 concordet,
1205 4077 1311 4151 nichil
1343 4077 1379 4148 in
1404 4075 1529 4147 mentis
1551 4073 1625 4146 dis·

215 4201 307 4263 crete
340 4192 579 4268 credulitatem
618 4202 806 4272 assumitur
841 4199 908 4274 nisi
946 4202 1033 4297 quid
1065 4200 1325 4275 mendaciorum
1359 4197 1625 4294 compositorum

214 4314 340 4386 artium
359 4337 499 4390 suarum
518 4320 659 4414 ingenio
675 4325 796 4398 fortius
813 4329 1017 4400 confutetur.
1035 4329 1177 4423 Propter
1193 4324 1289 4421 quod
1303 4323 1493 4397 consultius
1515 4330 1626 4393 atten-

215 4435 336 4509 dentes
350 4441 447 4534 quod
465 4442 531 4516 hcc
545 4447 690 4520 vulnera
709 4471 778 4522 non
794 4449 1005 4524 debebamus
1026 4463 1096 4524 tam
1115 4451 1308 4549 pernicioso
1327 4449 1499 4522 occultare
1518 4445 1627 4518 silen-

217 4560 282 4650 tio,
309 4562 424 4656 ipsum
448 4588 552 4662 super
572 4571 736 4667 predictis
762 4585 797 4647 et
818 4578 936 4650 multis
960 4579 1036 4650 aliis
1054 4577 1241 4650 sceleribus
1265 4595 1347 4669 sepe
1373 4571 1490 4665 sepius
1511 4591 1626 4642 coram

218 4688 472 4763 venerabilibus
492 4696 633 4787 prelatis
649 4700 869 4773 ecclesiarum
887 4704 1084 4797 apostolicis
1104 4703 1239 4797 scriptis
1255 4710 1289 4773 et
1307 4696 1518 4772 solemnibus
1536 4717 1627 4765 nun·
