4226 5900
482 547 544 608 494
981 543 1199 606 relocaret
1223 543 1397 606 sttcttttot
1708 541 1788 626 [An.
1807 543 1892 607 1239.

482 682 566 752 libet
596 689 723 752 eventu
754 677 950 770 firmemus,
983 700 1029 750 ex
1062 701 1132 774 quo
1165 701 1234 752 non
1267 689 1399 757 tantum
1432 677 1665 770 subjectorum
1701 687 1895 752 uoetrmnm

481 825 655 901 propenso
676 804 821 876 consilio
840 803 1031 899 protectum
1046 803 1233 877 multifarie
1253 803 1406 876 vidimus
1427 800 1708 897 procurandum
1731 801 1768 872 in
1790 823 1895 896 regno

481 935 597 1000 nostro
616 927 810 998 liberalium
827 927 954 997 artium
970 926 1129 1020 vigerent
1145 926 1283 1013 studia,
1298 947 1403 1020 quam
1418 926 1508 998 lame
1525 935 1560 998 et
1572 924 1762 1018 posteritati
1782 935 1897 998 nostre

481 1049 623 1143 dignius
642 1051 714 1122 lore
729 1051 936 1122 consultum.
957 1050 1002 1120 Et
1017 1057 1055 1121 ut
1071 1050 1308 1122 exhuberente
1324 1050 1433 1142 gratia
1453 1048 1500 1121 ad
1520 1069 1624 1120 omne
1642 1047 1896 1122 firmamentum

481 1174 591 1269 ipsius
611 1174 816 1246 excellentia
837 1183 953 1246 nostra
967 1173 1147 1246 evidenter
1168 1171 1381 1262 ostenderet,
1401 1193 1472 1245 non
1492 1173 1604 1244 solum
1624 1173 1660 1241 in
1677 1173 1764 1244 urbe
1781 1183 1896 1246 nostra

479 1298 639 1390 Neapolis
658 1306 727 1368 tam
748 1297 969 1369 amenissima
986 1305 1020 1368 et
1033 1298 1199 1380 formosa,
1216 1297 1274 1368 cui
1291 1306 1380 1369 terra
1393 1290 1428 1367 et
1445 1317 1540 1368 mare
1554 1295 1771 1384 deserviunt,
1788 1295 1896 1389 ipsius

481 1419 600 1493 sedern
615 1421 808 1492 locavimus
824 1429 859 1491 et
870 1421 1000 1492 cultum
1014 1419 1209 1492 indiximus
1220 1399 1429 1514 qeneralem,
1443 1441 1550 1514 quam
1562 1420 1665 1492 etiarn
1681 1419 1818 1510 magnis
1834 1419 1896 1490 irn-

480 1543 707 1616 munitatibus
724 1544 888 1616 decoram
899 1545 1080 1638 magistros
1098 1553 1132 1616 et
1143 1565 1282 1615 omnem
1297 1553 1411 1616 cetum
1428 1544 1611 1616 scolarium
1622 1552 1739 1615 nostra
1750 1540 1892 1612 munili-

481 1669 593 1741 centia
613 1690 684 1740 non
707 1669 871 1741 ommisit.
902 1669 1058 1762 Cumque
1080 1689 1192 1761 nuper
1215 1688 1281 1739 nos
1306 1669 1342 1738 in
1369 1667 1468 1738 ltalia
1491 1667 1581 1738 circa
1609 1663 1894 1761 depopulationes

295 1812 324 1842 ⁰·
369 1813 439 1846 veno·
480 1803 674 1864 nostrornm
702 1793 885 1864 rebellium
913 1789 1096 1886 magnifice
1122 1812 1335 1863 moraremm
1356 1791 1392 1860 in
1415 1790 1552 1872 castris,
1575 1786 1583 1886 Ι
1603 1789 1748 1861 nuncios
1766 1797 1895 1861 vesbos

480 1920 682 2010 magistrum
701 1915 743 1987 G.
761 1914 806 1987 de
825 1915 1008 1988 Antiochia
1028 1923 1063 1987 et
1083 1915 1122 1986 Τ.
1142 1914 1187 1987 de
1201 1915 1368 1987 Cremona
1385 1913 1507 1986 fideles
1525 1922 1660 1986 nostros
1678 1913 1724 1986 ad
1745 1921 1894 1986 nostram

480 2039 685 2134 presentiam
702 2037 890 2110 destinatos
914 2036 962 2134 (o)
983 2037 1135 2132 benigne
1152 2037 1345 2132 recepimus
1362 2048 1397 2110 et
1412 2038 1594 2133 petitiones
1616 2045 1749 2109 vestras
1766 2037 1803 2108 in
1817 2037 1894 2107 sinu

480 2163 659 2234 clementie
682 2170 798 2234 nostre
816 2161 1000 2232 clementer
1020 2161 1244 2252 admisimus3
1264 2170 1298 2232 et
1315 2160 1404 2234 inter
1418 2171 1468 2234 tot
1485 2161 1752 2256 occupationum
1770 2181 1896 2252 genera

480 2286 609 2380 quibus
633 2293 747 2358 nostra
776 2283 1011 2356 munificentia
1037 2283 1256 2372 trahebatur,
1278 2305 1350 2356 non
1372 2285 1527 2380 inspecta
1547 2285 1718 2379 presentis
1733 2282 1896 2378 temporis

481 2411 659 2504 qualitate,
674 2418 850 2503 tamquam
864 2407 970 2480 studii
982 2417 1016 2481 et
1029 2409 1196 2480 virtutum
1207 2409 1441 2502 quarumlibet
1455 2410 1632 2497 zelatores,
1649 2408 1696 2480 ad
1707 2405 1896 2479 ordinatio·

480 2555 560 2606 nem
574 2542 608 2604 et
619 2533 749 2604 cultum
766 2531 980 2626 Neapolitani
995 2529 1100 2603 studii
1113 2531 1308 2603 direximus
1321 2531 1430 2604 aciem
1446 2530 1571 2602 mentis
1586 2538 1715 2620 nostre,
1731 2539 1766 2602 et
1780 2551 1896 2622 quan·

480 2664 554 2724 tum
576 2654 697 2726 bononi
719 2661 855 2742 nostro,
873 2653 1030 2747 qualitati
1046 2653 1211 2748 temporis
1232 2662 1267 2726 et
1288 2652 1529 2748 indempnitati
1546 2661 1659 2726 vestm
1674 2651 1831 2725 vidimus
1851 2649 1896 2724 ad

480 2799 621 2873 presens
634 2799 734 2871 posse
750 2777 942 2867 consulere,
957 2777 1103 2849 libenter
1116 2777 1153 2848 in
1167 2777 1391 2872 petitIonibus
1410 2776 1535 2848 vestris
1548 2775 1717 2849 duximus
1734 2795 1893 2848 annuen-

480 2901 578 2974 dum.
600 2900 789 2972 Statuimus
805 2901 911 2994 igitur
929 2911 965 2972 et
987 2901 1138 2994 presenti
1154 2901 1312 2992 jussione
1332 2899 1551 2974 decernimus
1568 2910 1606 2971 ut
1624 2899 1786 2971 omnibus
1808 2898 1894 2972 lide·

480 3024 571 3094 libus
585 3023 708 3096 nostris
726 3023 910 3115 regnicolis
921 3045 1108 3115 regnorum
1126 3033 1320 3096 nostrorum
1335 3025 1523 3096 Jerusalem
1540 3033 1574 3096 et
1587 3022 1703 3096 Sicilie
1717 3023 1763 3096 ad
1779 3023 1892 3096 nomi·

479 3154 599 3218 natum
623 3145 777 3218 studium
800 3146 911 3218 licitus
936 3147 982 3218 sit
1004 3167 1163 3220 accessus
1191 3157 1225 3219 et
1246 3168 1355 3220 mora.
1375 3148 1650 3221 Ultramontanos
1675 3147 1781 3218 etiam
1805 3147 1894 3219 intra

479 3279 672 3364 presentem
698 3269 843 3361 gratiam
867 3277 1019 3341 nostram
1045 3271 1206 3342 volumus
1232 3271 1419 3360 contineri,
1451 3271 1567 3343 uteie
1594 3270 1697 3342 liceat
1723 3269 1893 3364 predictas

480 3393 615 3466 scholas
631 3400 792 3486 appetere
814 3401 849 3464 et
863 3391 993 3466 ibidem
1010 3392 1185 3466 studendo
1203 3395 1341 3466 morari.
1363 3393 1498 3466 ltalicos
1515 3393 1618 3466 etiam
1642 3393 1731 3466 intra
1750 3413 1892 3488 presens

480 3517 681 3590 mandatum
698 3517 743 3590 de
768 3517 866 3589 terris
886 3539 956 3612 que
977 3518 1078 3590 nobis
1097 3527 1132 3590 et
1153 3517 1298 3614 imperio
1321 3518 1531 3592 famulantur
1550 3519 1710 3592 volumus
1730 3538 1892 3614 compre-

479 3640 607 3730 hendi;
628 3639 956 3731 Mediolanensibus,
976 3641 1229 3734 Brixiensibus,
1251 3642 1474 3732 Placentinis,
1500 3639 1760 3732 AlexandriniS,
1777 3643 1891 3714 Bono-
1918 3663 1921 3670 ’

479 3763 674 3855 niensibus,
708 3764 923 3855 Faventinis,
958 3764 1214 3837 Ravennatibus
1243 3786 1284 3836 ac
1312 3763 1508 3837 Trevesinis
1540 3764 1663 3838 nostris
1696 3773 1731 3837 et
1759 3763 1890 3859 imperii

478 3886 664 3958 rebellibus
678 3887 995 3981 exceptisomnino,
1011 3887 1139 3980 quibus
1153 3908 1291 3960 omnem
1307 3897 1423 3961 nostre
1434 3887 1620 3981 majestatis
1631 3887 1776 3980 gratiam
1791 3885 1891 3959 dene

477 4031 613 4104 gamus.
628 4008 684 4083 Ad
697 4012 825 4083 Tuscos
842 4019 971 4098 autem,
989 4009 1245 4103 Narchesanor,
1262 4033 1382 4085 omnes
1397 4012 1443 4085 de
1456 4011 1586 4086 ducatu
1598 4012 1725 4108 Spoleti
1741 4019 1778 4082 et
1791 4011 1890 4084 etiam

476 4133 702 4230 Campaninos
722 4143 915 4229 presentem
935 4134 1160 4208 immunitatis
1180 4145 1295 4208 nostre
1319 4136 1463 4230 gratiam
1486 4135 1630 4210 extendi
1653 4135 1886 4222 decernimus,

476 4258 630 4330 volentes
648 4257 842 4331 studiorum
854 4257 1013 4352 Neapolis
1032 4258 1151 4332 limina
1171 4259 1330 4350 visitare,
1350 4259 1396 4334 de
1413 4261 1512 4334 terris
1529 4261 1597 4332 illis
1619 4259 1747 4332 scilicet
1759 4279 1830 4353 que
1845 4259 1884 4330 Η.

476 4381 655 4456 karissimo
673 4381 744 4455 filio
757 4393 873 4455 nostro
888 4383 964 4474 regi
976 4383 1135 4456 Turrium
1148 4391 1183 4457 et
1199 4385 1338 4458 Gallure
1348 4385 1456 4458 misso
1473 4385 1519 4459 de
1536 4387 1641 4457 latere
1655 4391 1886 4474 0001003000-

475 4505 591 4606 00111οο
612 4507 725 4600 legato
755 4507 791 4576 in
809 4505 940 4578 ltaliam
964 4505 1111 4578 fideliter
1127 4505 1358 4600 adheserunt,
1377 4508 1456 4581 aliis
1475 4510 1536 4603 qui
1560 4507 1757 4581 restitomnt
1776 4503 1885 4579 eidem

517 4643 561 4726 (a)
583 4647 618 4707 ln
631 4649 774 4724 lmpresto
787 4643 957 4724 destinarer,
972 4647 1060 4708 mate.
