4350 5922
279 598 375 660 lenter.
393 595 456 676 10.]
726 592 920 654 HISTORIA
944 593 1238 660 ntanottartca.
1643 590 1682 652 7³

324 731 411 804 Acta
427 737 509 803 sont
524 727 591 800 hec
611 748 704 800 anno
718 727 890 801 dominice
906 728 1151 802 incarnationis
1171 727 1351 802 millesimo
1370 727 1604 800 ducentesimo
1617 727 1682 799 tri-

282 855 404 930 cesimo
431 853 593 950 septimo,
623 873 742 924 mense
772 851 898 940 madii,
927 851 1060 925 decima
1091 853 1295 944 indictione,
1325 852 1516 948 imperante
1542 849 1683 924 domino

282 989 397 1052 nostro
415 976 588 1051 Friderioo
603 975 665 1046 llei
690 975 800 1068 gratia
823 974 1051 1047 invictissimo
1074 977 1303 1049 Romanorum
1328 975 1530 1070 imperatore
1548 993 1684 1068 semper

281 1110 442 1196 angusto,
462 1100 650 1172 Jerusalem
675 1109 711 1171 et
727 1098 844 1172 Sicilie
865 1119 963 1191 rege,
987 1099 1122 1194 imperii
1148 1100 1223 1191 ejus
1243 1119 1334 1172 anno
1358 1099 1504 1192 septimo
1527 1097 1681 1188 decimo,

283 1226 372 1321 regni
388 1222 577 1298 Jerusalem
591 1221 820 1311 duodecimo,
841 1222 940 1316 regni
958 1241 1041 1295 vero
1064 1221 1180 1294 Sicilie
1198 1221 1369 1294 tricesimo
1384 1229 1507 1294 octavo
1518 1218 1585 1316 (l),
1605 1217 1685 1292 leli-

282 1349 370 1423 citer.
392 1345 514 1420 Amen.

324 1473 448 1546 Datum
466 1479 553 1566 apnt
567 1469 719 1562 Ulmam,
739 1489 849 1562 anno,
865 1489 983 1542 mense
999 1477 1034 1542 et
1048 1467 1237 1542 indictione
1253 1469 1461 1566 prescriptis.

486 1759 1469 1788 m-A-——mfflfl

243 2087 248 2096 -
331 2027 523 2112 Walterus
548 2029 730 2139 pincerna
760 2029 809 2113 de
830 2029 1015 2140 Limburg
1043 2030 1198 2114 domino
1226 2030 1433 2116 Gottelrido
1454 2031 1503 2114 dc
1523 2031 1685 2116 Hohen-
1712 2044 1806 2099 nme,
1824 2044 1891 2092 ³⁸¹⁰·

284 2161 364 2246 loch
382 2161 450 2244 det
467 2170 636 2246 cestrum
660 2187 773 2246 suum
792 2162 1092 2274 Schenkenhurg
1108 2189 1197 2246 cum
1215 2161 1299 2246 eliis
1321 2163 1552 2274 quibusdem
1574 2164 1686 2250 bonis

283 2293 419 2377 ibidem
442 2295 629 2405 expressis
650 2304 688 2378 et
715 2292 789 2379 snb
806 2320 929 2404 poena
951 2295 1236 2406 proscriptionis
1254 2321 1294 2378 sc
1312 2322 1511 2406 nunquam
1529 2323 1553 2380 e
1570 2321 1686 2380 men-

283 2425 376 2508 delis
403 2426 642 2536 imperatoris
664 2427 844 2512 Friderici
866 2437 903 2511 et
922 2427 1086 2512 Conredi
1108 2428 1176 2510 filii
1199 2427 1281 2538 ejus
1303 2454 1541 2512 recessurum
1564 2428 1685 2539 polli-

284 2567 397 2641 cetur.
429 2561 536 2658 Quae
566 2560 697 2643 omnia
724 2559 942 2668 juramento
973 2585 1103 2644 ocrem
1134 2561 1360 2670 imperatore
1392 2570 1431 2644 et
1459 2561 1687 2670 appensione

285 2690 396 2800 sigilli
413 2691 535 2800 ipsine
558 2691 797 2800 imperatoris
815 2691 1028 2775 confirmat.

360 2889 479 2970 (Edldlt
503 2891 737 2970 llussauanrrn,
760 2889 980 2972 Diplomotr'tclr.
1004 2893 1124 2956 Betoeisr
1144 2892 1193 2956 doc
1214 2895 1325 2958 annm
1348 2891 1483 2972 notem,
1506 2901 1530 2956 t.
1552 2895 1580 2969 1,
1606 2895 1685 2974 beyl.

397 3006 432 3058 n·
444 2996 584 3076 xxvm,
603 3015 636 3076 p.
652 3005 724 3070 ⁴⁰2,
740 3015 778 3059 ex
791 3001 899 3078 orlgln.
918 3003 950 3060 ln
964 3001 1075 3062 archiv.
1091 2998 1233 3080 llohenl.)

203 3209 208 3223 ·
328 3169 429 3242 Anno
446 3170 583 3242 Domini
603 3170 785 3244 millesimo
804 3170 1041 3245 ducentesimo
1064 3173 1239 3266 trigesimo
1263 3175 1425 3269 septimo,
1447 3195 1564 3247 mense
1583 3175 1684 3267 maii,

287 3291 327 3362 X·
338 3293 541 3367 indictione.
555 3292 629 3388 Ego
642 3294 839 3368 Waltheros
849 3295 1015 3390 pincerna
1032 3295 1077 3368 dc
1093 3296 1280 3391 Lintpurch
1295 3319 1355 3393 per
1368 3318 1508 3392 presens
1523 3297 1688 3392 scriptum

286 3425 399 3489 notum
413 3417 502 3490 secio
520 3417 694 3490 universis
716 3416 812 3512 qnod
829 3439 890 3512 pro
907 3419 1060 3492 sedanda
1077 3419 1250 3493 discordia
1268 3443 1337 3515 qne
1355 3430 1428 3493 orta
1441 3432 1514 3493 erat
1529 3421 1618 3494 inter
1634 3443 1689 3494 me

287 3559 329 3612 cx
343 3561 413 3612 una
427 3549 525 3635 parte
542 3539 769 3614 etdominum
785 3541 1011 3615 Gottelridum
1030 3541 1075 3615 de
1090 3543 1289 3616 Hohenloch
1306 3566 1352 3616 ex
1368 3545 1492 3636 altera,
1510 3545 1690 3619 occasione

287 3660 505 3736 dissensionis
521 3671 594 3736 orte
608 3663 696 3736 inter
711 3663 892 3738 dominum
914 3686 1029 3737 meum
1052 3664 1265 3740 Fridericnm
1287 3667 1515 3740 Romanorum
1541 3669 1690 3764 impera·

286 3794 390 3858 torem
418 3806 555 3883 semper
582 3797 768 3881 angustum
798 3799 834 3860 et
860 3788 975 3862 Sicilie
1003 3811 1121 3884 regem
1150 3799 1186 3863 et
1218 3811 1336 3885 regem
1364 3792 1551 3864 Henricom
1580 3791 1689 3866 lilium

288 3929 385 3982 enum
403 3908 470 4006 (2),
491 3909 574 3984 dedi
597 3909 711 3983 eidem
737 3910 926 3984 Gotteirido
950 3921 1098 3986 castrum
1124 3935 1240 3986 meum
1258 3915 1589 4009 Schenckenborch,
1611 3939 1689 4012 pro·

289 4033 463 4126 prietatem
473 4055 584 4107 meam
598 4035 991 4110 inWaltmenneshoven
1001 4048 1036 4110 et
1048 4038 1179 4111 curiam
1190 4039 1225 4110 in
1238 4039 1422 4133 llietheim;
1438 4050 1592 4136 preterea
1605 4042 1691 4114 reei-

290 4157 390 4249 gnavi
405 4157 497 4232 bona
519 4179 589 4253 qne
604 4159 700 4232 tenui
721 4160 758 4231 in
777 4159 917 4234 feodum
938 4161 1166 4258 abepiscopo
1191 4163 1405 4259 llrbipolensi
1426 4165 1462 4237 in
1475 4165 1642 4239 Riotheim
1657 4173 1692 4239 et

325 4407 359 4482 (l)
378 4409 407 4467 Si
420 4410 529 4469 ineunte
541 4411 627 4484 maio,
638 4417 668 4469 ut
687 4413 805 4486 videtur,
818 4413 985 4488 privilegium
997 4414 1068 4472 istud
1081 4415 1223 4488 prodierit,
1238 4432 1325 4476 annus
1336 4419 1410 4491 regni
1423 4419 1528 4478 Siciliae
1540 4420 1693 4480 tricesimus

294 4518 374 4564 nonus
387 4508 505 4566 nondum
519 4509 627 4570 omnino
639 4511 788 4586 completus
805 4517 875 4570 erat.
888 4511 924 4570 At
936 4527 1103 4585 quocumque
1115 4512 1194 4570 modo
1208 4529 1266 4571 rem
1283 4515 1467 4589 inspiciamus,
1481 4517 1632 4578 tricesimos
1647 4533 1691 4578 oo

294 4605 366 4661 larus
376 4619 436 4663 esee
447 4621 501 4664 non
511 4613 610 4682 potest.

324 4699 360 4774 (t)
378 4701 417 4759 Gi.
431 4718 510 4777 supro
523 4704 712 4764 documentum
724 4705 759 4764 de
771 4719 802 4764 re
814 4705 918 4777 eadem,
933 4711 999 4762 tom.
1014 4705 1056 4776 lv,
1076 4722 1103 4779 p.
1119 4707 1182 4763 760.

365 4801 405 4864 V.
1496 4818 1532 4869 ro
