4242 5904
513 573 570 636 lte
1007 577 1220 638 intuuntur
1246 577 1421 638 suctum
1734 580 1813 664 [Anu.
1833 583 1917 646 12³8.

510 707 678 803 imperiali
695 709 870 782 sancimus
886 710 1000 784 edicto
1015 720 1055 782 ut
1075 711 1191 782 nullus
1208 709 1489 806 archiepiscopus
1510 713 1567 786 rel
1585 713 1787 810 episcopus,
1806 717 1921 788 nullus

510 830 606 922 dux,
624 832 739 904 nullus
753 833 921 924 marchio,
946 835 1060 906 nullus
1073 855 1206 924 comes,
1229 835 1323 906 nulla
1339 833 1492 928 denique
1513 856 1660 930 persona
1677 839 1746 910 alta
1766 840 1825 911 vel
1847 839 1920 912 hu-

511 955 620 1046 milis,
639 957 869 1030 ecclesiastica
884 959 941 1030 vel
959 957 1143 1046 secularis,
1165 956 1297 1028 dictum
1315 958 1580 1049 monasterium,
1599 960 1778 1047 abbatem,
1802 962 1921 1036 tratres

510 1089 545 1154 et
567 1079 657 1153 bona
679 1101 797 1153 eorum
815 1091 933 1154 contra
950 1080 1117 1175 presentis
1139 1079 1312 1175 privilegii
1332 1081 1441 1152 nostri
1462 1090 1614 1154 tenorem
1631 1104 1719 1155 ausu
1741 1086 1920 1158 temeratio

510 1203 677 1296 impedire
702 1225 765 1276 seu
787 1205 967 1277 molestare
993 1209 1179 1298 presumat.
1211 1201 1314 1286 Quod
1341 1203 1403 1297 qui
1428 1207 1674 1300 presumpserit
1695 1207 1791 1281 mille
1815 1209 1921 1282 libras

510 1325 585 1398 auri
601 1327 722 1421 optimi
737 1349 800 1421 pro
822 1349 911 1422 pena
925 1337 1126 1422 componat,
1145 1325 1329 1398 medietate
1347 1324 1433 1400 lisoo
1454 1337 1571 1400 nostro
1588 1339 1623 1402 et
1641 1329 1773 1423 reliqua
1791 1331 1920 1405 medie-

509 1458 577 1522 tate
598 1451 715 1546 passis·
728 1450 888 1543 injuriam
912 1449 1151 1545 persolvenda.
1171 1449 1215 1522 Ut
1235 1459 1352 1522 autem
1369 1449 1434 1523 hec
1452 1461 1567 1522 nostra
1591 1452 1765 1525 innovatio
1785 1463 1822 1526 ct
1840 1475 1920 1526 con·

510 1572 656 1647 firmatio
684 1575 790 1646 robur
815 1575 969 1647 obtineat
987 1581 1155 1668 perpetue
1175 1571 1364 1659 firmitatis,
1387 1593 1528 1668 presens
1545 1573 1764 1668 privilegium
1790 1574 1863 1648 fieri
1886 1589 1921 1650 et

509 1697 603 1771 bulla
619 1719 725 1771 aurea
740 1699 874 1793 typario
895 1707 1010 1770 nostre
1027 1695 1217 1788 majestatis
1236 1696 1402 1790 impressa
1414 1697 1583 1788 jussimus
1599 1699 1817 1771 communiri.

557 1820 668 1912 Hujus
694 1819 743 1891 rei
771 1829 874 1891 testes
902 1829 1014 1890 sunt:
1043 1817 1221 1912 Papiensis
1244 1817 1446 1912 episcopus,
1472 1818 1694 1892 Novaniensis
1715 1821 1916 1916 episcopus,

510 1943 730 2015 laurinensis
746 1942 948 2036 episcopus,
966 1942 1134 2012 Lunensis
1153 1941 1354 2036 episcopus,
1376 1941 1559 2012 Ternensis
1582 1941 1781 2037 episcopus,
1803 1965 1920 2018 comes

509 2065 701 2155 sabaudie,
728 2065 881 2138 marchio
903 2065 1164 2154 lllontisierrati‚
1189 2065 1389 2138 llenlredus
1412 2063 1565 2136 marchio
1595 2065 1739 2156 Lancie,
1767 2068 1920 2142 marchio

509 2189 728 2278 Sallucensis‚
744 2189 787 2260 Ο.
805 2188 957 2262 marchio
971 2189 1174 2283 llalaspina‚
1193 2186 1306 2260 Guido
1328 2207 1443 2261 comes
1465 2185 1511 2260 de
1531 2187 1747 2278 Blandriaco,
1766 2191 1808 2263 G.
1829 2213 1918 2266 mar·

510 2313 587 2386 chio
607 2313 697 2386 Cene
716 2311 777 2410 (a),
800 2314 839 2385 G.
861 2313 1013 2386 marchio
1033 2312 1253 2386 Trevesensis
1272 2310 1335 2408 (t),
1361 2311 1525 2414 magister
1546 2313 1665 2385 Petrus
1688 2313 1734 2386 de
1750 2315 1857 2388 Vinea
1870 2315 1919 2412 (t)

509 2447 543 2509 et
560 2437 721 2530 magister
738 2437 900 2509 Thadcns
916 2435 962 2510 de
977 2438 1103 2509 Suessa
1123 2456 1249 2530 magne
1266 2434 1361 2507 curie
1376 2443 1492 2507 nostre
1500 2434 1652 2528 judices,
1673 2445 1709 2510 et
1723 2437 1782 2508 alii
1795 2459 1919 2532 qnam·

509 2561 636 2655 plures.

558 2685 701 2778 Signum
719 2682 765 2780 (c)
786 2683 918 2756 domini
945 2684 1051 2755 nostri
1075 2681 1247 2756 Frederici
1270 2681 1319 2770 11,
1345 2681 1409 2755 llei
1431 2683 1541 2776 gratia
1558 2683 1775 2756 invictissimi
1796 2685 1921 2760 lloma·

510 2827 631 2880 norum
654 2808 866 2902 imperatoris
884 2827 1020 2901 semper
1036 2807 1194 2900 augusti,
1213 2805 1404 2878 Jerusalem
1422 2815 1458 2878 et
1471 2805 1587 2879 Sicilie
1603 2807 1707 2900 regis.

557 2931 642 3004 Acte
656 2941 736 3004 sont
748 2931 813 3003 hec
827 2951 918 3003 anno
933 2929 1106 3004 dominice
1117 2929 1363 3002 incarnationis
1377 2928 1424 3000 Μ.
1433 2928 1687 3018 tumvlo,
1700 2951 1818 3003 mense
1831 2951 1920 3002 mer·-

509 3056 565 3144 tii,
587 3054 769 3128 undecimo
795 3053 1013 3144 indictionis,
1036 3053 1226 3148 imperante
1249 3051 1390 3124 domino
1414 3062 1529 3126 nostro
1548 3052 1730 3126 Frederieo
1749 3054 1917 3146 seeundo,

508 3179 570 3251 Dei
594 3179 706 3272 gratie
727 3177 954 3250 invictissimo
982 3178 1212 3274 Romanorum
1240 3175 1445 3271 imperatore
1472 3197 1607 3271 semper
1628 3186 1794 3269 augusto,
1821 3177 1920 3248 leru-

508 3301 615 3374 salem
638 3308 673 3371 et
694 3299 809 3370 Sicilie
836 3320 936 3392 rege,
957 3299 1091 3394 imperii
1112 3299 1189 3392 ejns
1205 3318 1297 3371 anno
1322 3297 1456 3392 xvnl,
1482 3298 1580 3393 regni
1605 3299 1792 3372 Jerusalem
1812 3299 1917 3388 Xlll',

509 3422 607 3515 regni
621 3441 703 3494 vero
717 3420 833 3493 Sicilie
845 3421 930 3512 XL0,
950 3421 1103 3498 feliciter.
1120 3421 1244 3495 Amen.

556 3545 667 3640 (Deest
684 3546 806 3617 notatio
825 3543 917 3640 loci.)

334 4117 446 4224 effi,
560 4111 788 4217 Fridericus,
807 4111 1069 4194 Romanorum
1086 4110 1307 4220 imperator,
1327 4111 1523 4196 universos
1541 4113 1716 4196 homines
1733 4111 1833 4196 llerii
1850 4113 1918 4222 qui

345 4227 435 4270 Μ’·
507 4243 578 4328 sihi
603 4243 732 4327 locum
753 4243 901 4352 ipsum,
925 4243 1088 4326 mixtum
1113 4251 1151 4325 et
1173 4269 1323 4327 merum
1348 4245 1572 4354 imperium,
1594 4243 1914 4354 jurisdictionem,

548 4454 591 4533 (a)
612 4453 814 4514 Verlslmillter
830 4452 912 4513 Ceae.

548 4559 588 4640 (b)
612 4559 646 4620 ln
659 4559 758 4620 cndlce
771 4556 806 4618 de
819 4559 911 4634 Bina,
924 4557 1010 4619 mele.

549 4667 586 4748 (c)
613 4667 647 4727 ln
661 4667 761 4728 codlce
773 4673 883 4739 actam,
900 4667 985 4726 male.
