4228 5892
484 616 545 678 ert
981 620 1198 682 sainnaicl
1224 617 1399 682 suenum
1705 615 1785 699 [11011.
1803 617 1890 680 1239.

485 773 561 824 mus
578 761 614 824 et
631 773 810 826 monemus
825 763 951 827 attente
967 777 1027 850 per
1043 754 1230 850 apostolica
1244 753 1346 826 vobis
1361 751 1488 846 scripte
1505 749 1707 824 mandantes
1721 759 1893 846 qnatenus

483 875 615 969 prelato
629 876 739 948 nobili
753 876 800 948 ad
815 878 1110 952 manutenendum
1129 878 1304 952 civitaten
1314 877 1478 950 Ravenna
1487 878 1591 968 juxta
1605 895 1707 970 posse
1720 885 1889 966 vestrum,

483 999 664 1072 consilium
681 1008 717 1072 01
736 999 931 1074 subsidium
948 1001 1176 1097 impendatis,
1193 1001 1360 1096 promissa
1378 1021 1448 1094 que
1465 999 1499 1071 ei
1519 999 1640 1072 fecisse
1655 998 1827 1090 dicimini,
1846 999 1893 1073 ad

484 1123 648 1196 honorem
669 1123 752 1214 Dei,
775 1125 926 1198 Ecclesie
945 1127 1136 1219 proiectum
1156 1122 1219 1224 [et]
1236 1125 1430 1197 libertatem
1453 1121 1610 1216 ejusdem
1628 1123 1779 1196 civitatis
1800 1123 1894 1200 libe-

483 1246 599 1320 raliter
616 1248 830 1320 exolventes.
851 1249 921 1320 Nos
941 1249 1034 1322 enim
1056 1270 1120 1344 pro
1146 1270 1189 1322 oo
1211 1246 1308 1342 quod
1330 1245 1590 1335 Ι1011010001000
1615 1246 1764 1321 civitatis
1785 1247 1894 1343 ipsius

483 1370 597 1444 eidem
609 1370 813 1462 adjutricem
828 1393 969 1444 manum
988 1371 1156 1445 hactenus
1168 1371 1386 1469 porrexistis,
1401 1369 1448 1444 ad
1460 1370 1649 1462 gratiarum
1662 1369 1764 1443 vobis
1780 1371 1895 1443 mniti-

484 1492 605 1567 modas
624 1494 837 1588 assurgimus
851 1495 1003 1570 actiones
1022 1495 1088 1593 (1).

730 1761 802 1772 μ
808 1759 1652 1772 *ἡ---σ-υ--ο-υ-οσσ--ιο-σ-σ-αψι-

414 2053 420 2067 ·
538 1997 737 2104 Friderici,
757 1998 1017 2081 Romanorum
1041 1997 1305 2107 imperatoris,
1331 1995 1514 2078 mandata
1537 1995 1643 2079 varia
1666 1993 1807 2104 quibus
1830 1994 1895 2076 ci-

485 2130 665 2216 vitatibus
683 2130 875 2213 marchiae
899 2130 1158 2213 Anconitanae
1182 2139 1220 2212 01
1243 2129 1404 2211 ducatus
1423 2126 1616 2236 Spoletani
1648 2137 1780 2208 notum
1807 2125 1899 2208 facit

486 2289 527 2347 00
556 2273 792 2346 0001010οη10
822 2261 1014 2344 fidelitatis
1051 2261 1156 2371 quod
1186 2260 1375 2344 Ecclesiae
1405 2259 1600 2343 Romanae
1631 2259 1898 2368 praestiterunt

486 2390 572 2474 11100
597 2390 791 2474 absolvere
814 2415 1014 2500 nunquam
1032 2391 1072 2470 in
1092 2398 1204 2472 antea
1222 2386 1271 2470 ab
1290 2385 1439 2496 imperii
1464 2385 1635 2470 dominio
1652 2385 1895 2493 alienandos,

486 2523 676 2634 mittitque
698 2522 820 2606 filium
844 2547 958 2608 suum
982 2520 1187 2604 Honricum
1211 2519 1383 2630 legatum
1408 2519 1450 2601 in
1473 2519 1582 2603 ltalia
1597 2519 1812 2630 generalem
1828 2518 1899 2630 qui

487 2657 536 2745 de
553 2680 652 2740 novo
670 2655 721 2740 ab
738 2655 792 2738 eis
807 2653 1025 2764 juramenta
1042 2654 1170 2762 exigat
1186 2659 1225 2737 01
1242 2652 1409 2762 recipiat.

1179 2929 1207 3003 1.

570 3089 665 3169 (Edit.
678 3109 727 3170 ap.
743 3092 829 3153 Petri
837 3089 875 3152 de
894 3092 960 3153 Vin.
975 3091 1087 3172 spat,
1100 3093 1154 3156 lib.
1169 3093 1305 3172 n1‚crp.
1321 3093 1400 3175 LIL)

533 3239 722 3314 Fidelitatis
740 3251 856 3316 vestre
873 3243 987 3316 literas
1001 3243 1152 3338 benigne
1168 3245 1384 3340 accepimus,
1407 3255 1442 3318 01
1464 3245 1618 3342 ipsarum
1633 3254 1784 3318 tenorem
1800 3245 1903 3318 intel·

490 3364 641 3438 lenimus
662 3365 860 3459 diligenter,
882 3364 1021 3440 fidelem
1038 3367 1294 3441 solicitudinem
1313 3377 1349 3441 01
1365 3369 1544 3464 probatam
1561 3369 1776 3463 diligentiam
1796 3390 1904 3463 qnam

491 3487 527 3559 in
548 3489 672 3561 nostris
697 3489 844 3562 servitiis
868 3511 929 3586 per
954 3490 1094 3566 easdem
1117 3492 1233 3565 literas
1249 3499 1381 3566 vestras
1407 3494 1622 3590 accepimus,
1649 3501 1684 3565 et
1701 3513 1763 3589 per
1786 3513 1905 3565 rernm

491 3610 702 3687 evidentiam
731 3613 860 3688 hebere
888 3635 950 3688 vos
977 3615 1124 3706 scimus,
1151 3637 1221 3687 non
1251 3615 1420 3690 immerito
1448 3615 1741 3690 commendantes.
1767 3616 1908 3710 Propter

492 3734 588 3828 quod
606 3746 707 3826 grata
728 3737 868 3811 servitia
896 3759 967 3832 que
994 3739 1228 3834 multipliciter
1246 3761 1330 3834 erga
1358 3741 1572 3833 majestatem
1596 3749 1745 3813 nostram
1769 3737 1904 3832 geritis,

492 3858 705 3932 incessanter
727 3863 797 3934 alta
815 3873 930 3935 mente
949 3863 1188 3958 concepimns;
1211 3863 1247 3934 in
1265 3861 1364 3936 firmo
1385 3871 1545 3958 gerentes
1565 3863 1737 3958 proposito
1754 3883 1795 3934 00
1807 3861 1908 3934 vobis

493 3980 609 4074 dignis
636 3983 765 4056 meritis
791 4005 1027 4080 compensare.
1059 3987 1228 4059 Volumus
1256 3987 1373 4081 itaque
1398 3996 1438 4058 ut
1461 3985 1497 4058 in
1524 3985 1723 4060 defensione
1753 3983 1909 4056 fidelium

493 4113 528 4176 et
545 4105 735 4180 offensione
751 4115 945 4181 nostrorum
967 4109 1165 4199 rebellium,
1191 4131 1288 4183 more
1305 4111 1422 4200 solito,
1443 4119 1513 4182 tam
1534 4109 1681 4182 fideliter
1697 4129 1803 4202 quam
1820 4105 1911 4181 viri-

492 4227 569 4300 liter
592 4228 749 4303 intendat
773 4240 889 4304 vestre
910 4231 1051 4306 devotio
1070 4255 1149 4305 cum
1169 4233 1312 4324 effectu3
1334 4234 1383 4305 ita
1404 4233 1499 4328 quud
1519 4233 1593 4328 ipsa
1613 4253 1748 4328 semper
1768 4251 1909 4326 operum

493 4351 645 4424 efficacia
669 4363 806 4448 patens,
832 4377 972 4451 presens
998 4367 1034 4430 01
1055 4358 1220 4434 continua
1246 4358 1471 4430 (1010110100
1499 4357 1535 4428 in
1560 4355 1766 4430 excellentie
1795 4364 1910 4426 nostre

529 4551 566 4624 (1)
584 4553 667 4611 Adest
680 4555 707 4612 in
717 4556 828 4628 regestis
841 4555 982 4630 pontificiis
994 4557 1058 4614 anni
1068 4557 1145 4628 Xlll,
1160 4567 1192 4613 n⁰
1204 4560 1248 4627 99,
1262 4557 1383 4631 Gregorii
1392 4572 1479 4632 papae
1490 4558 1602 4632 epistola
1611 4573 1666 4630 qna
1675 4557 1842 4614 Ravennates
1852 4553 1910 4610 100-

493 4647 540 4704 dat
552 4649 624 4721 quod
633 4657 726 4708 000110
738 4652 902 4710 Fridericum
914 4654 1014 4711 dictum
1029 4655 1219 4728 imperatorem
1228 4653 1309 4712 fidem
1322 4661 1349 4713 et
1362 4655 1568 4714 ecclesiasticam
1588 4655 1738 4714 libertatem
1753 4651 1909 4711 deieudant.

493 4745 554 4803 Dat.
570 4747 715 4821 Anagniae,
728 4750 773 4809 vu
785 4750 839 4808 101.
854 4751 960 4824 augusti
976 4752 1026 4826 (26
1035 4751 1123 4826 julii).
