4278 5920
236 559 332 624 hun.
352 560 417 639 ll.]
684 559 882 622 HISTORIA
907 559 1199 621 blatcharius.

288 1073 519 1182 Fridericus,
552 1073 813 1156 Romanorum
831 1070 1057 1179 imperator,
1084 1067 1307 1178 Rudeger0‚
1327 1067 1539 1152 Pataviensi
1558 1070 1646 1179 epi·
1682 1085 1847 1192 iffi?

238 1231 372 1316 scopo,
399 1206 476 1288 fide
506 1205 596 1288 data
621 1214 660 1288 et
684 1201 934 1314 jurejurando
955 1197 1140 1312 promittit
1172 1199 1373 1283 consilium
1402 1209 1440 1282 et
1462 1201 1647 1284 auxilium
1697 1195 1825 1250 “im

238 1351 367 1424 contm
384 1363 537 1444 omnes,
557 1337 625 1448 qui
642 1360 731 1421 eum
753 1334 941 1420 offendere
958 1334 1018 1420 rel
1035 1335 1221 1418 honorem
1247 1341 1285 1416 et
1311 1333 1537 1444 dignitatem
1564 1333 1646 1444 ejus

236 1469 446 1553 diminuere
464 1469 741 1555 attentaverint.
826 1503 828 1508 ’

317 1669 414 1749 (Edit.
436 1687 482 1748 ap
498 1670 629 1732 Mecum.
644 1669 737 1743 Boin„
750 1675 825 1731 tum.
839 1667 943 1746 XXX,
960 1684 993 1746 p.
1009 1675 1079 1742 aot,
1093 1683 1177 1728 num.
1196 1663 1352 1740 DCCLVI,
1368 1683 1405 1727 ex
1416 1667 1553 1746 originali
1568 1668 1647 1728 unde

354 1777 485 1856 sigilium
498 1794 660 1854 appensum
674 1779 782 1855 periit:
798 1781 941 1854 apparent
952 1775 1099 1836 toramine
1118 1775 1196 1852 duo,
1215 1773 1368 1834 inserendo
1387 1781 1539 1852 segmento
1553 1791 1644 1835 mam·

352 1884 496 1947 branaceo
508 1883 602 1964 apte.)

282 2053 516 2156 Fqidericus]‚
538 2056 599 2128 Dei
615 2056 726 2152 gratia
741 2058 971 2129 Romanorum
990 2055 1174 2151 imperator
1192 2074 1328 2149 semper
1348 2063 1529 2149 augustus,
1545 2057 1644 2128 Ieru-

233 2179 340 2252 salem
356 2189 393 2252 et
410 2181 535 2277 Sycilio
551 2200 629 2252 rex.
650 2181 780 2252 Tenere
803 2179 1014 2276 presentium
1038 2187 1159 2250 notum
1186 2175 1260 2249 fieri
1289 2177 1451 2250 volumus
1474 2179 1645 2254 universis

233 2301 328 2396 quod
351 2324 415 2374 nos
444 2301 514 2376 fide
544 2301 626 2376 data
653 2301 875 2398 promisimus
908 2301 970 2373 tibi
1002 2301 1183 2395 lindegero
1213 2293 1402 2372 v'enerahili
1438 2301 1644 2376 Pettaviensi

232 2425 410 2522 episcopo,
436 2427 561 2500 diiecto
588 2426 735 2522 principi
754 2435 888 2513 nostro,
915 2424 1073 2498 assistere
1095 2437 1129 2496 et
1154 2431 1267 2496 astare
1287 2423 1429 2496 consilio
1453 2435 1487 2498 et
1512 2427 1644 2500 auxilio

232 2559 348 2622 contra
372 2570 492 2624 omnes
509 2571 674 2646 personas
698 2550 760 2644 qui
783 2547 1001 2622 intenderent
1021 2559 1054 2622 te
1076 2546 1250 2621 offendere
1274 2547 1311 2619 in
1334 2569 1503 2644 persona,
1525 2549 1645 2624 homi-

233 2672 336 2746 nihus
354 2674 496 2748 ecclesie
514 2685 549 2748 et
568 2673 669 2748 bonis
690 2675 760 2746 tuis
784 2674 840 2748 vel
856 2672 1022 2746 honorem
1045 2681 1080 2745 et
1102 2671 1307 2766 dignitatem
1330 2679 1424 2746 tuam
1450 2673 1645 2749 diminuere

233 2805 492 2894 attemptarent,
517 2807 552 2870 ct
576 2796 715 2892 siquid
737 2797 862 2870 horum
891 2795 1013 2870 audire
1034 2797 1092 2870 vel
1121 2797 1209 2868 scire
1236 2795 1425 2892 poterimus
1453 2798 1548 2892 quod
1576 2799 1645 2872 ad·

232 2943 354 2996 versus
371 2933 406 2996 te
423 2921 557 3018 aliquid
573 2922 800 3014 machinetur,
817 2921 1015 2994 curabimus
1030 2929 1065 2994 te
1080 2919 1226 2992 reddere
1242 2930 1382 2994 cautum
1397 2929 1589 3013 etcertum,
1610 2932 1644 2996 et

232 3046 497 3140 quibuscunque
515 3046 629 3120 modis
643 3046 830 3142 poterimus
845 3066 1060 3142 opponemus
1075 3065 1138 3117 nos
1156 3043 1201 3117 ad
1220 3043 1487 3118 disturbandum
1506 3067 1642 3120 omnem

232 3169 451 3242 offensionem
477 3179 512 3242 et
532 3169 733 3243 scandalum
753 3189 823 3262 qne
846 3169 983 3264 incepta
1010 3169 1120 3241 forent
1145 3167 1200 3240 vei
1224 3177 1341 3240 contra
1363 3176 1397 3240 te
1423 3167 1496 3241 deri
1521 3179 1645 3242 tracta-

231 3301 362 3365 rentur.
381 3293 452 3366 Nec
474 3292 650 3390 paciemur
674 3292 841 3366 honorem
865 3303 900 3364 et
923 3291 1125 3383 dignitatem
1148 3299 1242 3364 tuam
1267 3291 1377 3362 minui
1396 3292 1452 3364 vel
1474 3291 1538 3364 tibi
1560 3293 1644 3365 sub·

232 3415 319 3490 trahi
333 3417 426 3508 jura.
453 3417 599 3512 Insuper
622 3416 704 3490 data
722 3415 792 3490 fide
812 3417 1042 3512 promittimus
1061 3415 1157 3512 quod
1175 3417 1308 3488 nulium
1327 3427 1483 3512 pactum,
1503 3439 1645 3514 compo-

232 3537 390 3613 sitionem
411 3539 469 3612 vel
495 3548 675 3611 bactatnm
700 3539 851 3634 aliquem
875 3538 1082 3614 habebimus
1109 3539 1166 3611 vel
1191 3537 1397 3634 recipiemus
1422 3561 1502 3611 cum
1529 3540 1645 3634 aliqua

184 3667 187 3680 '
232 3681 379 3755 persona
394 3661 470 3734 sine
486 3670 537 3752 te,
555 3660 779 3755 requisitione
794 3671 828 3734 et
843 3661 1054 3733 conscientia
1073 3671 1145 3733 tua.
1162 3661 1233 3734 Hac
1249 3659 1365 3735 omnia
1378 3660 1596 3736 attendemus
1611 3673 1646 3736 et

234 3783 496 3857 observabimus
511 3783 604 3856 bona
622 3781 692 3856 tide
708 3784 783 3857 sine
799 3781 933 3858 fraude.
952 3785 1011 3856 Sic
1023 3806 1086 3857 nos
1102 3783 1195 3857 Deus
1209 3783 1353 3878 adjuvet
1369 3783 1384 3881 (
1408 3785 1435 3882 ).

278 3905 363 3980 Acta
384 3915 466 3980 sunt
482 3906 548 3980 hec
562 3927 654 3980 anno
674 3906 846 3981 dominice
863 3908 1108 3981 iucarnationis
1129 3909 1311 3982 millesimo
1328 3909 1564 3984 ducentesimo
1583 3911 1644 3982 tri·

234 4030 359 4103 cesimo
375 4029 533 4126 septimo,
551 4053 670 4104 mense
688 4032 902 4127 septembris,
924 4031 1106 4105 undecimo
1120 4032 1330 4106 indictionis.

277 4153 364 4228 Data
383 4153 479 4250 apud
496 4153 633 4227 clusam
651 4147 800 4228 Sabioue
813 4153 879 4252 (2),
898 4158 1010 4247 anno,
1030 4177 1149 4230 mense
1164 4167 1199 4230 et
1221 4155 1410 4230 indictione
1432 4157 1640 4253 prescriptis.

266 4370 303 4446 (t)
319 4370 482 4445 Notandum,
497 4387 582 4448 mum
593 4372 749 4432 theutonici
763 4388 842 4447 reges
854 4374 1039 4433 tantummodo
1052 4375 1081 4431 in
1095 4373 1139 4432 die
1152 4373 1330 4432 coronationis
1346 4390 1413 4432 suae
1430 4381 1478 4435 aut
1494 4391 1559 4448 erga
1569 4391 1642 4434 sum·

230 4481 302 4525 mum
312 4466 465 4542 ponticam
475 4469 652 4544 pomonaliter
666 4472 757 4542 J'urare
776 4470 847 4528 soliti
866 4470 981 4542 tuerint,
994 4471 1111 4529 saeuus
1130 4469 1255 4529 omnihus
1263 4473 1424 4544 jnramentis
1447 4488 1497 4546 per
1516 4489 1642 4548 procrus-

231 4568 299 4621 toras
310 4563 421 4622 idoneos
431 4563 518 4624 tactis.
531 4566 561 4623 ln
572 4565 625 4624 hac
633 4572 724 4624 autem
737 4566 876 4625 cumsione
889 4567 1042 4626 Fridericus
1052 4583 1083 4626 se
1097 4567 1272 4640 personaliter
1281 4569 1392 4640 obligat.

263 4661 302 4734 (t)
317 4661 425 4720 Sdiieat
434 4661 551 4721 choen
558 4664 636 4737 juxta
647 4663 744 4721 Brixen
754 4679 853 4724 tersus
866 4665 1016 4736 meridiem,
1029 4665 1104 4724 incus
1115 4664 1179 4723 oiim
1189 4664 1272 4722 &teu
1285 4666 1425 4740 (Sabim)
1439 4671 1559 4726 umatus.
