4228 5892
224 548 325 610 Inter.
343 543 406 627 la]
684 543 882 606 HISTORIA
908 543 1205 608 DlPLOldll'l'lCll.
1577 548 1633 611 391

225 704 291 780 per
306 680 470 756 eumdem
488 680 613 754 ducem
630 688 665 753 et
688 681 868 757 eonsilium
889 681 1085 756 ordinatum
1104 701 1167 777 par
1192 701 1338 753 comune
1359 681 1507 754 civitatis
1520 685 1635 766 liene-

223 807 369 898 tiarum,
388 805 478 879 sicut
493 812 635 900 apparet
650 826 714 899 per
730 805 859 879 litteras
873 804 1073 879 eorumdem
1089 825 1237 899 quarum
1254 812 1351 878 tenor
1364 805 1507 878 inferius
1525 809 1635 880 eonti-

226 939 342 1022 netur,
357 929 589 1026 promittimus
604 949 668 1024 par
682 929 935 1024 stipulationem
952 938 988 1002 ot
1004 929 1229 1002 convenimus
1245 928 1385 1002 nomine
1402 929 1635 1024 predictorum

225 1051 325 1127 ducis
353 1064 388 1127 et
413 1053 607 1126 communis
631 1053 731 1126 vobis
763 1053 977 1126 sanctissimo
998 1053 1087 1147 patri
1119 1051 1260 1124 domino
1287 1073 1377 1148 pape
1405 1052 1567 1147 Gregorio
1601 1065 1636 1127 et

223 1177 375 1251 Ecclesia
386 1178 544 1252 Romana
560 1176 657 1273 quod
674 1175 819 1272 predicti
834 1176 910 1249 dux
922 1184 956 1249 et
973 1196 1121 1249 comune
1138 1176 1320 1248 armabunt
1336 1175 1461 1271 viginti
1477 1179 1633 1274 quinque

223 1303 340 1397 galeas
357 1322 420 1397 pro
435 1300 553 1374 eundo
572 1300 610 1372 in
622 1321 768 1393 regnum
787 1299 902 1372 Sicilie
913 1299 959 1372 ad
976 1299 1091 1394 ipsum
1104 1298 1347 1393 occupandum
1363 1325 1372 1371 :
1390 1301 1459 1374 hoo
1471 1303 1634 1376 videlicet

222 1425 326 1499 modo
348 1424 444 1521 quod
469 1424 535 1520 ipsi
559 1422 635 1496 dux
654 1433 690 1496 et
714 1443 861 1496 comune
876 1422 1060 1496 armabunt
1079 1421 1296 1496 medietatem
1313 1422 1544 1516 predictarum
1569 1449 1632 1520 ga·

222 1551 356 1622 learum
374 1550 446 1622 suis
464 1548 628 1644 expensis
646 1557 681 1621 et
704 1547 807 1621 aliam
830 1545 1048 1620 medietatem
1073 1545 1235 1640 expensis
1253 1546 1384 1619 domini
1402 1569 1492 1643 pape
1514 1557 1549 1620 et
1566 1550 1632 1622 llo

221 1695 324 1746 mana
338 1673 510 1764 Ecclesia,
527 1673 603 1767 ipso
617 1670 759 1745 domino
774 1692 865 1766 papa
880 1677 914 1743 et
928 1671 1081 1742 Romane
1099 1670 1251 1742 Ecclesia
1264 1669 1368 1743 dante
1382 1693 1444 1766 pro
1460 1681 1632 1746 armatura

221 1795 406 1888 cujuslibet
432 1797 530 1889 galee
558 1794 725 1868 armanda
756 1793 918 1888 expensis
949 1792 1022 1866 suis
1050 1814 1114 1887 pro
1141 1793 1294 1888 quolibet
1320 1815 1438 1867 mensa
1466 1794 1632 1870 ducentas

223 1920 442 2016 septuaginta
459 1921 614 2014 quinque
632 1917 796 1991 librarum
813 1916 1034 1990 denariorum
1045 1917 1269 1989 tennensium
1284 1917 1339 1988 vel
1352 1938 1472 1990 earum
1489 1920 1632 1993 estima-

222 2044 350 2116 tionem
366 2044 403 2116 in
419 2044 578 2139 pecunia,
595 2052 630 2117 et
644 2063 816 2138 expensas
834 2043 988 2138 ipsarum
1003 2042 1183 2134 galearum
1202 2041 1299 2114 dabit
1314 2040 1475 2114 dominus
1492 2065 1582 2138 papa
1599 2054 1633 2117 et

222 2167 376 2240 Ecclesia
401 2169 552 2241 Romana
579 2190 642 2262 pro
670 2189 734 2240 sex
762 2166 952 2238 mensibus.
981 2166 1017 2237 Si
1046 2186 1129 2238 vero
1156 2164 1317 2237 dominus
1341 2187 1429 2260 papa
1455 2167 1633 2260 pauciores

223 2292 338 2385 galeas
362 2293 464 2364 vellet
488 2291 633 2382 armari,
658 2292 701 2362 ait
732 2291 768 2361 in
796 2291 872 2382 ejus
894 2289 1133 2384 beneplacito,
1161 2287 1246 2360 dum
1272 2297 1388 2361 umen
1414 2290 1631 2364 medietatem

222 2435 454 2511 expensarum
470 2416 605 2489 illarum
623 2416 801 2508 galearum
819 2435 907 2509 quas
923 2413 1048 2486 armari
1065 2413 1214 2485 voluerit
1233 2415 1345 2486 solvat
1364 2412 1525 2488 dominus
1542 2437 1632 2512 papa

222 2548 256 2610 at
278 2538 430 2612 Romana
453 2539 604 2612 Ecclesia
624 2547 659 2612 et
680 2539 783 2611 aliam
808 2537 1026 2610 medietatem
1050 2534 1126 2608 dux
1148 2543 1183 2609 et
1209 2557 1357 2609 comune
1386 2539 1521 2632 prelati.
1547 2540 1631 2613 ltem

221 2662 452 2756 promittimus
463 2683 524 2758 per
539 2662 793 2759 stipulationem
811 2670 846 2735 et
861 2661 1086 2758 convenimus
1099 2660 1240 2732 nomine
1257 2670 1292 2733 et
1304 2661 1382 2732 vice
1397 2662 1631 2756 predictorum

222 2783 324 2858 ducis
341 2795 376 2858 et
396 2786 553 2859 comunis
575 2785 671 2881 quod
696 2786 763 2881 ipsi
789 2785 865 2860 dux
889 2793 924 2857 at
948 2805 1095 2857 comune
1117 2784 1244 2857 iaciant
1263 2783 1392 2879 portari
1412 2785 1449 2856 iu
1470 2786 1574 2880 lignis
1597 2797 1632 2860 et

79 2909 81 2912 ’
222 2908 374 2982 navibus
390 2908 464 2982 suis
481 2929 593 3004 nsque
603 2910 650 2984 ad
664 2917 833 2982 trecentos
849 2907 973 2980 milites
991 2909 1028 2979 in
1045 2929 1190 3002 regnum
1206 2906 1400 3001 predictum
1416 2917 1450 2980 et
1465 2930 1529 3003 pro
1545 2931 1631 3005 quo·

220 3032 307 3106 libet
323 3033 431 3106 milite
452 3032 665 3106 dextrarium
687 3054 814 3124 unum,
832 3032 994 3104 roncinos
1015 3030 1124 3120 duos,
1142 3031 1322 3104 scutiferos
1338 3039 1407 3105 tres
1423 3053 1503 3104 cum
1527 3035 1631 3107 armis

221 3166 256 3229 et
280 3157 358 3260 aliis
375 3156 577 3230 necessariis
598 3165 632 3230 at
650 3154 803 3229 vivanda
818 3153 864 3228 ad
887 3154 978 3227 duos
1000 3175 1153 3246 menses,
1176 3152 1316 3227 domino
1338 3177 1429 3251 papa
1447 3154 1553 3229 dante
1568 3179 1630 3254 pro

222 3280 377 3374 quolibet
398 3279 506 3352 milite
518 3279 584 3351 XX
604 3279 709 3352 libras
727 3279 916 3352 lanuenses
935 3278 993 3350 vel
1012 3277 1262 3352 estimationem
1284 3299 1403 3350 earum
1424 3281 1460 3350 in
1481 3282 1631 3377 pecunia

221 3423 284 3498 pro
300 3401 440 3476 duobus
451 3403 641 3493 mensibus,
654 3403 744 3476 iacta
757 3401 929 3474 solutione
939 3401 1048 3496 ipsius
1060 3402 1207 3496 pecunie
1219 3403 1256 3472 in
1272 3402 1381 3475 initio.
1394 3405 1476 3476 ltem
1491 3405 1630 3500 promit·

220 3525 327 3598 timus
344 3547 406 3622 per
422 3526 677 3621 stipulationem
696 3533 731 3598 et
744 3525 969 3599 convenimus
990 3526 1129 3598 nomine
1140 3535 1174 3598 et
1190 3526 1266 3598 vioe
1283 3525 1515 3621 predictorum
1530 3529 1630 3602 ducis

221 3659 257 3723 et
272 3651 430 3724 comunis
448 3651 542 3745 quod
562 3651 592 3724 si
607 3671 732 3746 guerra
752 3650 892 3724 duraret
912 3650 1002 3722 ultra
1019 3671 1083 3722 sex
1097 3671 1231 3723 mensas
1243 3650 1433 3745 predictos,
1455 3652 1536 3726 dicti
1553 3654 1629 3728 dux

223 3781 257 3847 at
269 3795 417 3848 comune
435 3774 569 3847 dabunt
584 3774 656 3848 suis
670 3775 836 3870 expensis
852 3783 999 3869 quatuor
1012 3775 1128 3868 galeas
1140 3782 1304 3866 armatas,
1327 3783 1361 3846 at
1379 3774 1446 3848 hoo
1466 3776 1496 3848 si
1520 3777 1629 3872 impe·

221 3907 313 3972 rator
331 3920 402 3972 non
427 3899 529 3971 fuerit
554 3899 590 3970 in
615 3897 832 3972 lombardia.
859 3899 943 3971 ltem
973 3898 1204 3992 promittimus
1227 3921 1289 3993 per
1311 3899 1566 3994 stipulationem
1596 3911 1629 3974 et

222 4023 450 4095 convenimus
468 4022 608 4095 nomine
623 4030 659 4095 et
671 4022 751 4095 vice
763 4019 995 4116 predictorum
1012 4021 1112 4094 ducis
1126 4029 1162 4094 et
1179 4021 1335 4093 comunis
1352 4021 1447 4116 qnod
1460 4023 1628 4117 quamdiu

221 4145 400 4221 duraverit
416 4146 592 4240 negotium
617 4146 653 4218 in
679 4145 772 4219 dicto
796 4165 920 4240 regno,
944 4145 975 4218 si
993 4145 1146 4218 Romana
1167 4145 1319 4218 Ecclesia
1338 4145 1465 4219 habere
1481 4148 1629 4221 voluerit

220 4269 401 4363 navigium
416 4271 593 4364 galearum
614 4278 649 4344 et
667 4270 830 4362 navium,
852 4268 929 4342 dux
948 4277 983 4342 et
1001 4289 1148 4342 oomune
1162 4269 1308 4364 predicti
1325 4269 1456 4343 dabunt
1471 4292 1579 4344 naves
1595 4279 1629 4344 et

222 4393 339 4486 galeas
355 4403 440 4488 quot
456 4393 617 4467 dominus
639 4415 728 4490 papa
743 4393 873 4467 habere
889 4392 1038 4466 voluerit
1057 4391 1203 4466 indicto
1227 4414 1335 4486 regno
1351 4416 1414 4489 pro
1432 4394 1628 4488 supradicto

221 4516 315 4589 nolo.
334 4516 417 4590 ltem
438 4515 667 4612 promittimus
690 4538 752 4611 per
771 4515 1028 4612 stipulationem
1045 4524 1080 4588 et
1096 4516 1321 4589 convenimus
1337 4515 1415 4587 viee
1432 4526 1466 4589 et
1490 4517 1629 4591 nomine

221 4639 452 4734 predictorum
470 4638 570 4712 ducis
583 4647 617 4714 et
633 4639 789 4713 comunis
804 4639 900 4734 quod
916 4639 982 4735 ipsi
1003 4637 1079 4712 dux
1097 4648 1132 4712 et
1146 4661 1292 4713 comune
1306 4639 1433 4734 portari
1450 4639 1577 4712 iaciant
1591 4641 1627 4712 in
