4262 5910
481 607 542 670 590
983 603 1198 708 rnrnnnrcr
1222 605 1397 666 secuunr
1706 606 1788 690 [nn.
1805 605 1888 668 reae.

481 739 683 814 marestallis
706 739 831 812 nostris
853 735 1106 830 jurisdictionis
1134 747 1193 812 tue
1218 739 1302 812 lacis
1326 739 1443 812 omnia
1468 741 1662 814 neowaria
1685 741 1888 832 ministrari,

483 873 582 938 tuum
607 861 761 936 studium
789 861 1083 934 commendamus.
1112 861 1319 936 Mandantes
1346 863 1409 935 tihi
1436 871 1476 934 ut
1504 873 1575 936 tam
1602 885 1709 960 snper
1735 865 1892 939 custodia

483 989 704 1062 detonsarum
732 993 767 1058 et
797 985 951 1058 locorum
983 985 1182 1058 solatiorum
1212 995 1432 1074 nostrorum,
1464 1007 1570 1080 quam
1603 1009 1708 1082 super
1739 989 1894 1062 effluenti

483 1109 734 1182 ministratione
763 1107 1035 1181 necessariorum
1064 1107 1101 1179 in
1129 1109 1318 1182 marcstalis
1345 1108 1470 1182 nostris
1497 1109 1549 1180 sio
1577 1109 1684 1182 iacias
1713 1110 1895 1205 diligenter

484 1232 636 1322 intendi,
664 1239 704 1302 ut
723 1251 787 1304 nee
808 1231 844 1302 iu
868 1231 935 1304 illis
959 1231 1044 1304 lesio
1067 1253 1131 1304 nec
1154 1233 1190 1304 in
1216 1231 1290 1304 istis
1314 1231 1469 1305 delectus
1493 1231 1619 1326 aliquis
1638 1233 1821 1308 habeatur.
1846 1237 1895 1308 lle

485 1358 589 1432 rebus
610 1365 725 1430 autern
749 1355 927 1428 aNioolao
948 1355 1124 1448 quondam
1144 1355 1357 1428 Russnnensi
1383 1355 1641 1452 archiepiscopo
1663 1357 1758 1431 curie
1783 1367 1895 1432 nosue

486 1481 624 1576 legetis,
650 1479 811 1551 volumus
836 1486 874 1549 ut
896 1497 956 1550 eas
980 1475 1028 1549 ad
1051 1478 1182 1550 curiam
1209 1487 1360 1552 nostram
1386 1479 1523 1563 mictus;
1552 1481 1715 1553 animalia
1736 1503 1823 1554 vero
1851 1483 1895 1555 ab

487 1603 609 1678 eodem
640 1603 754 1692 legata
783 1601 878 1672 ouria
905 1587 1055 1692 nostre,
1072 1623 1142 1696 que
1170 1601 1211 1674 G.
1237 1602 1283 1675 de
1309 1601 1469 1694 Anglone
1489 1603 1693 1697 justitiarius
1720 1605 1757 1676 in
1781 1605 1895 1678 Sicilia

488 1729 573 1802 eitra
607 1727 735 1799 flumen
766 1725 902 1797 Salsum
931 1723 1043 1798 lidolis
1071 1735 1187 1798 noster
1214 1747 1236 1798 a
1266 1725 1421 1800 Iohanne
1453 1725 1499 1800 de
1525 1726 1631 1800 Ciodo
1660 1727 1755 1800 lideli
1782 1740 1896 1802 nostro

488 1851 638 1946 recepit,
667 1870 727 1944 per
755 1845 918 1920 eumdem
942 1845 983 1918 G.
1010 1847 1057 1920 ad
1082 1849 1213 1921 onnam
1235 1855 1387 1922 nostram
1410 1847 1575 1922 destinari
1599 1849 1818 1923 mandamus.
1846 1853 1896 1924 De

489 1973 668 2048 Saracenis
687 1972 831 2046 Lucerie
852 1981 887 2044 et
908 1970 1067 2044 Girolalci
1090 1972 1152 2065 qui
1174 1973 1355 2046 occasione
1377 1973 1620 2066 negotiationis
1645 1973 1798 2068 gerendo
1821 1995 1896 2048 eon·

489 2101 605 2172 ierunt
625 2119 663 2170 sc
685 2097 721 2168 in
739 2094 952 2186 Calabriam,
977 2103 1011 2166 et
1032 2093 1160 2168 deinde
1184 2095 1220 2166 in
1242 2095 1396 2168 Siciliam
1418 2097 1562 2170 transire
1583 2097 1752 2191 nituntur,
1778 2097 1841 2171 sed
1860 2109 1895 2170 tu

490 2244 550 2297 eos
569 2221 714 2293 transire
735 2219 772 2290 in
789 2217 939 2290 Siciliam
963 2236 1034 2289 non
1053 2217 1243 2312 pernimis,
1262 2219 1375 2313 placet
1393 2217 1494 2292 nobis
1515 2219 1610 2314 quod
1633 2219 1716 2294 inde
1741 2222 1844 2312 lacis,
1866 2231 1898 2293 et

489 2347 652 2420 volumus
673 2353 712 2414 ut
732 2343 873 2414 omnino
895 2340 1055 2413 inhibeas
1076 2351 1111 2412 et
1134 2341 1240 2414 iacies
1269 2342 1434 2416 custodiri
1460 2364 1505 2416 ne
1525 2343 1635 2436 aliqui
1658 2343 1704 2416 de
1721 2345 1897 2416 Saracenis

490 2471 574 2566 ipsis
588 2469 623 2540 in
639 2468 785 2540 Siciliam
804 2473 989 2536 transcant.
1006 2463 1173 2537 Volumus
1188 2465 1291 2537 etiam
1305 2475 1341 2538 et
1354 2465 1561 2539 mandamus
1576 2465 1640 2538 tibi
1656 2476 1695 2538 ut
1710 2487 1772 2562 par
1785 2475 1897 2561 partes

490 2593 643 2666 Calabria
666 2589 821 2684 adquae
845 2591 1050 2660 Sarracenos
1071 2589 1163 2684 ipsos
1184 2601 1274 2661 eum·
1285 2590 1576 2682 negotiationibus
1596 2591 1669 2662 suis
1691 2611 1730 2663 ee
1746 2591 1898 2663 conium

493 2715 718 2809 contingerit,
744 2712 851 2784 iacias
873 2710 1064 2783 custodiam
1087 2711 1274 2804 adbibere,
1293 2721 1333 2784 ut
1354 2713 1439 2784 nulli
1456 2733 1503 2784 ex
1525 2713 1576 2786 eis
1594 2733 1658 2808 per
1673 2722 1790 2807 partes
1807 2715 1898 2808 ipsae

490 2846 690 2914 remaneant
710 2835 766 2908 vel
792 2833 965 2906 domicilia
987 2834 1114 2907 iaciant
1138 2834 1185 2907 ad
1207 2834 1423 2908 morandum.
1456 2837 1505 2910 De
1531 2837 1645 2932 porois
1667 2836 1765 2908 curie
1788 2847 1898 2910 nostra

490 2985 578 3061 quoe
614 2959 621 3060 Ι
660 2962 696 3032 in
721 2959 875 3032 Calabria
901 2968 936 3030 et
960 2959 1075 3030 Sicilia
1097 2981 1173 3033 ease
1201 2960 1367 3056 scripsisti
1393 2961 1558 3056 pingues,
1589 2959 1787 3055 dequibus
1816 2961 1899 3054 quid

491 3089 564 3162 fieri
580 3085 703 3160 debeat
721 3091 874 3155 nostrum
890 3083 1142 3176 heneplacitum
1156 3083 1385 3176 requisivisti,
1405 3085 1568 3156 volumus
1585 3093 1620 3156 et
1637 3083 1843 3156 mandamus
1863 3093 1899 3155 ut

492 3233 614 3310 porcos
628 3229 739 3282 mores
755 3227 843 3300 quos
861 3216 958 3300 aptos
976 3204 1107 3277 videris
1122 3203 1168 3278 ad
1187 3205 1412 3280 vendendum
1429 3205 1533 3280 vendi
1551 3207 1674 3298 iacias,
1694 3229 1773 3278 cum
1788 3217 1899 3278 nostre

493 3336 588 3409 curie
616 3330 803 3428 plurimum
828 3329 872 3400 rit
893 3329 1043 3422 pecunia
1062 3337 1244 3424 oportuna.
1269 3327 1370 3414 Quod
1390 3339 1505 3402 antam
1530 3331 1694 3426 scripsisti
1717 3341 1899 3424 quaternos

492 3455 670 3556 quondam
686 3451 829 3527 lllatthei
846 3451 1066 3524 hlarchalabc
1081 3453 1204 3524 secreti
1222 3473 1298 3525 esee
1311 3453 1347 3524 in
1367 3453 1510 3526 ecelesia
1528 3453 1642 3526 Sancti
1656 3455 1842 3527 salvatoris
1857 3453 1899 3525 de

492 3585 612 3677 lingna
626 3581 783 3654 Messene
798 3575 964 3670 repositos
979 3584 1013 3648 et
1025 3575 1072 3648 Xl
1086 3574 1208 3668 sigillis
1224 3575 1394 3668 signatos,
1412 3597 1560 3672 quorum
1576 3587 1611 3649 te
1623 3585 1756 3671 oportet
1772 3577 1899 3649 habere

494 3705 696 3798 rescriptum
714 3721 776 3796 pro
789 3699 927 3792 juribus
945 3708 980 3771 ot
996 3697 1157 3771 omnibns
1173 3697 1368 3770 redditibus
1383 3699 1527 3772 secretio
1543 3719 1614 3794 que
1628 3699 1847 3772 eontinentur
1864 3699 1898 3768 in

495 3831 563 3915 eis,
587 3848 667 3900 accc
685 3824 784 3920 quod
801 3821 1008 3895 mandamus
1024 3821 1206 3894 Thomasio
1226 3819 1271 3892 de
1286 3819 1484 3896 Brundusio
1504 3831 1540 3894 et
1558 3821 1721 3916 magistro
1740 3821 1899 3914 Procopio

494 3951 642 4040 notario,
662 3947 821 4020 fidelibus
841 3947 983 4036 nostris,
1002 3955 1041 4016 ut
1054 3945 1138 4016 illuc
1153 3967 1191 4018 se
1212 3946 1426 4018 conferentes
1443 3956 1628 4040 quaternos
1645 3945 1737 4039 ipsos
1757 3944 1819 4038 qui
1841 3944 1898 4016 tihi

494 4071 680 4150 necessarii
688 4070 815 4142 luerint
823 4069 1070 4164 exemplificari
1081 4069 1207 4142 faciant
1215 4089 1329 4142 coram
1337 4091 1389 4160 ee,
1403 4079 1438 4142 et
1447 4091 1567 4142 eornm
1581 4069 1642 4141 tihi
1651 4077 1899 4162 transumptum

494 4197 693 4292 exemplum
713 4193 907 4285 assignent,
928 4202 967 4264 tu
985 4213 1070 4266 vero
1091 4213 1154 4288 pro
1174 4190 1471 4286 exemphlioandis
1492 4191 1576 4287 ipsis
1594 4202 1663 4265 tem
1682 4212 1745 4287 pro
1762 4189 1900 4264 notariis

496 4343 601 4416 qnam
616 4339 679 4414 pro
694 4316 771 4390 aliis
784 4336 853 4410 que
868 4315 996 4386 luerint
1010 4323 1179 4408 oportuna
1192 4313 1377 4386 ministres.
1388 4315 1556 4386 Volumus
1572 4315 1676 4387 etiam
1691 4323 1730 4386 ut
1744 4311 1898 4408 quaterni

497 4447 545 4520 illi
562 4445 598 4515 in
614 4451 730 4514 nostra
746 4461 880 4513 camera
897 4436 1045 4510 debeant
1061 4437 1272 4508 conservari.
1290 4437 1341 4508 De
1358 4437 1446 4508 lacto
1464 4446 1578 4510 autern
1597 4437 1742 4510 Nicolini
1760 4433 1899 4531 Spinule

497 4566 677 4654 admirati,
705 4565 804 4656 cujus
835 4561 1003 4634 vicariurn
1032 4557 1230 4652 significasti
1255 4579 1350 4631 nuno
1371 4561 1545 4654 postulare
1568 4570 1608 4632 nt
1631 4561 1775 4632 assisam
1802 4561 1897 4651 galee

497 4694 653 4766 Messene
669 4687 864 4781 recolligat,
883 4705 1040 4758 asserens
1055 4683 1163 4777 ipsam
1179 4702 1241 4777 per
1256 4681 1474 4754 ammiratum
1490 4681 1616 4755 debere
1631 4681 1802 4776 recolligi,
1824 4701 1898 4754 cum
