4278 5920
452 558 510 619 150
944 560 1159 624 balnearet
1183 561 1360 624 secubat
1666 561 1745 640 [dn.
1764 561 1850 624 iffi.

448 692 680 766 Walsenheim
695 701 730 766 et
742 693 810 766 alia
819 692 910 767 bono
924 717 994 790 que
1011 704 1105 770 tenet
1118 697 1156 769 in
1170 697 1327 770 leodoab
1338 695 1483 791 imperio
1493 694 1651 788 etnobis,
1667 696 1751 790 quia
1765 695 1853 771 filios

450 837 518 890 non
543 817 666 908 habet,
689 815 826 890 filiabus
840 818 915 890 suis
927 819 1015 893 Gnte
1031 830 1066 894 et
1082 819 1219 894 Atheidi
1236 829 1273 892 et
1288 820 1365 892 aliis
1379 819 1517 892 filiabus
1529 841 1616 914 quas
1629 820 1665 890 in
1681 831 1852 915 posterum

449 941 627 1033 generabit
641 942 830 1016 concedere
850 942 896 1016 de
912 953 1028 1017 nostra
1048 945 1158 1040 gratia
1176 945 1417 1039 dignaremur,
1438 952 1477 1015 nt
1495 953 1661 1038 tanquam
1685 942 1747 1014 lilii
1769 944 1855 1038 legi·

450 1065 525 1136 timi
551 1065 684 1160 possint
708 1064 894 1138 succedere
921 1067 957 1138 in
975 1067 1077 1139 bonis
1094 1068 1217 1163 ipsius.
1248 1069 1319 1140 Nos
1341 1067 1447 1161 igitur
1469 1067 1636 1140 habentes
1659 1089 1720 1162 pre
1745 1069 1854 1141 oculis

451 1187 566 1262 fidelia
584 1190 667 1262 satis
683 1199 719 1262 et
740 1200 881 1286 accepta
896 1190 1036 1263 servitia
1059 1213 1130 1286 que
1151 1191 1245 1264 idem
1268 1190 1447 1285 Philippus
1467 1190 1569 1262 nobis
1591 1189 1750 1264 exhibuit
1765 1201 1801 1264 et
1816 1191 1852 1263 in

452 1323 552 1386 antea
576 1313 743 1386 exhibere
767 1313 890 1408 poterit
914 1314 1064 1404 gratiora
1088 1313 1158 1410 (a),
1183 1315 1258 1388 suis
1287 1313 1595 1410 supplicationibus
1623 1315 1855 1388 favorabiliter

451 1437 617 1528 inclinati,
637 1435 794 1531 predicta
807 1436 899 1510 bona
911 1437 1013 1511 dictis
1025 1437 1165 1510 filiabus
1177 1439 1251 1510 suis
1265 1447 1301 1511 et
1318 1459 1406 1533 quas
1417 1438 1454 1509 in
1470 1447 1647 1533 posterum
1662 1437 1850 1528 generabit,

450 1562 481 1636 si
503 1583 584 1633 eum
606 1559 681 1632 sine
705 1560 785 1633 liliis
805 1561 968 1654 legitimis
991 1561 1163 1635 decedere
1185 1563 1414 1657 contingeret,
1431 1561 1598 1635 duximus
1614 1562 1851 1654 concedenda;

451 1685 654 1760 mandantes
675 1691 710 1756 et
733 1682 875 1756 tirmiter
897 1685 1126 1780 precipientes
1149 1693 1322 1780 quamnns
1342 1685 1457 1757 nullus
1481 1686 1526 1757 sit
1548 1685 1610 1779 qui
1635 1685 1730 1780 ipsas
1753 1707 1856 1781 snper

451 1809 606 1908 predicta
629 1807 849 1880 concessione
868 1816 985 1880 nostra
1008 1809 1188 1882 molestare
1210 1821 1399 1904 presumat.
1417 1807 1520 1894 Quod
1537 1809 1598 1902 qui
1613 1809 1856 1904 presumpserit

452 1933 725 2029 indignationem
757 1939 909 2003 nostram
935 1953 972 2004 aa
999 1933 1135 2004 noverit
1162 1933 1394 2005 incursurum.
1424 1929 1479 2004 Ad
1503 1932 1604 2025 cujus
1628 1931 1855 2004 concessionis

451 2065 568 2132 nostre
590 2053 790 2128 memoriam
808 2073 949 2148 presens
973 2056 1136 2150 scriptum
1155 2053 1229 2128 lieri
1249 2063 1285 2128 et
1305 2054 1418 2146 sigillo
1437 2063 1553 2128 nostro
1569 2053 1736 2148 jussimus
1757 2075 1856 2128 com-

452 2201 596 2253 munnr.

500 2303 611 2394 Huius
630 2301 681 2374 rei
696 2308 798 2374 testes
816 2308 897 2372 sunt
913 2301 951 2372 L.
970 2301 1178 2374 venerabilis
1196 2301 1455 2375 wormatiensis
1478 2301 1679 2397 episcopus,
1696 2302 1799 2374 nate
1811 2301 1852 2374 ll.

453 2429 616 2522 magister
639 2426 764 2500 domus
789 2426 1101 2516 Thentonicorum‚
1118 2427 1160 2498 G.
1186 2435 1222 2500 et
1237 2429 1278 2500 B.
1304 2425 1352 2524 (b)
1364 2427 1505 2500 comites
1530 2425 1575 2499 de
1597 2425 1854 2520 Ziegenbagen,

453 2553 653 2625 marscallus
671 2550 716 2624 de
733 2550 988 2646 Bappenheim,
1003 2549 1101 2623 Cnno
1115 2550 1160 2624 de
1172 2551 1425 2646 llintnenberg,
1445 2560 1480 2624 et
1496 2551 1556 2623 alii
1572 2551 1806 2647 quamplures.

501 2678 626 2749 Datum
648 2673 743 2770 apud
759 2674 931 2765 laudam,
954 2697 1045 2748 anno
1067 2675 1240 2750 dominice
1265 2675 1509 2752 incarnationis
1529 2676 1579 2749 ll.
1594 2675 1658 2750 GC.
1681 2674 1855 2766 XXXVII,

454 2819 571 2871 mense
583 2798 795 2888 decembris,
811 2798 844 2869 X
861 2796 906 2895 (c)
925 2798 1135 2872 indictionis.

683 3110 928 3120 um·—

247 3413 428 3515 ”fflffi
506 3388 737 3495 fridericus,
760 3385 1020 3471 Romanorum
1046 3389 1266 3499 imperator,
1289 3387 1504 3500 lantgravio
1527 3388 1576 3471 de
1596 3383 1861 3471 Luckenbernh

456 3520 774 3630 (Leuehtenberg)
793 3519 896 3602 fideli
916 3545 986 3603 suo
1003 3522 1186 3606 ducatum
1207 3549 1391 3606 curruum
1412 3549 1481 3632 per
1506 3522 1720 3604 districtum
1733 3517 1860 3603 comi-

454 3663 555 3738 tatus
573 3652 655 3764 ejus
673 3652 874 3736 committit
891 3678 1007 3761 quem
1024 3655 1138 3738 etiam
1155 3666 1358 3739 tenueramt
1376 3663 1628 3738 antecessores
1646 3652 1742 3764 ejus.

534 3867 672 3947 (Editurn
683 3867 716 3926 ln
730 3863 842 3925 Raudii
853 3864 1049 3936 samuhel,
1064 3873 1087 3929 t
1103 3869 1145 3944 11,
1158 3885 1190 3947 p.
1204 3877 1235 3941 ²,
1249 3875 1280 3930 at
1292 3885 1341 3947 ap.
1356 3868 1489 3930 uma.
1502 3867 1602 3948 Boion,
1610 3873 1635 3930 t.
1645 3865 1743 3946 XXX,
1754 3877 1821 3942 para
1832 3865 1859 3940 l,

573 3991 605 4050 p.
622 3981 693 4050 266,
708 3988 781 4032 num
796 3971 961 4036 DCCLVII.
974 3974 1112 4053 Stgillum
1130 3978 1163 4036 ln
1179 3991 1232 4037 ora
1247 3977 1378 4036 mammo
1393 3975 1506 4037 lamam
1527 3973 1674 4054 appendet
1689 3989 1727 4034 ex
1746 3969 1861 4034 duobus

573 4079 731 4156 segmentis
743 4076 998 4158 membranaceis.)

499 4263 714 4353 Fridericns,
734 4265 797 4336 Dei
819 4264 929 4358 gratia
945 4265 1176 4340 Romanorum
1194 4267 1378 4367 imperator
1395 4287 1530 4365 semper
1543 4273 1730 4358 augustus,
1752 4261 1852 4335 leru-

493 4437 534 4519 (a)
556 4441 591 4500 ln
604 4443 746 4519 impresso
758 4441 896 4522 uatium,
910 4440 998 4502 mule.

492 4543 531 4626 (b)
553 4547 670 4609 Scilicet
684 4546 848 4627 Gotrsridaa
861 4543 1083 4610 sacertotem.

491 4650 530 4733 (e)
555 4653 643 4716 Recte
656 4661 757 4716 umen
769 4654 925 4735 legendum
935 4658 980 4715 eat
993 4653 1047 4717 Xl.
