4226 5900
483 547 545 606 498
986 547 1201 607 unionum!
1225 546 1400 607 suctum
1707 541 1789 626 [dunt.
1806 542 1890 603 1259.

484 685 571 752 facte
593 683 699 753 inisse
715 681 858 771 dicitur,
881 692 916 754 et
938 681 1019 754 ideo
1037 703 1106 754 non
1127 683 1172 754 sb
1190 702 1233 754 eo
1247 681 1309 775 qui
1325 702 1402 754 eum
1426 701 1474 752 ex
1499 676 1662 752 mundato
1683 687 1800 750 nostro
1814 679 1892 750 iecit

485 804 686 897 exsqutioni
710 805 890 896 mandatu,
911 804 975 876 sed
998 805 1181 877 occasione
1199 805 1296 898 quod
1314 804 1411 900 prius
1433 803 1479 876 nb
1500 801 1614 876 officio
1638 811 1774 873 amotus
1792 801 1893 874 fuerit

484 949 590 1021 quam
607 927 719 1021 ipsam
731 929 859 1022 exequi
875 928 1037 1022 potuerit,
1052 925 1099 1000 ed
1115 929 1245 1000 curiam
1264 936 1414 999 nostram
1431 925 1548 1016 misso,
1563 935 1602 995 ut
1613 923 1782 1018 quioquid
1797 933 1894 1017 post-

485 1047 626 1120 modum
639 1049 674 1120 in
687 1051 926 1122 commissione
936 1059 1050 1122 nostra
1060 1072 1165 1146 super
1178 1071 1341 1145 processu
1349 1048 1581 1142 inquisitionis
1595 1047 1752 1138 ejusdem
1765 1047 1892 1118 fectum

486 1171 604 1260 fuerit,
623 1171 855 1262 inquisitionis
873 1183 1004 1247 actores
1022 1195 1091 1246 non
1113 1183 1251 1265 tangat,
1269 1183 1303 1244 et
1319 1172 1433 1246 eidem
1455 1171 1629 1266 impetrari
1644 1167 1716 1264 (εἰσ)
1734 1171 1843 1241 robur
1861 1179 1895 1242 et

482 1296 539 1385 jus
561 1294 710 1388 amplius
734 1295 912 1383 afferatur,
935 1297 1105 1389 nobisque
1122 1318 1183 1391 per
1200 1297 1275 1368 veri
1292 1295 1569 1390 suppressionem
1587 1304 1621 1365 et
1638 1294 1893 1388 suggestionem

486 1419 560 1490 salsi
584 1439 652 1490 non
673 1419 748 1492 sine
764 1419 956 1514 prejudicio
977 1419 1234 1512 quodammodo
1252 1421 1360 1514 possit
1378 1419 1492 1491 illudi.
1511 1419 1596 1490 Cum
1617 1417 1765 1490 velimus
1781 1439 1844 1512 per
1862 1428 1894 1490 te

486 1541 531 1613 de
547 1540 710 1636 predictis
724 1544 930 1636 quantocius
944 1565 1020 1616 esse
1034 1544 1136 1634 certi,
1155 1545 1185 1614 si
1199 1543 1360 1616 videlicet
1376 1551 1461 1614 tunc
1478 1542 1640 1636 temporis
1659 1542 1757 1636 prius
1772 1549 1894 1635 etpost

486 1665 586 1738 nobis
600 1664 712 1737 fidelis
727 1665 898 1757 extiterit,
920 1665 1065 1740 fideliter
1082 1666 1182 1739 nobis
1196 1667 1233 1738 in
1250 1667 1405 1762 pertibus
1422 1665 1506 1760 ipsis
1518 1663 1692 1752 servierit,
1708 1663 1801 1736 bona
1815 1685 1893 1758 pre·

487 1789 668 1862 dictasint
689 1795 911 1883 octavepurs
933 1790 1038 1861 unius
1063 1788 1157 1861 feudi
1181 1789 1318 1878 militis,
1340 1799 1374 1862 et
1396 1789 1462 1860 sibi
1484 1786 1730 1860 rationabiliter
1753 1796 1894 1881 patemo

484 1915 562 2004 jure
580 1912 791 2007 pertineant,
812 1933 877 1986 uec
898 1934 968 1986 non
993 1935 1063 2007 que
1084 1913 1152 1985 sint
1170 1913 1246 2008 ipse
1268 1913 1379 2016 bonu,
1407 1933 1477 2006 que
1498 1911 1587 1984 sicut
1604 1911 1837 1984 intelteximus
1858 1913 1892 1982 in

487 2035 685 2108 bominibus
701 2045 735 2106 et
753 2035 1029 2130 possessionibus
1042 2037 1188 2108 utilibus
1206 2037 1302 2108 ouria
1317 2045 1433 2110 nostra
1451 2035 1607 2124 tenebat,
1624 2044 1659 2106 et
1676 2033 1754 2124 ubi,
1773 2035 1891 2127 quenti

488 2159 556 2230 sint
568 2157 727 2232 redditus
739 2167 775 2230 et
787 2159 930 2247 valoris,
944 2158 1041 2252 quod
1055 2159 1158 2232 etism
1174 2159 1353 2233 servitium
1371 2179 1419 2232 ex
1433 2159 1484 2231 eis
1497 2158 1658 2230 omnibus
1673 2168 1789 2230 nostre
1801 2159 1894 2230 curie

489 2280 672 2374 debeatur,
696 2281 791 2376 quod
810 2283 914 2355 etism
932 2283 990 2354 aiii
1005 2282 1160 2355 detinent
1183 2282 1228 2356 de
1245 2281 1427 2378 predictis,
1447 2291 1481 2354 et
1503 2283 1584 2367 ubi,
1603 2281 1758 2354 similiter
1775 2282 1892 2376 quanti

488 2407 556 2478 sint
574 2406 723 2496 servitii,
744 2405 902 2478 redditus
922 2417 957 2478 et
980 2407 1125 2492 valoris;
1147 2406 1302 2480 fidelitati
1323 2416 1383 2479 tue
1400 2399 1606 2480 mandamus
1624 2415 1797 2500 quatenus
1813 2405 1894 2479 diti-

488 2537 608 2622 genter
620 2539 655 2602 et
670 2527 819 2601 fideliter
835 2550 940 2624 super
954 2531 1114 2602 omnibus
1132 2529 1305 2624 inquirere
1319 2529 1459 2603 studeas
1477 2530 1675 2620 veritatem,
1692 2539 1725 2602 et
1739 2551 1816 2602 earn
1830 2529 1894 2601 sub

486 2652 598 2746 sigillo
612 2661 672 2724 tuo
690 2651 735 2725 nd
747 2673 918 2724 cameram
933 2662 1085 2725 nostram
1103 2654 1236 2726 mictns.

536 2777 661 2848 Datum
674 2776 769 2870 apud
787 2775 961 2868 Laudem,
977 2777 1054 2848 xlv
1066 2777 1281 2868 novembris,
1298 2777 1375 2849 xltt
1394 2775 1602 2849 indictionis.

711 3085 808 3098 ...ω-
818 3083 1112 3093 ffl—--n-n
1122 3085 1164 3092 --.
1170 3085 1183 3092 η
1191 3085 1229 3092 ..-ι
1238 3085 1249 3091 ι·-
1255 3085 1314 3092 m·-
1320 3085 1649 3093 -m--u--m—--ffl-

540 3359 701 3442 Litterae
722 3369 893 3468 patentes
917 3371 955 3444 et
974 3363 1126 3446 clausos
1147 3389 1218 3473 pro
1242 3365 1401 3448 diuersis
1422 3365 1567 3448 mutuis
1587 3363 1789 3446 unciarum
1814 3357 1892 3442 euri

486 3491 645 3574 diversis
666 3492 941 3576 mercatoribus
967 3495 1006 3576 in
1036 3495 1236 3580 medietate
1253 3496 1374 3580 futuri
1398 3497 1541 3580 mensis
1565 3495 1747 3579 februarii
1766 3491 1893 3576 exsol-

486 3623 633 3730 vendis,
653 3649 699 3706 se
724 3625 939 3708 conditione
956 3637 999 3708 nt
1022 3627 1054 3708 si
1080 3627 1218 3713 solutio
1239 3629 1449 3738 differetur,
1476 3639 1552 3712 tres
1575 3627 1709 3711 unciae
1734 3626 1783 3709 de
1807 3625 1891 3706 sin-

487 3754 587 3861 gulis
609 3767 761 3839 eentum
789 3757 912 3839 unciis
937 3785 1005 3866 per
1034 3785 1206 3842 mensem
1238 3787 1308 3870 pro
1335 3761 1487 3844 demnis
1513 3771 1550 3844 et
1577 3761 1757 3842 interesse
1779 3757 1889 3840 eniri-

487 3885 661 3970 beantur.

569 4085 695 4170 (depost.
711 4088 815 4168 imper.
830 4086 949 4150 Freder.
965 4091 1005 4166 11,
1020 4089 1072 4152 iot.
1088 4100 1123 4152 21
1140 4107 1238 4171 verso,
1253 4101 1291 4154 π
1310 4099 1408 4167 reotu;
1431 4095 1464 4153 tn
1476 4091 1547 4154 edit.
1563 4091 1758 4163 mmmm,
1773 4107 1804 4168 p.
1823 4095 1888 4150 265-

607 4195 690 4272 rot.)

535 4369 582 4436 os
593 4367 749 4440 mmduto
761 4369 932 4462 imperiali
944 4373 1033 4461 sacto
1045 4393 1110 4466 per
1121 4372 1319 4465 mapistrom
1333 4372 1503 4442 etcertum
1517 4369 1652 4463 scripsit
1666 4365 1707 4439 G.
1720 4367 1761 4438 de
1777 4369 1888 4438 i'occo:

534 4489 1889 4589 Freden'cus,etc.NotumfecimusuniversisquodJaoobusFiccadcar.‚Jobnn·

486 4636 548 4688 nes
558 4615 897 4708 Ficouficer.,Petrus
906 4616 1100 4690 Ficcefiour.
1110 4617 1329 4714 ethilippus
1339 4617 1526 4709 iratsrejus
1534 4624 1739 4689 mercatores
1748 4611 1885 4699 romoni,
