4226 5900
217 576 317 636 lauru.
336 572 395 656 la]
669 573 865 635 HISTORIA
890 573 1179 636 DlPLOMll'l'lCll.
1570 581 1627 642 431

213 709 392 802 justitiarii
416 709 522 782 nostri
544 708 695 802 regionis
719 709 811 782 illins
829 709 953 783 amodo
975 719 1009 782 te
1033 710 1120 784 scire
1144 711 1306 784 volumus
1322 711 1511 806 pertinere,
1528 717 1631 808 juxta

218 832 317 929 quod
335 834 371 905 in
387 835 512 907 nostris
528 834 828 908 constitutionibus
846 834 1052 906 continetur.

265 959 395 1030 Datum
414 958 587 1032 incastris
608 979 715 1054 prope
730 958 982 1048 Mediolanum,
1004 954 1128 1054 (Villi)
1142 957 1307 1049 octobris,
1324 959 1402 1031 Xlll
1417 959 1626 1036 indictionis.

448 1271 1370 1282 Μ--ιο-α-*υ-κἬ--α--ι-ιυ
1377 1268 1400 1281 -Ι

271 1530 493 1614 Mandatum
522 1531 573 1614 ad
600 1539 784 1615 secretum
815 1531 1009 1617 Messanae
1038 1541 1081 1614 ut
1113 1557 1136 1614 a
1166 1532 1474 1641 procuratoribus
1506 1532 1631 1616 eoele-
1689 1537 1804 1646 affl.

1664 1642 1826 1699 Mediolanum,

216 1662 365 1748 siarum
382 1664 599 1748 vacantium
617 1664 786 1748 debitam
803 1673 842 1747 et
859 1663 1012 1773 plenam
1029 1665 1215 1748 rationem
1231 1665 1400 1774 recipiet.
1683 1699 1808 1742 asana.

302 1865 428 1950 (Repeti.
444 1868 546 1949 trapa.
559 1865 645 1929 Med
658 1866 699 1945 11,
711 1865 763 1928 fol.
778 1875 796 1928 9
811 1871 906 1942 recto;
921 1869 953 1927 in
965 1865 1037 1928 edit.
1051 1864 1242 1940 Garoanlnrm
1252 1883 1279 1944 p.
1298 1864 1382 1945 2⁴⁴.)

267 2040 390 2112 Eodem
401 2041 451 2113 dic
464 2042 504 2112 dc
520 2041 630 2112 eodem
644 2038 800 2112 mandato
815 2037 948 2133 scripsit
962 2039 1052 2111 idam
1066 2065 1077 2110 .·

265 2159 480 2252 Fredericus,
494 2169 578 2244 eto,
596 2158 643 2233 ad
660 2158 824 2232 eumdem
835 2167 1018 2232 secretum.
1035 2156 1272 2252 Significatum
1287 2167 1338 2232 est
1353 2157 1496 2230 culmini
1514 2169 1630 2234 nostro

215 2283 315 2378 quod
350 2283 493 2378 quidam
521 2293 758 2378 procuratores
791 2281 1015 2356 ecclesiarum
1046 2281 1245 2354 vacantium
1273 2282 1335 2376 qui
1365 2281 1534 2355 hactenns
1567 2305 1629 2378 per

214 2408 265 2482 M.
286 2406 538 2481 Marchalabam
557 2407 833 2501 predecessorem
849 2415 948 2478 tuum
965 2405 1115 2479 ordinati
1129 2407 1287 2494 luerunt,
1303 2405 1348 2479 ab
1367 2426 1487 2479 earum
1499 2427 1629 2502 procu-

215 2531 350 2606 ratione
371 2529 513 2603 ammoti
533 2549 602 2601 non
624 2527 786 2601 dederint
814 2527 930 2600 adhuc
954 2527 999 2600 de
1021 2528 1175 2622 ipsarum
1199 2529 1497 2623 procurationibus
1521 2531 1630 2603 ratio-

216 2676 316 2742 nem,
343 2653 387 2728 de
402 2674 474 2748 qno
489 2652 584 2725 curie
602 2661 716 2725 nostre
733 2651 923 2748 dampnum
948 2650 1102 2724 affertur.
1123 2652 1238 2736 Quare
1255 2651 1412 2725 fidelitati
1435 2661 1494 2725 tue
1514 2655 1629 2748 preci-

214 2779 347 2875 piendo
372 2777 580 2851 mandamus
604 2785 774 2870 quatenns
799 2775 1078 2870 procuratoribus
1108 2774 1193 2870 ipsis
1220 2774 1266 2848 ad
1294 2784 1391 2848 tuam
1418 2777 1627 2872 presentiam

215 2902 385 2994 evocatis,
401 2901 553 2974 debitam
568 2900 615 2972 ab
627 2899 712 2995 ips's
723 2920 786 2994 pro
802 2907 900 2995 parte
914 2898 1010 2971 curie
1026 2908 1142 2972 nostre
1160 2907 1195 2971 et
1208 2899 1346 2994 plenam
1361 2899 1507 2994 recipias
1522 2901 1627 2974 ratio·

215 3048 320 3118 nem,
340 3034 380 3098 ut
394 3028 452 3119 jus
464 3024 561 3098 curie
576 3031 692 3096 nostre
708 3023 745 3095 in
758 3022 876 3117 aliquo
888 3043 959 3095 non
976 3021 1112 3096 ledatur
1123 3031 1157 3094 et
1169 3030 1267 3094 tuum
1282 3021 1431 3114 exinde,
1450 3032 1516 3096 etc.

266 3152 393 3224 Datum
414 3149 451 3220 in
476 3149 595 3223 castris
622 3167 729 3243 prope
752 3147 1007 3236 Mediolanum,
1024 3145 1100 3218 lllll
1122 3145 1289 3236 octobris,
1313 3147 1390 3219 lllll
1414 3146 1623 3222 indictionis.

269 3677 489 3764 Mandatum
512 3677 562 3759 ad
575 3675 825 3786 iustitiarium
842 3674 1079 3784 Principatus
1104 3673 1153 3757 de
1182 3672 1355 3756 facienda
1383 3673 1628 3783 inquisitione
1683 3675 1798 3784 ¹333*

215 3811 255 3892 iu
286 3809 589 3920 consanguineos
618 3808 815 3918 quondam
846 3807 1024 3893 Matthaei
1059 3803 1296 3891 Marcafabae
1326 3804 1393 3915 qui
1426 3805 1548 3889 multa
1580 3807 1628 3889 de
1658 3781 1822 3881 ”detta

215 3942 327 4027 bonis
345 3943 465 4052 ipsius
487 3948 731 4051 asportarunt
748 3941 789 4022 in
807 3940 935 4024 curiae
952 3937 1173 4022 laesionem.

295 4131 424 4212 (Reum.
438 4130 541 4211 torpa.
554 4127 641 4192 illud.
654 4129 694 4202 11,
706 4128 760 4192 iol.
776 4133 1004 4203 amoto-rerem
1018 4128 1051 4188 tn
1064 4126 1136 4188 edit.
1151 4125 1291 4206 ducam,
1304 4142 1335 4204 p.
1352 4123 1436 4204 nst.)

264 4303 385 4376 Eodem
397 4304 451 4376 die
468 4304 508 4376 de
524 4304 634 4375 eodem
653 4301 809 4374 mundato
820 4301 955 4395 scripsit
966 4300 1077 4372 idem:

263 4426 477 4520 Fredericus,
493 4434 577 4517 etc,
588 4427 627 4498 T.
644 4422 917 4518 deMontenigro
927 4422 1114 4516 Justitiario
1127 4422 1356 4518 Principatus,
1374 4430 1442 4497 etc.
1454 4423 1625 4496 Intellexit

215 4551 381 4624 serenitas
393 4561 508 4624 nostra
521 4549 616 4643 quod
631 4551 780 4622 loannes
800 4547 962 4639 Curialis‚
982 4546 1155 4620 lohannes
1168 4545 1391 4620 Castalomate
1408 4556 1443 4619 et
1458 4547 1624 4620 Marullus

216 4673 460 4768 consanguinei
471 4674 552 4749 olim
563 4669 927 4746 MattheiMarchalabe
937 4670 1058 4743 secreti
1068 4670 1223 4744 Messana
1236 4669 1274 4740 in
1285 4679 1395 4742 morte
1405 4669 1527 4765 prelati
1538 4671 1624 4743 Mar·
