<?xml version="1.0" encoding="UTF-8"?>
<!DOCTYPE html PUBLIC "-//W3C//DTD XHTML 1.0 Transitional//EN"
    "http://www.w3.org/TR/xhtml1/DTD/xhtml1-transitional.dtd">
<html xmlns="http://www.w3.org/1999/xhtml" xml:lang="en" lang="en">
 <head>
  <title>
</title>
<meta http-equiv="Content-Type" content="text/html;charset=utf-8" />
  <meta name='ocr-system' content='tesseract 3.04.00' />
  <meta name='ocr-capabilities' content='ocr_page ocr_carea ocr_par ocr_line ocrx_word'/>
</head>
<body>
  <div class='ocr_page' id='page_1' title='image "./historiadiploma02fredgoog_0612.png"; bbox 0 0 4262 5910; ppageno 0'>
   <div class='ocr_carea' id='block_1_1' title="bbox 235 589 1202 678">
    <p class='ocr_par' dir='ltr' id='par_1_1' title="bbox 235 589 1202 678">
     <span class='ocr_line' id='line_1_1' title="bbox 235 589 1202 678; baseline -0.003 -24"><span class='ocrx_word' id='word_1_1' title='bbox 235 593 337 658; x_wconf 80' lang='grc' dir='ltr'>Ιιιιιιιιι.</span> <span class='ocrx_word' id='word_1_2' title='bbox 354 591 415 678; x_wconf 77' lang='lat' dir='ltr'><strong>ta]</strong></span> <span class='ocrx_word' id='word_1_3' title='bbox 689 589 886 651; x_wconf 76' lang='lat' dir='ltr'><strong>HISTORIA</strong></span> <span class='ocrx_word' id='word_1_4' title='bbox 910 589 1202 652; x_wconf 77' lang='lat' dir='ltr'><strong>utcuouat&#39;tca</strong></span> 
     </span>
    </p>
   </div>
   <div class='ocr_carea' id='block_1_2' title="bbox 448 881 1430 896">
    <p class='ocr_par' dir='ltr' id='par_1_2' title="bbox 448 881 1430 896">
     <span class='ocr_line' id='line_1_2' title="bbox 448 881 1430 896; baseline -0.01 4"><span class='ocrx_word' id='word_1_5' title='bbox 448 881 1200 896; x_wconf 52' lang='lat' dir='ltr'><strong>mam---—-n.-«.-.——.</strong></span> <span class='ocrx_word' id='word_1_6' title='bbox 1219 885 1226 892; x_wconf 77' lang='lat'>-</span> <span class='ocrx_word' id='word_1_7' title='bbox 1253 883 1327 892; x_wconf 48' lang='lat' dir='ltr'><strong>„uu-t</strong></span> <span class='ocrx_word' id='word_1_8' title='bbox 1348 884 1365 890; x_wconf 80' lang='lat'><strong>..</strong></span> <span class='ocrx_word' id='word_1_9' title='bbox 1389 883 1430 892; x_wconf 74' lang='grc'>-..-</span> 
     </span>
    </p>
   </div>
   <div class='ocr_carea' id='block_1_3' title="bbox 236 1152 1834 1662">
    <p class='ocr_par' dir='ltr' id='par_1_3' title="bbox 236 1152 1834 1662">
     <span class='ocr_line' id='line_1_3' title="bbox 290 1152 1834 1268; baseline -0.004 -26"><span class='ocrx_word' id='word_1_10' title='bbox 290 1159 511 1244; x_wconf 87' lang='lat' dir='ltr'><strong>Mandatum</strong></span> <span class='ocrx_word' id='word_1_11' title='bbox 539 1162 589 1244; x_wconf 90' lang='lat' dir='ltr'><strong>ad</strong></span> <span class='ocrx_word' id='word_1_12' title='bbox 619 1161 856 1244; x_wconf 85' lang='lat' dir='ltr'><strong>collectorem</strong></span> <span class='ocrx_word' id='word_1_13' title='bbox 873 1156 1054 1268; x_wconf 72' lang='lat' dir='ltr'><strong>pecumm</strong></span> <span class='ocrx_word' id='word_1_14' title='bbox 1081 1155 1183 1238; x_wconf 89' lang='lat' dir='ltr'><strong>ultra</strong></span> <span class='ocrx_word' id='word_1_15' title='bbox 1199 1153 1342 1238; x_wconf 82' lang='lat' dir='ltr'><strong>flumen</strong></span> <span class='ocrx_word' id='word_1_16' title='bbox 1363 1153 1513 1236; x_wconf 82' lang='lat' dir='ltr'><strong>Salsum</strong></span> <span class='ocrx_word' id='word_1_17' title='bbox 1541 1179 1637 1264; x_wconf 86' lang='lat' dir='ltr'><strong>quc,</strong></span> <span class='ocrx_word' id='word_1_18' title='bbox 1673 1152 1834 1253; x_wconf 48' lang='lat' dir='ltr'><strong>mm</strong></span> 
     </span>
     <span class='ocr_line' id='line_1_4' title="bbox 237 1285 1640 1400; baseline -0.004 -30"><span class='ocrx_word' id='word_1_19' title='bbox 237 1300 385 1374; x_wconf 77' lang='lat' dir='ltr'><strong>mumtc</strong></span> <span class='ocrx_word' id='word_1_20' title='bbox 395 1293 521 1400; x_wconf 89' lang='lat' dir='ltr'><strong>priore</strong></span> <span class='ocrx_word' id='word_1_21' title='bbox 537 1294 733 1396; x_wconf 86' lang='lat' dir='ltr'><strong>mandato,</strong></span> <span class='ocrx_word' id='word_1_22' title='bbox 751 1299 914 1374; x_wconf 87' lang='lat' dir='ltr'><strong>secretus</strong></span> <span class='ocrx_word' id='word_1_23' title='bbox 931 1287 1110 1374; x_wconf 82' lang='lat' dir='ltr'>Panormi</span> <span class='ocrx_word' id='word_1_24' title='bbox 1125 1312 1279 1370; x_wconf 85' lang='lat' dir='ltr'><strong>omnem</strong></span> <span class='ocrx_word' id='word_1_25' title='bbox 1297 1285 1424 1368; x_wconf 90' lang='lat' dir='ltr'><strong>curiae</strong></span> <span class='ocrx_word' id='word_1_26' title='bbox 1441 1285 1640 1394; x_wconf 88' lang='lat' dir='ltr'><strong>pecuniam</strong></span> 
     </span>
     <span class='ocr_line' id='line_1_5' title="bbox 236 1418 1640 1533; baseline -0.002 -30"><span class='ocrx_word' id='word_1_27' title='bbox 236 1423 455 1533; x_wconf 73' lang='lat' dir='ltr'>recolligere</span> <span class='ocrx_word' id='word_1_28' title='bbox 479 1433 517 1508; x_wconf 85' lang='lat' dir='ltr'><strong>et</strong></span> <span class='ocrx_word' id='word_1_29' title='bbox 537 1451 584 1508; x_wconf 84' lang='lat' dir='ltr'><strong>ex</strong></span> <span class='ocrx_word' id='word_1_30' title='bbox 605 1425 729 1508; x_wconf 89' lang='lat' dir='ltr'><strong>efficio</strong></span> <span class='ocrx_word' id='word_1_31' title='bbox 753 1449 823 1508; x_wconf 93' lang='lat' dir='ltr'><strong>suo</strong></span> <span class='ocrx_word' id='word_1_32' title='bbox 845 1423 1056 1532; x_wconf 84' lang='lat' dir='ltr'><strong>expendere</strong></span> <span class='ocrx_word' id='word_1_33' title='bbox 1077 1419 1231 1524; x_wconf 86' lang='lat' dir='ltr'><strong>debeat,</strong></span> <span class='ocrx_word' id='word_1_34' title='bbox 1259 1419 1307 1501; x_wconf 91' lang='lat' dir='ltr'><strong>de</strong></span> <span class='ocrx_word' id='word_1_35' title='bbox 1335 1418 1487 1500; x_wconf 89' lang='lat' dir='ltr'><strong>residuo</strong></span> <span class='ocrx_word' id='word_1_36' title='bbox 1514 1429 1640 1500; x_wconf 77' lang='lat' dir='ltr'><strong>mmen</strong></span> 
     </span>
     <span class='ocr_line' id='line_1_6' title="bbox 237 1549 1572 1662; baseline -0.003 -26"><span class='ocrx_word' id='word_1_37' title='bbox 237 1555 418 1662; x_wconf 89' lang='lat' dir='ltr'><strong>pecuniae</strong></span> <span class='ocrx_word' id='word_1_38' title='bbox 436 1556 538 1640; x_wconf 85' lang='lat' dir='ltr'><strong>infra</strong></span> <span class='ocrx_word' id='word_1_39' title='bbox 554 1565 632 1640; x_wconf 86' lang='lat' dir='ltr'><strong>tres</strong></span> <span class='ocrx_word' id='word_1_40' title='bbox 649 1581 798 1639; x_wconf 91' lang='lat' dir='ltr'><strong>menses</strong></span> <span class='ocrx_word' id='word_1_41' title='bbox 815 1556 938 1638; x_wconf 89' lang='lat' dir='ltr'><strong>eidem</strong></span> <span class='ocrx_word' id='word_1_42' title='bbox 955 1549 1145 1636; x_wconf 86' lang='lat' dir='ltr'><strong>collectori</strong></span> <span class='ocrx_word' id='word_1_43' title='bbox 1164 1551 1349 1634; x_wconf 88' lang='lat' dir='ltr'><strong>rationem</strong></span> <span class='ocrx_word' id='word_1_44' title='bbox 1366 1551 1572 1659; x_wconf 85' lang='lat' dir='ltr'><strong>positurus.</strong></span> 
     </span>
    </p>
   </div>
   <div class='ocr_carea' id='block_1_4' title="bbox 229 1757 1413 1845">
    <p class='ocr_par' dir='ltr' id='par_1_4' title="bbox 229 1757 1413 1845">
     <span class='ocr_line' id='line_1_7' title="bbox 229 1757 1413 1845; baseline -0.006 -20"><span class='ocrx_word' id='word_1_45' title='bbox 229 1765 235 1778; x_wconf 88' lang='lat'>&#39;</span> <span class='ocrx_word' id='word_1_46' title='bbox 319 1761 447 1844; x_wconf 61' lang='grc' dir='ltr'>(Μαι.</span> <span class='ocrx_word' id='word_1_47' title='bbox 463 1764 566 1845; x_wconf 75' lang='lat' dir='ltr'><strong>imper.</strong></span> <span class='ocrx_word' id='word_1_48' title='bbox 580 1760 697 1824; x_wconf 71' lang='lat' dir='ltr'><strong>ill-eden</strong></span> <span class='ocrx_word' id='word_1_49' title='bbox 711 1761 752 1840; x_wconf 89' lang='lat'><strong>11,</strong></span> <span class='ocrx_word' id='word_1_50' title='bbox 767 1761 819 1823; x_wconf 78' lang='lat' dir='ltr'><strong>iol.</strong></span> <span class='ocrx_word' id='word_1_51' title='bbox 836 1770 873 1822; x_wconf 78' lang='lat' dir='ltr'><strong>aa</strong></span> <span class='ocrx_word' id='word_1_52' title='bbox 888 1778 989 1835; x_wconf 78' lang='lat' dir='ltr'><strong>verso3</strong></span> <span class='ocrx_word' id='word_1_53' title='bbox 1002 1762 1033 1820; x_wconf 88' lang='lat' dir='ltr'><strong>ln</strong></span> <span class='ocrx_word' id='word_1_54' title='bbox 1046 1759 1118 1821; x_wconf 88' lang='lat' dir='ltr'><strong>edit.</strong></span> <span class='ocrx_word' id='word_1_55' title='bbox 1133 1757 1268 1838; x_wconf 82' lang='lat' dir='ltr'><strong>Curcum,</strong></span> <span class='ocrx_word' id='word_1_56' title='bbox 1284 1775 1315 1836; x_wconf 91' lang='lat' dir='ltr'><strong>p.</strong></span> <span class='ocrx_word' id='word_1_57' title='bbox 1332 1757 1413 1836; x_wconf 74' lang='lat'>²98.)</span> 
     </span>
    </p>
   </div>
   <div class='ocr_carea' id='block_1_5' title="bbox 237 1911 1745 4615">
    <p class='ocr_par' dir='ltr' id='par_1_5' title="bbox 237 1911 1643 2134">
     <span class='ocr_line' id='line_1_8' title="bbox 288 1911 1643 2034; baseline 0.001 -27"><span class='ocrx_word' id='word_1_58' title='bbox 288 1939 335 2007; x_wconf 69' lang='lat' dir='ltr'><strong>oe</strong></span> <span class='ocrx_word' id='word_1_59' title='bbox 354 1911 522 2033; x_wconf 65' lang='lat' dir='ltr'><strong>repert</strong></span> <span class='ocrx_word' id='word_1_60' title='bbox 536 1940 692 2012; x_wconf 68' lang='lat' dir='ltr'><strong>macco</strong></span> <span class='ocrx_word' id='word_1_61' title='bbox 713 1943 878 2034; x_wconf 70' lang='lat' dir='ltr'><strong>seraper</strong></span> <span class='ocrx_word' id='word_1_62' title='bbox 896 1938 1092 2032; x_wconf 55' lang='lat' dir='ltr'><strong>mem</strong></span> <span class='ocrx_word' id='word_1_63' title='bbox 1111 1937 1152 2008; x_wconf 87' lang='lat' dir='ltr'><strong>n.</strong></span> <span class='ocrx_word' id='word_1_64' title='bbox 1173 1936 1213 2008; x_wconf 76' lang='lat' dir='ltr'><strong>a</strong></span> <span class='ocrx_word' id='word_1_65' title='bbox 1230 1936 1375 2027; x_wconf 73' lang='lat' dir='ltr'><strong>Trajan</strong></span> <span class='ocrx_word' id='word_1_66' title='bbox 1395 1936 1524 2030; x_wconf 62' lang='lat' dir='ltr'><strong>serpso</strong></span> <span class='ocrx_word' id='word_1_67' title='bbox 1543 1939 1643 2008; x_wconf 78' lang='lat' dir='ltr'><strong>cau-</strong></span> 
     </span>
     <span class='ocr_line' id='line_1_9' title="bbox 237 2057 1062 2134; baseline 0.002 -2"><span class='ocrx_word' id='word_1_68' title='bbox 237 2061 386 2132; x_wconf 78' lang='lat' dir='ltr'><strong>rectus:</strong></span> <span class='ocrx_word' id='word_1_69' title='bbox 623 2057 627 2068; x_wconf 61' lang='lat'><strong>¹</strong></span> <span class='ocrx_word' id='word_1_70' title='bbox 1059 2127 1062 2134; x_wconf 90' lang='lat'>.</span> 
     </span>
    </p>

    <p class='ocr_par' dir='ltr' id='par_1_6' title="bbox 238 2182 1745 4615">
     <span class='ocr_line' id='line_1_10' title="bbox 287 2182 1642 2279; baseline 0.001 -23"><span class='ocrx_word' id='word_1_71' title='bbox 287 2184 505 2276; x_wconf 83' lang='lat' dir='ltr'><strong>Fredericus‚</strong></span> <span class='ocrx_word' id='word_1_72' title='bbox 523 2193 605 2276; x_wconf 81' lang='lat' dir='ltr'><strong>ete,</strong></span> <span class='ocrx_word' id='word_1_73' title='bbox 625 2185 808 2257; x_wconf 88' lang='lat' dir='ltr'><strong>Stanciono</strong></span> <span class='ocrx_word' id='word_1_74' title='bbox 833 2183 878 2257; x_wconf 92' lang='lat' dir='ltr'><strong>de</strong></span> <span class='ocrx_word' id='word_1_75' title='bbox 893 2183 1009 2279; x_wconf 85' lang='lat' dir='ltr'><strong>Capua</strong></span> <span class='ocrx_word' id='word_1_76' title='bbox 1030 2183 1199 2256; x_wconf 85' lang='lat' dir='ltr'><strong>collectori</strong></span> <span class='ocrx_word' id='word_1_77' title='bbox 1224 2182 1260 2254; x_wconf 95' lang='lat' dir='ltr'><strong>in</strong></span> <span class='ocrx_word' id='word_1_78' title='bbox 1276 2182 1392 2256; x_wconf 80' lang='lat' dir='ltr'><strong>Sicilia</strong></span> <span class='ocrx_word' id='word_1_79' title='bbox 1408 2183 1497 2256; x_wconf 87' lang='lat' dir='ltr'><strong>ultra</strong></span> <span class='ocrx_word' id='word_1_80' title='bbox 1514 2184 1642 2258; x_wconf 86' lang='lat' dir='ltr'><strong>llumen</strong></span> 
     </span>
     <span class='ocr_line' id='line_1_11' title="bbox 238 2305 1642 2400; baseline -0.001 -20"><span class='ocrx_word' id='word_1_81' title='bbox 238 2309 388 2396; x_wconf 88' lang='lat' dir='ltr'><strong>Salsum,</strong></span> <span class='ocrx_word' id='word_1_82' title='bbox 402 2317 468 2380; x_wconf 91' lang='lat' dir='ltr'><strong>stc.</strong></span> <span class='ocrx_word' id='word_1_83' title='bbox 486 2307 654 2380; x_wconf 90' lang='lat' dir='ltr'><strong>Statuisse</strong></span> <span class='ocrx_word' id='word_1_84' title='bbox 667 2315 702 2380; x_wconf 86' lang='lat' dir='ltr'><strong>et</strong></span> <span class='ocrx_word' id='word_1_85' title='bbox 716 2306 899 2380; x_wconf 88' lang='lat' dir='ltr'><strong>mandasse</strong></span> <span class='ocrx_word' id='word_1_86' title='bbox 914 2306 1097 2380; x_wconf 85' lang='lat' dir='ltr'><strong>recolimus</strong></span> <span class='ocrx_word' id='word_1_87' title='bbox 1110 2313 1149 2377; x_wconf 85' lang='lat' dir='ltr'><strong>ut</strong></span> <span class='ocrx_word' id='word_1_88' title='bbox 1159 2305 1272 2378; x_wconf 90' lang='lat' dir='ltr'><strong>omnis</strong></span> <span class='ocrx_word' id='word_1_89' title='bbox 1289 2306 1437 2400; x_wconf 89' lang='lat' dir='ltr'><strong>pecunia</strong></span> <span class='ocrx_word' id='word_1_90' title='bbox 1453 2307 1642 2380; x_wconf 86' lang='lat' dir='ltr'><strong>undecum-</strong></span> 
     </span>
     <span class='ocr_line' id='line_1_12' title="bbox 239 2427 1644 2525; baseline 0.001 -25"><span class='ocrx_word' id='word_1_91' title='bbox 239 2451 309 2522; x_wconf 91' lang='lat' dir='ltr'><strong>qne</strong></span> <span class='ocrx_word' id='word_1_92' title='bbox 323 2437 438 2502; x_wconf 91' lang='lat' dir='ltr'><strong>nostre</strong></span> <span class='ocrx_word' id='word_1_93' title='bbox 450 2429 545 2501; x_wconf 91' lang='lat' dir='ltr'><strong>curie</strong></span> <span class='ocrx_word' id='word_1_94' title='bbox 556 2428 685 2520; x_wconf 84' lang='lat' dir='ltr'><strong>debita,</strong></span> <span class='ocrx_word' id='word_1_95' title='bbox 699 2451 761 2524; x_wconf 91' lang='lat' dir='ltr'><strong>per</strong></span> <span class='ocrx_word' id='word_1_96' title='bbox 773 2429 939 2525; x_wconf 70' lang='lat' dir='ltr'><strong>speciales</strong></span> <span class='ocrx_word' id='word_1_97' title='bbox 953 2429 1148 2510; x_wconf 79' lang='lat' dir='ltr'><strong>collectores</strong></span> <span class='ocrx_word' id='word_1_98' title='bbox 1163 2427 1199 2500; x_wconf 94' lang='lat' dir='ltr'><strong>in</strong></span> <span class='ocrx_word' id='word_1_99' title='bbox 1213 2427 1360 2522; x_wconf 80' lang='lat' dir='ltr'><strong>singulis</strong></span> <span class='ocrx_word' id='word_1_100' title='bbox 1376 2429 1473 2522; x_wconf 76' lang='lat' dir='ltr'><strong>regni</strong></span> <span class='ocrx_word' id='word_1_101' title='bbox 1489 2428 1644 2525; x_wconf 85' lang='lat' dir='ltr'><strong>partibus</strong></span> 
     </span>
     <span class='ocr_line' id='line_1_13' title="bbox 240 2549 1645 2648; baseline -0.001 -23"><span class='ocrx_word' id='word_1_102' title='bbox 240 2552 442 2626; x_wconf 87' lang='lat' dir='ltr'><strong>constitutos</strong></span> <span class='ocrx_word' id='word_1_103' title='bbox 465 2553 579 2646; x_wconf 77' lang='lat' dir='ltr'><strong>colligi</strong></span> <span class='ocrx_word' id='word_1_104' title='bbox 607 2561 642 2626; x_wconf 92' lang='lat' dir='ltr'><strong>et</strong></span> <span class='ocrx_word' id='word_1_105' title='bbox 663 2554 793 2626; x_wconf 87' lang='lat' dir='ltr'><strong>servari</strong></span> <span class='ocrx_word' id='word_1_106' title='bbox 810 2551 951 2626; x_wconf 89' lang='lat' dir='ltr'><strong>deberet</strong></span> <span class='ocrx_word' id='word_1_107' title='bbox 966 2549 1039 2648; x_wconf 89' lang='lat' dir='ltr'><strong>(o),</strong></span> <span class='ocrx_word' id='word_1_108' title='bbox 1064 2551 1165 2624; x_wconf 89' lang='lat' dir='ltr'><strong>certis</strong></span> <span class='ocrx_word' id='word_1_109' title='bbox 1190 2551 1275 2624; x_wconf 89' lang='lat' dir='ltr'><strong>locis</strong></span> <span class='ocrx_word' id='word_1_110' title='bbox 1295 2551 1342 2624; x_wconf 91' lang='lat' dir='ltr'><strong>ad</strong></span> <span class='ocrx_word' id='word_1_111' title='bbox 1368 2551 1434 2624; x_wconf 90' lang='lat' dir='ltr'><strong>boc</strong></span> <span class='ocrx_word' id='word_1_112' title='bbox 1453 2553 1645 2648; x_wconf 81' lang='lat' dir='ltr'><strong>specialiter</strong></span> 
     </span>
     <span class='ocr_line' id='line_1_14' title="bbox 240 2675 1644 2772; baseline 0.001 -24"><span class='ocrx_word' id='word_1_113' title='bbox 240 2676 430 2772; x_wconf 80' lang='lat' dir='ltr'><strong>deputatis3</strong></span> <span class='ocrx_word' id='word_1_114' title='bbox 444 2675 506 2749; x_wconf 89' lang='lat' dir='ltr'><strong>sed</strong></span> <span class='ocrx_word' id='word_1_115' title='bbox 519 2677 565 2750; x_wconf 90' lang='lat' dir='ltr'><strong>ad</strong></span> <span class='ocrx_word' id='word_1_116' title='bbox 579 2677 787 2771; x_wconf 81' lang='lat' dir='ltr'><strong>exigentiam</strong></span> <span class='ocrx_word' id='word_1_117' title='bbox 799 2685 990 2771; x_wconf 89' lang='lat' dir='ltr'><strong>temporum</strong></span> <span class='ocrx_word' id='word_1_118' title='bbox 1002 2697 1065 2772; x_wconf 89' lang='lat' dir='ltr'><strong>prc</strong></span> <span class='ocrx_word' id='word_1_119' title='bbox 1082 2675 1299 2770; x_wconf 76' lang='lat' dir='ltr'><strong>negotiorum</strong></span> <span class='ocrx_word' id='word_1_120' title='bbox 1316 2683 1351 2748; x_wconf 88' lang='lat' dir='ltr'><strong>et</strong></span> <span class='ocrx_word' id='word_1_121' title='bbox 1365 2675 1520 2748; x_wconf 88' lang='lat' dir='ltr'><strong>locorum</strong></span> <span class='ocrx_word' id='word_1_122' title='bbox 1530 2677 1644 2750; x_wconf 83' lang='lat' dir='ltr'><strong>varie·</strong></span> 
     </span>
     <span class='ocr_line' id='line_1_15' title="bbox 240 2799 1645 2895; baseline 0.003 -25"><span class='ocrx_word' id='word_1_123' title='bbox 240 2801 368 2872; x_wconf 89' lang='lat' dir='ltr'><strong>tatibus</strong></span> <span class='ocrx_word' id='word_1_124' title='bbox 390 2800 593 2873; x_wconf 88' lang='lat' dir='ltr'><strong>sententiam</strong></span> <span class='ocrx_word' id='word_1_125' title='bbox 617 2801 721 2872; x_wconf 88' lang='lat' dir='ltr'><strong>animi</strong></span> <span class='ocrx_word' id='word_1_126' title='bbox 743 2801 850 2874; x_wconf 80' lang='lat' dir='ltr'><strong>nostri</strong></span> <span class='ocrx_word' id='word_1_127' title='bbox 869 2809 1057 2890; x_wconf 76' lang='lat' dir='ltr'><strong>mutantes,</strong></span> <span class='ocrx_word' id='word_1_128' title='bbox 1080 2799 1299 2895; x_wconf 84' lang='lat' dir='ltr'><strong>providimus</strong></span> <span class='ocrx_word' id='word_1_129' title='bbox 1324 2809 1359 2872; x_wconf 92' lang='lat' dir='ltr'><strong>et</strong></span> <span class='ocrx_word' id='word_1_130' title='bbox 1383 2799 1588 2876; x_wconf 87' lang='lat' dir='ltr'><strong>mandamus</strong></span> <span class='ocrx_word' id='word_1_131' title='bbox 1606 2812 1645 2876; x_wconf 91' lang='lat' dir='ltr'><strong>ut</strong></span> 
     </span>
     <span class='ocr_line' id='line_1_16' title="bbox 240 2921 1645 3018; baseline 0.004 -25"><span class='ocrx_word' id='word_1_132' title='bbox 240 2921 410 2994; x_wconf 88' lang='lat' dir='ltr'><strong>Obbertus</strong></span> <span class='ocrx_word' id='word_1_133' title='bbox 425 2922 708 2996; x_wconf 87' lang='lat' dir='ltr'><strong>Fallamonachus</strong></span> <span class='ocrx_word' id='word_1_134' title='bbox 723 2931 875 2996; x_wconf 82' lang='lat' dir='ltr'><strong>secretus</strong></span> <span class='ocrx_word' id='word_1_135' title='bbox 893 2923 929 2996; x_wconf 92' lang='lat' dir='ltr'><strong>in</strong></span> <span class='ocrx_word' id='word_1_136' title='bbox 946 2922 1078 2998; x_wconf 90' lang='lat' dir='ltr'><strong>eisdem</strong></span> <span class='ocrx_word' id='word_1_137' title='bbox 1090 2923 1247 3018; x_wconf 88' lang='lat' dir='ltr'><strong>partibus</strong></span> <span class='ocrx_word' id='word_1_138' title='bbox 1263 2943 1401 2996; x_wconf 89' lang='lat' dir='ltr'><strong>omnem</strong></span> <span class='ocrx_word' id='word_1_139' title='bbox 1418 2924 1513 2998; x_wconf 90' lang='lat' dir='ltr'><strong>curie</strong></span> <span class='ocrx_word' id='word_1_140' title='bbox 1531 2934 1645 2998; x_wconf 83' lang='lat' dir='ltr'><strong>nostre</strong></span> 
     </span>
     <span class='ocr_line' id='line_1_17' title="bbox 240 3045 1645 3142; baseline 0.003 -26"><span class='ocrx_word' id='word_1_141' title='bbox 240 3045 437 3138; x_wconf 87' lang='lat' dir='ltr'><strong>pecuniam,</strong></span> <span class='ocrx_word' id='word_1_142' title='bbox 453 3047 543 3118; x_wconf 88' lang='lat' dir='ltr'><strong>sicut</strong></span> <span class='ocrx_word' id='word_1_143' title='bbox 553 3068 600 3120; x_wconf 83' lang='lat' dir='ltr'><strong>ex</strong></span> <span class='ocrx_word' id='word_1_144' title='bbox 615 3045 729 3118; x_wconf 89' lang='lat' dir='ltr'><strong>officio</strong></span> <span class='ocrx_word' id='word_1_145' title='bbox 740 3045 835 3140; x_wconf 88' lang='lat' dir='ltr'><strong>quod</strong></span> <span class='ocrx_word' id='word_1_146' title='bbox 852 3056 991 3120; x_wconf 83' lang='lat' dir='ltr'><strong>exercet</strong></span> <span class='ocrx_word' id='word_1_147' title='bbox 1006 3047 1053 3120; x_wconf 89' lang='lat' dir='ltr'><strong>ad</strong></span> <span class='ocrx_word' id='word_1_148' title='bbox 1067 3067 1192 3119; x_wconf 90' lang='lat' dir='ltr'><strong>manns</strong></span> <span class='ocrx_word' id='word_1_149' title='bbox 1208 3045 1487 3142; x_wconf 78' lang='lat' dir='ltr'><strong>predecessorum</strong></span> <span class='ocrx_word' id='word_1_150' title='bbox 1503 3069 1645 3122; x_wconf 85' lang='lat' dir='ltr'><strong>auorum</strong></span> 
     </span>
     <span class='ocr_line' id='line_1_18' title="bbox 241 3167 1645 3262; baseline 0.003 -23"><span class='ocrx_word' id='word_1_151' title='bbox 241 3176 466 3240; x_wconf 88' lang='lat' dir='ltr'><strong>consueverat</strong></span> <span class='ocrx_word' id='word_1_152' title='bbox 489 3168 685 3262; x_wconf 81' lang='lat' dir='ltr'><strong>pervenire,</strong></span> <span class='ocrx_word' id='word_1_153' title='bbox 705 3167 796 3240; x_wconf 91' lang='lat' dir='ltr'><strong>sicut</strong></span> <span class='ocrx_word' id='word_1_154' title='bbox 812 3167 914 3240; x_wconf 91' lang='lat' dir='ltr'><strong>etiam</strong></span> <span class='ocrx_word' id='word_1_155' title='bbox 941 3168 1203 3261; x_wconf 81' lang='lat' dir='ltr'><strong>recolligebatur</strong></span> <span class='ocrx_word' id='word_1_156' title='bbox 1225 3189 1286 3262; x_wconf 85' lang='lat' dir='ltr'><strong>per</strong></span> <span class='ocrx_word' id='word_1_157' title='bbox 1306 3189 1383 3256; x_wconf 89' lang='lat' dir='ltr'><strong>ecs,</strong></span> <span class='ocrx_word' id='word_1_158' title='bbox 1408 3177 1444 3242; x_wconf 90' lang='lat' dir='ltr'><strong>et</strong></span> <span class='ocrx_word' id='word_1_159' title='bbox 1466 3189 1513 3240; x_wconf 88' lang='lat' dir='ltr'><strong>ex</strong></span> <span class='ocrx_word' id='word_1_160' title='bbox 1534 3169 1645 3243; x_wconf 88' lang='lat' dir='ltr'><strong>officio</strong></span> 
     </span>
     <span class='ocr_line' id='line_1_19' title="bbox 241 3288 1646 3386; baseline 0.004 -28"><span class='ocrx_word' id='word_1_161' title='bbox 241 3290 298 3362; x_wconf 86' lang='lat' dir='ltr'><strong>rel</strong></span> <span class='ocrx_word' id='word_1_162' title='bbox 312 3288 358 3362; x_wconf 88' lang='lat' dir='ltr'><strong>de</strong></span> <span class='ocrx_word' id='word_1_163' title='bbox 377 3288 539 3362; x_wconf 88' lang='lat' dir='ltr'><strong>mandato</strong></span> <span class='ocrx_word' id='word_1_164' title='bbox 554 3299 670 3361; x_wconf 88' lang='lat' dir='ltr'><strong>nostro</strong></span> <span class='ocrx_word' id='word_1_165' title='bbox 686 3289 947 3384; x_wconf 82' lang='lat' dir='ltr'><strong>expendebatur</strong></span> <span class='ocrx_word' id='word_1_166' title='bbox 967 3292 1004 3362; x_wconf 92' lang='lat' dir='ltr'><strong>in</strong></span> <span class='ocrx_word' id='word_1_167' title='bbox 1018 3291 1142 3362; x_wconf 87' lang='lat' dir='ltr'><strong>nostris</strong></span> <span class='ocrx_word' id='word_1_168' title='bbox 1160 3290 1334 3384; x_wconf 89' lang='lat' dir='ltr'><strong>serviciis,</strong></span> <span class='ocrx_word' id='word_1_169' title='bbox 1351 3291 1403 3364; x_wconf 90' lang='lat' dir='ltr'><strong>sic</strong></span> <span class='ocrx_word' id='word_1_170' title='bbox 1421 3299 1456 3364; x_wconf 90' lang='lat' dir='ltr'><strong>et</strong></span> <span class='ocrx_word' id='word_1_171' title='bbox 1471 3292 1646 3386; x_wconf 79' lang='lat' dir='ltr'><strong>recolligat</strong></span> 
     </span>
     <span class='ocr_line' id='line_1_20' title="bbox 241 3411 1646 3508; baseline 0.003 -24"><span class='ocrx_word' id='word_1_172' title='bbox 241 3419 274 3484; x_wconf 88' lang='lat' dir='ltr'><strong>et</strong></span> <span class='ocrx_word' id='word_1_173' title='bbox 286 3411 389 3502; x_wconf 86' lang='lat' dir='ltr'><strong>juxta</strong></span> <span class='ocrx_word' id='word_1_174' title='bbox 401 3411 497 3505; x_wconf 90' lang='lat' dir='ltr'><strong>quod</strong></span> <span class='ocrx_word' id='word_1_175' title='bbox 515 3412 561 3486; x_wconf 88' lang='lat' dir='ltr'><strong>ad</strong></span> <span class='ocrx_word' id='word_1_176' title='bbox 574 3412 724 3486; x_wconf 89' lang='lat' dir='ltr'><strong>officium</strong></span> <span class='ocrx_word' id='word_1_177' title='bbox 743 3433 845 3485; x_wconf 90' lang='lat' dir='ltr'><strong>snum</strong></span> <span class='ocrx_word' id='word_1_178' title='bbox 859 3421 1010 3508; x_wconf 84' lang='lat' dir='ltr'><strong>spectat,</strong></span> <span class='ocrx_word' id='word_1_179' title='bbox 1032 3423 1068 3486; x_wconf 88' lang='lat' dir='ltr'><strong>et</strong></span> <span class='ocrx_word' id='word_1_180' title='bbox 1084 3413 1166 3485; x_wconf 90' lang='lat' dir='ltr'><strong>utile</strong></span> <span class='ocrx_word' id='word_1_181' title='bbox 1181 3435 1222 3486; x_wconf 90' lang='lat' dir='ltr'><strong>ac</strong></span> <span class='ocrx_word' id='word_1_182' title='bbox 1236 3413 1464 3506; x_wconf 86' lang='lat' dir='ltr'><strong>necessarium</strong></span> <span class='ocrx_word' id='word_1_183' title='bbox 1485 3437 1548 3508; x_wconf 91' lang='lat' dir='ltr'><strong>pro</strong></span> <span class='ocrx_word' id='word_1_184' title='bbox 1565 3437 1646 3488; x_wconf 88' lang='lat' dir='ltr'><strong>nos-</strong></span> 
     </span>
     <span class='ocr_line' id='line_1_21' title="bbox 242 3535 1645 3632; baseline 0.003 -26"><span class='ocrx_word' id='word_1_185' title='bbox 242 3535 302 3606; x_wconf 93' lang='lat' dir='ltr'><strong>tris</strong></span> <span class='ocrx_word' id='word_1_186' title='bbox 316 3535 465 3607; x_wconf 86' lang='lat' dir='ltr'><strong>servitiis</strong></span> <span class='ocrx_word' id='word_1_187' title='bbox 475 3537 588 3621; x_wconf 83' lang='lat' dir='ltr'><strong>fuerit,</strong></span> <span class='ocrx_word' id='word_1_188' title='bbox 607 3537 695 3609; x_wconf 85' lang='lat' dir='ltr'><strong>vela</strong></span> <span class='ocrx_word' id='word_1_189' title='bbox 712 3535 812 3608; x_wconf 90' lang='lat' dir='ltr'><strong>nobis</strong></span> <span class='ocrx_word' id='word_1_190' title='bbox 823 3536 990 3632; x_wconf 85' lang='lat' dir='ltr'><strong>receperit</strong></span> <span class='ocrx_word' id='word_1_191' title='bbox 1001 3537 1037 3608; x_wconf 92' lang='lat' dir='ltr'><strong>in</strong></span> <span class='ocrx_word' id='word_1_192' title='bbox 1051 3536 1235 3626; x_wconf 88' lang='lat' dir='ltr'><strong>mandatis,</strong></span> <span class='ocrx_word' id='word_1_193' title='bbox 1256 3535 1449 3630; x_wconf 87' lang='lat' dir='ltr'><strong>expendat:</strong></span> <span class='ocrx_word' id='word_1_194' title='bbox 1461 3536 1528 3608; x_wconf 91' lang='lat' dir='ltr'><strong>boc</strong></span> <span class='ocrx_word' id='word_1_195' title='bbox 1543 3538 1645 3610; x_wconf 90' lang='lat' dir='ltr'><strong>etiam</strong></span> 
     </span>
     <span class='ocr_line' id='line_1_22' title="bbox 242 3659 1648 3755; baseline 0.004 -26"><span class='ocrx_word' id='word_1_196' title='bbox 242 3678 305 3752; x_wconf 85' lang='lat' dir='ltr'><strong>pru</strong></span> <span class='ocrx_word' id='word_1_197' title='bbox 315 3679 378 3730; x_wconf 89' lang='lat' dir='ltr'><strong>sna</strong></span> <span class='ocrx_word' id='word_1_198' title='bbox 395 3667 429 3730; x_wconf 89' lang='lat' dir='ltr'><strong>et</strong></span> <span class='ocrx_word' id='word_1_199' title='bbox 445 3659 511 3732; x_wconf 87' lang='lat' dir='ltr'><strong>sibi</strong></span> <span class='ocrx_word' id='word_1_200' title='bbox 528 3660 693 3732; x_wconf 90' lang='lat' dir='ltr'><strong>similium</strong></span> <span class='ocrx_word' id='word_1_201' title='bbox 709 3670 902 3734; x_wconf 89' lang='lat' dir='ltr'><strong>nostrornm</strong></span> <span class='ocrx_word' id='word_1_202' title='bbox 916 3661 1115 3734; x_wconf 88' lang='lat' dir='ltr'><strong>officialium</strong></span> <span class='ocrx_word' id='word_1_203' title='bbox 1133 3659 1377 3735; x_wconf 87' lang='lat' dir='ltr'><strong>exoneratione</strong></span> <span class='ocrx_word' id='word_1_204' title='bbox 1389 3681 1431 3732; x_wconf 87' lang='lat' dir='ltr'><strong>ac</strong></span> <span class='ocrx_word' id='word_1_205' title='bbox 1444 3662 1553 3734; x_wconf 87' lang='lat' dir='ltr'><strong>salute</strong></span> <span class='ocrx_word' id='word_1_206' title='bbox 1568 3681 1648 3755; x_wconf 87' lang='lat' dir='ltr'><strong>prc-</strong></span> 
     </span>
     <span class='ocr_line' id='line_1_23' title="bbox 242 3779 1648 3877; baseline 0.004 -25"><span class='ocrx_word' id='word_1_207' title='bbox 242 3779 335 3869; x_wconf 82' lang='lat' dir='ltr'><strong>viso,</strong></span> <span class='ocrx_word' id='word_1_208' title='bbox 362 3789 401 3850; x_wconf 88' lang='lat' dir='ltr'><strong>ut</strong></span> <span class='ocrx_word' id='word_1_209' title='bbox 424 3781 569 3876; x_wconf 79' lang='lat' dir='ltr'><strong>singulis</strong></span> <span class='ocrx_word' id='word_1_210' title='bbox 593 3783 704 3856; x_wconf 90' lang='lat' dir='ltr'><strong>tribus</strong></span> <span class='ocrx_word' id='word_1_211' title='bbox 728 3783 904 3856; x_wconf 84' lang='lat' dir='ltr'><strong>mensibus</strong></span> <span class='ocrx_word' id='word_1_212' title='bbox 925 3805 1039 3856; x_wconf 87' lang='lat' dir='ltr'><strong>coram</strong></span> <span class='ocrx_word' id='word_1_213' title='bbox 1064 3791 1099 3855; x_wconf 91' lang='lat' dir='ltr'><strong>te</strong></span> <span class='ocrx_word' id='word_1_214' title='bbox 1120 3789 1242 3877; x_wconf 91' lang='lat' dir='ltr'><strong>ponet,</strong></span> <span class='ocrx_word' id='word_1_215' title='bbox 1265 3790 1300 3853; x_wconf 93' lang='lat' dir='ltr'><strong>et</strong></span> <span class='ocrx_word' id='word_1_216' title='bbox 1321 3781 1465 3876; x_wconf 87' lang='lat' dir='ltr'><strong>predicti</strong></span> <span class='ocrx_word' id='word_1_217' title='bbox 1485 3783 1648 3857; x_wconf 88' lang='lat' dir='ltr'><strong>officiales</strong></span> 
     </span>
     <span class='ocr_line' id='line_1_24' title="bbox 242 3903 1648 4002; baseline 0.005 -29"><span class='ocrx_word' id='word_1_218' title='bbox 242 3922 356 3973; x_wconf 90' lang='lat' dir='ltr'><strong>coram</strong></span> <span class='ocrx_word' id='word_1_219' title='bbox 375 3903 612 3978; x_wconf 86' lang='lat' dir='ltr'><strong>collectoribus</strong></span> <span class='ocrx_word' id='word_1_220' title='bbox 633 3906 709 3978; x_wconf 87' lang='lat' dir='ltr'><strong>aliis</strong></span> <span class='ocrx_word' id='word_1_221' title='bbox 734 3915 864 4002; x_wconf 88' lang='lat' dir='ltr'><strong>ponant</strong></span> <span class='ocrx_word' id='word_1_222' title='bbox 887 3905 933 3980; x_wconf 94' lang='lat' dir='ltr'><strong>de</strong></span> <span class='ocrx_word' id='word_1_223' title='bbox 947 3907 1094 4001; x_wconf 89' lang='lat' dir='ltr'><strong>pecnnia</strong></span> <span class='ocrx_word' id='word_1_224' title='bbox 1115 3907 1202 3977; x_wconf 82' lang='lat' dir='ltr'><strong>infra</strong></span> <span class='ocrx_word' id='word_1_225' title='bbox 1222 3905 1314 3999; x_wconf 89' lang='lat' dir='ltr'><strong>ipsos</strong></span> <span class='ocrx_word' id='word_1_226' title='bbox 1330 3915 1398 3977; x_wconf 78' lang='lat' dir='ltr'><strong>tres</strong></span> <span class='ocrx_word' id='word_1_227' title='bbox 1425 3927 1559 3979; x_wconf 89' lang='lat' dir='ltr'><strong>menses</strong></span> <span class='ocrx_word' id='word_1_228' title='bbox 1577 3909 1648 3980; x_wconf 92' lang='lat' dir='ltr'><strong>col·</strong></span> 
     </span>
     <span class='ocr_line' id='line_1_25' title="bbox 241 4023 1648 4124; baseline 0.006 -32"><span class='ocrx_word' id='word_1_229' title='bbox 241 4023 327 4096; x_wconf 85' lang='lat' dir='ltr'><strong>lecta</strong></span> <span class='ocrx_word' id='word_1_230' title='bbox 349 4031 384 4094; x_wconf 89' lang='lat' dir='ltr'><strong>et</strong></span> <span class='ocrx_word' id='word_1_231' title='bbox 408 4045 562 4120; x_wconf 87' lang='lat' dir='ltr'><strong>expensa</strong></span> <span class='ocrx_word' id='word_1_232' title='bbox 582 4049 644 4122; x_wconf 91' lang='lat' dir='ltr'><strong>pro</strong></span> <span class='ocrx_word' id='word_1_233' title='bbox 662 4035 760 4122; x_wconf 89' lang='lat' dir='ltr'><strong>parto</strong></span> <span class='ocrx_word' id='word_1_234' title='bbox 777 4035 891 4100; x_wconf 88' lang='lat' dir='ltr'><strong>nostre</strong></span> <span class='ocrx_word' id='word_1_235' title='bbox 912 4028 1007 4100; x_wconf 91' lang='lat' dir='ltr'><strong>curie</strong></span> <span class='ocrx_word' id='word_1_236' title='bbox 1024 4027 1208 4118; x_wconf 86' lang='lat' dir='ltr'><strong>rationem,</strong></span> <span class='ocrx_word' id='word_1_237' title='bbox 1228 4049 1269 4099; x_wconf 90' lang='lat' dir='ltr'><strong>ac</strong></span> <span class='ocrx_word' id='word_1_238' title='bbox 1289 4035 1398 4099; x_wconf 89' lang='lat' dir='ltr'><strong>totum</strong></span> <span class='ocrx_word' id='word_1_239' title='bbox 1417 4027 1512 4122; x_wconf 93' lang='lat' dir='ltr'><strong>quod</strong></span> <span class='ocrx_word' id='word_1_240' title='bbox 1528 4050 1648 4124; x_wconf 92' lang='lat' dir='ltr'><strong>super·</strong></span> 
     </span>
     <span class='ocr_line' id='line_1_26' title="bbox 242 4146 1649 4246; baseline 0.006 -30"><span class='ocrx_word' id='word_1_241' title='bbox 242 4146 344 4218; x_wconf 83' lang='lat' dir='ltr'><strong>luerit</strong></span> <span class='ocrx_word' id='word_1_242' title='bbox 360 4149 539 4222; x_wconf 90' lang='lat' dir='ltr'><strong>ratiocinio</strong></span> <span class='ocrx_word' id='word_1_243' title='bbox 552 4150 682 4244; x_wconf 89' lang='lat' dir='ltr'><strong>posito,</strong></span> <span class='ocrx_word' id='word_1_244' title='bbox 703 4171 766 4246; x_wconf 89' lang='lat' dir='ltr'><strong>per</strong></span> <span class='ocrx_word' id='word_1_245' title='bbox 783 4172 863 4223; x_wconf 89' lang='lat' dir='ltr'><strong>eom</strong></span> <span class='ocrx_word' id='word_1_246' title='bbox 883 4149 944 4220; x_wconf 89' lang='lat' dir='ltr'><strong>tibi</strong></span> <span class='ocrx_word' id='word_1_247' title='bbox 957 4160 992 4222; x_wconf 89' lang='lat' dir='ltr'><strong>et</strong></span> <span class='ocrx_word' id='word_1_248' title='bbox 1004 4171 1065 4244; x_wconf 90' lang='lat' dir='ltr'><strong>per</strong></span> <span class='ocrx_word' id='word_1_249' title='bbox 1080 4149 1165 4221; x_wconf 87' lang='lat' dir='ltr'><strong>alios</strong></span> <span class='ocrx_word' id='word_1_250' title='bbox 1176 4149 1251 4221; x_wconf 88' lang='lat' dir='ltr'><strong>aliis</strong></span> <span class='ocrx_word' id='word_1_251' title='bbox 1265 4150 1458 4242; x_wconf 80' lang='lat' dir='ltr'><strong>assignetur</strong></span> <span class='ocrx_word' id='word_1_252' title='bbox 1471 4151 1507 4222; x_wconf 93' lang='lat' dir='ltr'><strong>in</strong></span> <span class='ocrx_word' id='word_1_253' title='bbox 1524 4151 1649 4224; x_wconf 89' lang='lat' dir='ltr'><strong>nostris</strong></span> 
     </span>
     <span class='ocr_line' id='line_1_27' title="bbox 242 4270 1649 4367; baseline 0.005 -27"><span class='ocrx_word' id='word_1_254' title='bbox 242 4270 360 4340; x_wconf 88' lang='lat' dir='ltr'><strong>erariis</strong></span> <span class='ocrx_word' id='word_1_255' title='bbox 385 4271 679 4362; x_wconf 88' lang='lat' dir='ltr'><strong>conservandum,</strong></span> <span class='ocrx_word' id='word_1_256' title='bbox 707 4273 831 4367; x_wconf 87' lang='lat' dir='ltr'><strong>prioris</strong></span> <span class='ocrx_word' id='word_1_257' title='bbox 854 4271 1007 4346; x_wconf 88' lang='lat' dir='ltr'><strong>mandati</strong></span> <span class='ocrx_word' id='word_1_258' title='bbox 1030 4273 1137 4344; x_wconf 88' lang='lat' dir='ltr'><strong>nostri</strong></span> <span class='ocrx_word' id='word_1_259' title='bbox 1166 4271 1228 4344; x_wconf 87' lang='lat' dir='ltr'><strong>tibi</strong></span> <span class='ocrx_word' id='word_1_260' title='bbox 1250 4283 1284 4345; x_wconf 87' lang='lat' dir='ltr'><strong>et</strong></span> <span class='ocrx_word' id='word_1_261' title='bbox 1308 4273 1384 4346; x_wconf 89' lang='lat' dir='ltr'><strong>aliis</strong></span> <span class='ocrx_word' id='word_1_262' title='bbox 1410 4274 1649 4347; x_wconf 87' lang='lat' dir='ltr'><strong>collectoribus</strong></span> 
     </span>
     <span class='ocr_line' id='line_1_28' title="bbox 241 4374 1745 4492; baseline 0.004 -29"><span class='ocrx_word' id='word_1_263' title='bbox 241 4379 378 4486; x_wconf 86' lang='lat' dir='ltr'><strong>propter</strong></span> <span class='ocrx_word' id='word_1_264' title='bbox 400 4374 469 4466; x_wconf 84' lang='lat' dir='ltr'><strong>boc</strong></span> <span class='ocrx_word' id='word_1_265' title='bbox 490 4395 585 4466; x_wconf 92' lang='lat' dir='ltr'><strong>missi</strong></span> <span class='ocrx_word' id='word_1_266' title='bbox 608 4395 804 4490; x_wconf 87' lang='lat' dir='ltr'><strong>peremnia</strong></span> <span class='ocrx_word' id='word_1_267' title='bbox 824 4395 950 4468; x_wconf 90' lang='lat' dir='ltr'><strong>intacto</strong></span> <span class='ocrx_word' id='word_1_268' title='bbox 968 4395 1003 4467; x_wconf 94' lang='lat' dir='ltr'><strong>in</strong></span> <span class='ocrx_word' id='word_1_269' title='bbox 1026 4395 1147 4468; x_wconf 87' lang='lat' dir='ltr'><strong>ceteris</strong></span> <span class='ocrx_word' id='word_1_270' title='bbox 1167 4407 1365 4469; x_wconf 88' lang='lat' dir='ltr'><strong>remanente</strong></span> <span class='ocrx_word' id='word_1_271' title='bbox 1383 4407 1512 4470; x_wconf 86' lang='lat' dir='ltr'><strong>tenore.</strong></span> <span class='ocrx_word' id='word_1_272' title='bbox 1538 4399 1649 4492; x_wconf 87' lang='lat' dir='ltr'><strong>Super</strong></span> <span class='ocrx_word' id='word_1_273' title='bbox 1741 4434 1745 4441; x_wconf 95' lang='lat'>·</span> 
     </span>
     <span class='ocr_line' id='line_1_29' title="bbox 241 4516 1649 4615; baseline 0.007 -31"><span class='ocrx_word' id='word_1_274' title='bbox 241 4533 333 4606; x_wconf 87' lang='lat' dir='ltr'><strong>quo,</strong></span> <span class='ocrx_word' id='word_1_275' title='bbox 355 4523 390 4588; x_wconf 90' lang='lat' dir='ltr'><strong>et</strong></span> <span class='ocrx_word' id='word_1_276' title='bbox 411 4516 628 4590; x_wconf 85' lang='lat' dir='ltr'><strong>collectorum</strong></span> <span class='ocrx_word' id='word_1_277' title='bbox 649 4527 683 4591; x_wconf 92' lang='lat' dir='ltr'><strong>et</strong></span> <span class='ocrx_word' id='word_1_278' title='bbox 705 4518 904 4591; x_wconf 89' lang='lat' dir='ltr'><strong>officialium</strong></span> <span class='ocrx_word' id='word_1_279' title='bbox 928 4517 1071 4590; x_wconf 85' lang='lat' dir='ltr'><strong>cuilibet</strong></span> <span class='ocrx_word' id='word_1_280' title='bbox 1091 4540 1153 4615; x_wconf 91' lang='lat' dir='ltr'><strong>pro</strong></span> <span class='ocrx_word' id='word_1_281' title='bbox 1171 4541 1209 4592; x_wconf 89' lang='lat' dir='ltr'><strong>se</strong></span> <span class='ocrx_word' id='word_1_282' title='bbox 1238 4519 1366 4594; x_wconf 84' lang='lat' dir='ltr'><strong>similes</strong></span> <span class='ocrx_word' id='word_1_283' title='bbox 1391 4521 1525 4593; x_wconf 87' lang='lat' dir='ltr'><strong>licteras</strong></span> <span class='ocrx_word' id='word_1_284' title='bbox 1542 4519 1649 4594; x_wconf 90' lang='lat' dir='ltr'><strong>desti·</strong></span> 
     </span>
    </p>
   </div>
   <div class='ocr_carea' id='block_1_6' title="bbox 283 4674 642 4757">
    <p class='ocr_par' dir='ltr' id='par_1_7' title="bbox 283 4674 642 4757">
     <span class='ocr_line' id='line_1_30' title="bbox 283 4674 642 4757; baseline 0.019 -22"><span class='ocrx_word' id='word_1_285' title='bbox 283 4674 326 4756; x_wconf 84' lang='grc' dir='ltr'>(ιι)</span> <span class='ocrx_word' id='word_1_286' title='bbox 347 4676 384 4738; x_wconf 83' lang='lat' dir='ltr'><strong>In</strong></span> <span class='ocrx_word' id='word_1_287' title='bbox 396 4680 537 4757; x_wconf 74' lang='lat' dir='ltr'><strong>impresso</strong></span> <span class='ocrx_word' id='word_1_288' title='bbox 551 4677 642 4743; x_wconf 66' lang='lat' dir='ltr'><strong>dcet.</strong></span> 
     </span>
    </p>
   </div>
   <div class='ocr_carea' id='block_1_7' title="bbox 0 0 2148 5908">
    <p class='ocr_par' dir='ltr' id='par_1_8' title="bbox 0 0 2148 5908">
     <span class='ocr_line' id='line_1_31' title="bbox 0 0 2148 5908; baseline 0 0"><span class='ocrx_word' id='word_1_289' title='bbox 0 0 2148 5908; x_wconf 95' lang='lat' dir='ltr'><strong> </strong></span> 
     </span>
    </p>
   </div>
  </div>
 </body>
</html>
