4278 5920
498 566 539 626 95
997 557 1213 616 vurcuutcl
1242 557 1416 618 SECUNDI
1726 562 1803 646 [buu.
1822 567 1908 632 1237.

498 697 642 771 ecclesie
651 691 837 790 capitulum
850 691 1015 766 devotum
1028 712 1108 762 com
1120 691 1333 764 orationibus
1346 692 1549 766 humilitatis
1560 715 1623 768 ene
1637 697 1907 798 inmolatumua).

498 820 665 914 Maiestati
682 827 795 890 vestre
817 816 986 889 duximus
1007 804 1236 886 intimandnm
1262 814 1358 908 quod
1376 817 1511 910 questio
1533 799 1716 912 quainter
1737 825 1911 898 Numbur·

498 965 637 1039 gensem
663 952 697 1015 et
714 941 899 1038 Cyzensem
922 939 1083 1011 ecclesias
1104 939 1304 1010 vertebatur
1322 961 1428 1034 snper
1453 944 1645 1016 reverentia
1667 967 1773 1038 quam
1797 949 1911 1020 Num-

497 1069 670 1160 burgense
692 1065 878 1158 capitulum
903 1063 998 1158 petiit
1020 1083 1040 1134 a
1061 1061 1203 1157 Cyzensi
1229 1071 1264 1132 et
1286 1083 1390 1156 super
1413 1063 1492 1154 jure
1519 1065 1710 1159 mettgendi
1734 1071 1909 1143 Numbur·

498 1213 638 1286 gensem
665 1189 865 1284 episcopum
896 1185 991 1280 quod
1018 1185 1118 1256 nobis
1147 1206 1227 1256 cum
1256 1183 1408 1279 capitulo
1437 1187 1692 1281 Numburgeusi
1718 1205 1911 1287 competere

497 1315 739 1400 credebamus,
761 1310 993 1382 mediantibus
1013 1309 1095 1380 viris
1112 1307 1271 1404 providis
1287 1319 1321 1379 et
1335 1307 1508 1392 honestis,
1523 1311 1685 1387 videlicet
1701 1317 1911 1410 Magdebur·

496 1438 591 1534 gensi
609 1435 880 1530 archiepiscopo,
898 1432 1037 1505 domino
1055 1434 1112 1503 W.
1131 1432 1328 1522 Mutinensi,
1344 1431 1373 1502 N
1376 1434 1612 1526 umburgensi,
1628 1439 1909 1534 Merseburgensi

497 1561 685 1657 episcopis,
708 1581 768 1654 per
792 1557 939 1630 arbitros
968 1555 1050 1627 binc
1076 1555 1159 1628 inde
1181 1557 1350 1630 electosa
1377 1557 1531 1652 partibus
1552 1570 1603 1632 est
1635 1559 1762 1636 decisa.
1789 1565 1909 1638 Forma

498 1684 630 1758 arbitrii
649 1683 714 1755 hec
738 1692 815 1753 est:

547 1834 565 1876 u
587 1809 651 1879 Ista
668 1815 719 1878 est
733 1807 841 1877 torma
857 1804 892 1874 in
911 1825 980 1896 qua
992 1824 1055 1875 sex
1074 1804 1191 1875 arbitri
1206 1803 1332 1898 pariter
1345 1815 1591 1878 consenserunt
1610 1833 1618 1877 ε
1638 1808 1799 1882 videlicet
1813 1811 1910 1905 quod

496 1932 690 2026 prepositus
701 1927 850 2000 Cicensie
864 1947 926 2022 pro
937 1948 975 1998 se
993 1937 1028 1998 et
1042 1927 1190 2022 capitulo
1203 1949 1268 2000 suo
1285 1929 1458 2000 renuntiet
1469 1931 1563 2000 omni
1574 1931 1645 2022 juri
1660 1932 1755 2024 quod
1767 1935 1910 2010 ecclesie

495 2054 625 2127 Cicensi
643 2051 847 2144 abantiquo
872 2050 1047 2144 competiit
1067 2053 1122 2122 vei
1140 2049 1268 2122 dicitur
1290 2053 1493 2146 competisse
1509 2054 1545 2124 in
1569 2055 1734 2128 electione
1757 2057 1911 2154 episcopi

494 2177 777 2271 Nuenburgensis
803 2185 838 2247 et
868 2176 1004 2267 injure
1028 2175 1260 2248 cathedratico
1287 2176 1362 2248 sive
1390 2177 1596 2250 cathedralis
1624 2181 1787 2268 ecclesie,
1811 2193 1846 2254 et
1873 2183 1909 2254 in

495 2303 692 2374 memoriam
717 2309 752 2372 et
769 2298 1039 2371 recordationem
1062 2299 1204 2392 antique
1230 2299 1441 2372 fundationis
1467 2300 1617 2374 Ciceneis
1643 2303 1787 2376 ecclesie
1811 2307 1910 2398 capi·

496 2423 605 2493 tutum
627 2421 899 2512 Nuenburgense
925 2417 1065 2512 recipiet
1081 2418 1117 2488 in
1137 2418 1288 2512 presenti
1311 2418 1486 2492 Cicensem
1504 2421 1714 2515 prepositum
1740 2423 1776 2494 in
1802 2444 1907 2497 canc·

495 2548 610 2618 nicom
633 2553 667 2616 et
693 2545 729 2614 in
753 2545 889 2614 fratrem
917 2543 1060 2613 ecclesie
1089 2541 1389 2636 Nuenburgensie,
1423 2543 1468 2615 ita
1494 2543 1589 2637 quod
1614 2545 1755 2617 liberam
1786 2547 1911 2620 babeat

494 2691 615 2743 vocem
628 2669 741 2742 dictus
755 2666 948 2761 prepositus
963 2666 1113 2737 Cir-ensis
1127 2666 1162 2736 in
1172 2667 1338 2739 electione
1354 2666 1505 2762 episcopi
1516 2668 1796 2762 Nuenbnrgensis
1805 2674 1910 2746 tercio

494 2797 585 2884 loco,
608 2793 675 2864 boc
699 2803 751 2864 est
772 2791 933 2862 continuo
958 2800 1035 2884 post
1058 2790 1242 2862 decanum.
1275 2791 1313 2862 In
1342 2791 1446 2863 choro
1473 2801 1587 2863 autem
1617 2793 1729 2864 iocum
1757 2795 1911 2869 obtineat

490 2923 592 3012 juxta
619 2915 829 3013 prepositum
859 2915 1168 3006 Nuenburgensem
1193 2913 1260 2985 nisi
1283 2915 1319 2984 in
1346 2915 1552 2987 stationibus
1577 2926 1612 2988 et
1636 2918 1910 3011 processionibus

494 3053 576 3114 tunc
602 3040 741 3113 babebit
769 3038 963 3134 proximum
988 3039 1102 3110 locum
1128 3047 1204 3132 post
1225 3037 1395 3110 decanum
1421 3041 1739 3133 Nuenburgensem.
1758 3043 1910 3118 Vacante

493 3175 608 3238 autem
632 3163 844 3260 prepositura
869 3161 1019 3246 Cicensi,
1046 3161 1201 3232 canonici
1230 3161 1387 3234 Cicenses
1414 3163 1564 3256 eligendi
1593 3164 1734 3236 liberam
1760 3165 1910 3240 babeant

492 3298 712 3385 potestatem,
732 3297 766 3358 et
784 3286 844 3379 qui
863 3284 964 3356 suerit
976 3286 1120 3368 eiectus,
1137 3283 1203 3355 hoc
1218 3284 1294 3378 ipso
1310 3285 1354 3355 sit
1372 3287 1559 3358 canonicus
1577 3286 1858 3380 Nuenburgensie
1874 3298 1909 3361 et

494 3409 702 3507 prebendam
718 3409 870 3482 obtineat
890 3407 1080 3479 decessoris
1097 3407 1164 3476 sui.
1182 3407 1400 3480 Prosentetur
1420 3419 1534 3480 autem
1556 3410 1706 3504 capitulo
1724 3411 1908 3483 Nuenbur·

493 3535 590 3630 gensi
604 3544 642 3606 ut
655 3533 839 3626 recipiatur
854 3530 1048 3603 airatribus
1068 3540 1103 3600 et
1118 3531 1272 3602 stalletur
1291 3531 1326 3600 in
1346 3529 1461 3603 choro.
1485 3532 1556 3603 Hac
1574 3541 1689 3603 autem
1706 3533 1817 3626 prima
1830 3533 1908 3606 vice

492 3658 686 3751 assignetur
703 3655 736 3728 ei
751 3653 927 3750 prebenda
938 3674 1007 3747 qne
1018 3663 1135 3739 vacat,
1152 3653 1198 3724 ita
1214 3663 1329 3726 mmen
1343 3653 1438 3747 quod
1456 3654 1485 3725 si
1500 3653 1662 3726 dominus
1679 3655 1756 3726 Otto
1776 3656 1908 3746 legatus

492 3781 635 3875 accipiet
654 3780 744 3851 hanc
765 3776 993 3874 prebendam,
1015 3776 1239 3872 provideatur
1261 3776 1354 3849 dicto
1376 3777 1549 3872 preposito
1569 3777 1700 3849 Cicensi
1723 3800 1785 3872 per
1805 3780 1908 3875 capi-

491 3906 602 3975 tulum
618 3903 890 3994 Nuenburgense
903 3901 939 3971 in
955 3899 1149 3972 redditibus
1161 3900 1265 3972 unius
1280 3897 1457 3995 prebende
1470 3921 1582 3994 usque
1596 3923 1668 3995 quo
1682 3901 1714 3972 ei
1732 3902 1907 3997 prebenda

491 4029 623 4120 integra
638 4026 843 4117 assignetur.
864 4023 1069 4096 observabit
1087 4033 1204 4096 autem
1220 4022 1335 4096 dictus
1357 4024 1552 4119 prepositus
1569 4021 1720 4095 Cicensis
1742 4025 1906 4098 honestas

491 4162 525 4226 et
543 4151 708 4222 hactenus
723 4147 928 4243 approbatas
943 4147 1212 4220 consuetudines
1235 4147 1379 4220 ecclesie
1400 4147 1704 4240 Nuenburgensis,
1728 4148 1775 4228 ita
1791 4159 1905 4222 tamen

490 4274 585 4369 quod
604 4273 650 4345 ad
667 4270 887 4344 residentiam
904 4271 1046 4343 minime
1060 4271 1300 4366 compellatur,
1321 4269 1384 4342 sed
1405 4280 1562 4343 teneatur
1581 4270 1708 4343 habere
1737 4272 1905 4344 vicarium

491 4399 525 4470 in
543 4395 688 4470 ecclesia
702 4393 913 4489 supradicta.
930 4395 1066 4466 Mortuo
1083 4403 1199 4467 autem
1220 4395 1392 4490 preposito
1414 4393 1568 4486 Cicensi,
1586 4395 1716 4466 tructus
1731 4397 1908 4498 prebende

533 4660 576 4742 (a)
596 4631 684 4740 Apud
697 4661 834 4739 Iapetum
838 4657 999 4739 faturum,
1019 4659 1107 4720 maie.
