4226 5900
508 577 570 638 464
1008 571 1223 634 FlllDElllCl
1247 571 1421 636 sacunnl
1730 579 1811 664 [bn.
1832 583 1917 646 19:39.

508 711 640 784 civitati
664 719 698 783 et
721 709 936 783 universitati
961 709 1063 783 lisine
1084 707 1205 782 datum
1228 731 1308 782 cum
1333 709 1494 784 omnibns
1519 712 1673 805 actibus,
1698 719 1918 793 manualibus

507 837 595 908 silve
610 835 828 930 Cestagnole,
848 855 928 906 oum
948 834 1021 906 suis
1037 831 1271 929 pertinentiis,
1292 833 1408 924 silvis,
1428 835 1527 908 terris
1548 837 1649 910 cultis
1666 847 1702 912 et
1720 839 1862 914 incultis
1884 854 1919 916 et

502 957 803 1050 jurisdictionibus
816 957 928 1054 plenis
942 964 977 1030 et
996 955 1137 1049 integris
1152 956 1308 1029 omnium
1333 957 1626 1053 supradictomm,
1648 970 1688 1033 nt
1702 962 1804 1036 ineis
1820 975 1856 1038 et
1873 965 1918 1039 de

506 1083 557 1154 eis
580 1081 711 1154 dictum
737 1102 920 1156 commune
943 1080 1086 1154 Esinrm
1113 1081 1242 1172 iacere,
1267 1089 1333 1154 etc.
1359 1082 1550 1174 Volumus,
1574 1093 1658 1176 eto,
1680 1084 1726 1157 ud
1754 1089 1918 1178 maimem

507 1203 711 1297 dignitatem
746 1205 895 1278 civitatis
926 1205 998 1278 lisii
1022 1202 1226 1278 confirmare
1254 1203 1351 1300 qnod
1375 1226 1559 1279 commune
1583 1206 1727 1280 asinum
1755 1209 1859 1303 plene
1885 1221 1919 1284 et

505 1329 611 1404 libere
632 1330 732 1403 iaciat
745 1352 848 1402 sunm
861 1329 1016 1426 regimen
1029 1329 1123 1403 intus
1141 1329 1334 1403 incivitate
1355 1339 1392 1404 et
1408 1339 1508 1404 extre
1521 1341 1557 1404 et
1568 1353 1629 1428 per
1641 1333 1843 1406 comitatum
1858 1357 1919 1431 per

506 1455 581 1526 loen
598 1452 751 1548 prediola
770 1463 805 1526 et
827 1453 1037 1550 ubicumque
1054 1453 1158 1526 babet
1176 1453 1271 1526 cives
1288 1453 1344 1526 vel
1362 1455 1559 1550 capellanos
1575 1477 1674 1548 snos,
1696 1465 1764 1530 etc.
1785 1458 1918 1534 Conce-

507 1575 622 1649 dimns
640 1577 781 1671 insuper
795 1585 829 1648 et
843 1576 971 1650 babere
988 1577 1218 1673 promittimus
1236 1576 1379 1672 quodsi
1405 1577 1523 1672 aliquo
1544 1587 1698 1674 tempore
1718 1581 1917 1674 compositio

506 1699 595 1772 inter
617 1699 797 1793 imperinm
823 1709 858 1773 et
876 1700 1061 1774 Ecclesiam
1082 1701 1321 1790 intervenerit,
1346 1701 1510 1775 videlicet
1528 1701 1626 1795 quod
1645 1701 1798 1774 blarcbin
1815 1704 1916 1776 resti·

507 1833 622 1895 tuetur
645 1825 815 1910 Ecclesie‚
844 1823 1005 1896 dominus
1035 1824 1220 1918 imperator
1248 1823 1432 1898 biarchiam
1463 1827 1635 1920 preistnm
1663 1828 1757 1900 nulla
1786 1829 1917 1900 ratione

506 1949 659 2020 restituet
674 1949 740 2020 nisi
755 1948 851 2042 prius
866 1947 1019 2020 Ecclesia
1036 1969 1176 2044 presens
1192 1949 1412 2046 privilegium
1428 1949 1652 2024 universitati
1663 1950 1768 2024 mino
1782 1951 1917 2024 anobis

506 2070 678 2142 indultum
697 2079 809 2143 ratum
828 2079 862 2143 et
883 2069 1021 2154 minum
1042 2080 1210 2170 perpetuo
1226 2073 1353 2147 babere
1370 2075 1560 2170 promittat.
1583 2075 1629 2146 Et
1652 2083 1692 2146 nt
1712 2073 1777 2147 bec
1800 2071 1916 2146 omnia

506 2194 541 2265 in
557 2203 763 2290 perpetuum
779 2193 877 2268 firma
894 2205 929 2267 et
946 2195 1075 2268 illibata
1090 2204 1332 2292 permancant,
1351 2217 1496 2292 presens
1512 2197 1691 2292 scriptum,
1709 2205 1775 2268 etc.

554 2319 677 2391 Datum
697 2320 733 2390 in
757 2321 877 2392 castris
889 2321 994 2412 juxta
1011 2319 1142 2392 llnmeu
1163 2321 1321 2394 Moxonis
1338 2320 1384 2395 de
1408 2321 1573 2394 comitatu
1590 2320 1806 2408 Auximum,
1826 2344 1916 2396 anno

504 2441 551 2512 M.
566 2440 628 2513 CC.
644 2442 802 2529 XXXIX,
821 2463 939 2514 mense
955 2441 1118 2514 octobris.

412 3040 423 3072 .
555 2975 786 3084 Friderious,
815 2974 1075 3058 Romanorum
1110 2975 1331 3082 imperator,
1360 2975 1442 3084 regi
1475 2973 1637 3084 Angliee
1666 2975 1813 3058 sororio
1845 3000 1915 3058 sno

341 3095 394 3127 '⁶⁶¹¹
415 3096 455 3181 'i’
502 3111 632 3194 scribit
659 3111 769 3193 vnlde
797 3109 943 3192 mirans
970 3107 1075 3218 qnod
1105 3108 1331 3191 sententium
1357 3107 1398 3188 iu
1431 3133 1472 3190 se
1503 3135 1527 3190 a
1558 3133 1658 3216 popa
1687 3107 1808 3190 latam
1836 3133 1914 3191 110ss

503 3243 627 3326 solnm
659 3243 699 3324 in
733 3267 852 3354 regno
880 3267 950 3326 sno
980 3239 1168 3348 publiceri
1197 3240 1433 3348 permiserit,
1467 3241 1536 3322 sed
1568 3241 1683 3323 etiam
1714 3241 1914 3349 pecuniam

501 3387 632 3460 contre
650 3401 690 3458 sc
708 3375 936 3480 ministrari,
955 3373 1058 3456 unde
1076 3372 1255 3456 nuntium
1276 3373 1415 3481 mittit,
1443 3397 1533 3456 cnm
1559 3373 1697 3457 certior
1718 3399 1801 3456 esse
1826 3373 1915 3457 velit

502 3535 525 3590 n
542 3509 681 3620 quibus
699 3507 834 3590 debeat
851 3515 1046 3615 expectare
1063 3505 1266 3588 eonsilium
1289 3517 1327 3588 et
1345 3531 1369 3587 n
1385 3505 1530 3615 quibus
1549 3505 1598 3587 sit
1614 3505 1842 3589 cavendnm.

584 3681 676 3760 (snit.
692 3699 740 3760 ap.
759 3681 861 3742 nram.
877 3681 996 3754 Penus„
1011 3679 1121 3741 Hister.
1134 3679 1205 3760 nraj.
1220 3675 1356 3760 Anplor„
1371 3697 1403 3756 p.
1427 3687 1579 3752 ato-stt,
1595 3685 1625 3740 et
1637 3696 1688 3756 up.
1704 3681 1828 3758 ltrunn,
1840 3677 1913 3739 Foc-

620 3789 691 3852 dera
703 3797 731 3852 et
744 3789 892 3860 eonem..
905 3795 929 3848 t.
941 3789 968 3866 Ι,
979 3789 1174 3868 p.1tl,notls
1183 3786 1398 3866 chronologicis
1408 3789 1526 3849 omissis
1537 3803 1614 3866 quae
1623 3793 1725 3848 nmen
1738 3803 1777 3847 ex
1791 3787 1914 3864 epistole

622 3897 756 3974 sequenti
768 3891 967 3974 supplentur.)

552 4042 765 4130 Fredericns‚
783 4041 846 4114 llei
860 4040 970 4134 gratia
984 4041 1214 4113 Romanorum
1228 4041 1413 4137 imperator
1430 4062 1568 4138 sempor
1584 4049 1771 4135 augustus,
1792 4039 1913 4112 lliern·

503 4170 608 4242 selem
630 4177 664 4240 et
677 4167 790 4239 Sicilie
805 4187 885 4257 rex,
908 4165 1031 4236 illustri
1052 4165 1126 4258 regi
1146 4164 1338 4260 Anglorum
1360 4165 1506 4240 salntem
1520 4175 1555 4239 et
1572 4165 1706 4240 sincere
1721 4161 1912 4237 dilectionis

501 4295 674 4366 ellectum.
699 4290 784 4364 Com
802 4289 889 4362 inter
909 4308 1008 4382 reges
1024 4287 1118 4360 orbis
1134 4297 1169 4360 ct
1183 4288 1356 4384 principes
1372 4287 1522 4362 affinitas
1538 4288 1720 4362 'interilum
1736 4293 1771 4359 et
1791 4284 1914 4358 mabi-

501 4417 656 4489 monium
674 4413 898 4504 contrahitur,
921 4420 1015 4486 tanto
1030 4411 1140 4506 magis
1156 4411 1245 4486 inter
1259 4433 1319 4487 eos
1342 4413 1479 4487 affectio
1499 4411 1604 4486 debet
1628 4414 1685 4484 vel
1701 4411 1785 4483 nnio
1801 4409 1914 4505 potins

502 4539 648 4612 suboriri
664 4545 794 4632 quanto
817 4537 963 4628 majores
985 4533 1062 4606 aliis
1082 4545 1116 4607 et
1137 4535 1174 4605 in
1188 4535 1368 4608 altioribus
1382 4535 1488 4630 positi
1510 4532 1662 4630 speculis
1684 4531 1910 4625 dignitatum,

503 4664 667 4734 virtutum
684 4659 902 4733 inferioribus
916 4657 1043 4732 debent
1056 4657 1216 4754 exemplo
1232 4657 1426 4755 porrigere,
1444 4666 1645 4753 quantoque
1658 4677 1721 4752 per
1733 4653 1913 4728 unanimes
