4278 5920
218 615 313 676 buter.
332 611 394 696 ll.]
666 608 860 672 itisvoain
884 609 1176 672 uiatoilnvica

452 923 1395 936 ——n-—m—n-a—un—-G-n——n—-ssm—

272 1230 473 1342 Encycliea
495 1235 546 1316 ad
564 1235 693 1318 fideles
715 1236 863 1344 imperii
885 1237 1002 1318 missa
1020 1263 1098 1346 qua
1116 1237 1248 1318 Petrus
1266 1237 1314 1318 de
1332 1235 1460 1318 Vincis
1479 1235 1633 1346 (Vinea)
1680 1261 1824 1316 imaue

221 1374 374 1446 enarrat
395 1366 613 1451 conflictum
639 1368 998 1474 Mediolanensium,
1029 1369 1242 1476 captionem
1268 1395 1404 1451 currus
1432 1395 1475 1450 ac
1497 1378 1633 1476 potes-

220 1496 310 1578 tatis
346 1500 587 1608 eorumdem,
626 1511 663 1584 et
693 1501 964 1612 triumphalem
1001 1503 1104 1610 apud
1138 1503 1365 1585 Cremonam
1396 1500 1635 1609 imperatoris

221 1653 418 1737 pompam.

307 1856 402 1935 (Edit.
422 1874 472 1936 ap.
489 1859 574 1920 Petri
590 1857 625 1920 de
646 1859 977 1938 Vin.it'pat.,iib.11,
999 1877 1060 1938 cap.
1081 1863 1111 1932 1;
1136 1877 1216 1922 nunc
1238 1860 1306 1921 coli.
1331 1876 1400 1920 cum
1420 1858 1569 1920 codicibus
1583 1861 1637 1920 Bl-

346 1963 451 2024 biiotb.
477 1965 575 2026 Cesar.
596 1967 690 2028 Parte.
710 1963 808 2026 Foeda
826 1967 861 2028 S.
882 1965 978 2027 Germ
1003 1964 1131 2044 Harley,
1147 1977 1182 2026 n·
1195 1975 1269 2039 455,
1286 1963 1413 2046 etsoadr
1424 1965 1636 2044 diotre-Darae,

346 2078 380 2128 n·
392 2078 464 2142 20²,
479 2075 511 2130 ct
524 2071 589 2132 eod.
605 2072 774 2146 Bodleiano,
789 2082 820 2132 n·
838 2071 919 2150 iae.)

276 2285 418 2356 Excitet
442 2286 515 2377 jam
541 2285 672 2358 romani
701 2285 835 2380 imperii
862 2287 1021 2376 culmen,
1053 2297 1088 2358 et
1112 2307 1174 2382 pro
1202 2285 1287 2358 tanti
1309 2285 1451 2357 victoria
1475 2285 1641 2381 principis

231 2407 384 2480 muudus
399 2407 550 2501 gaudeat
564 2409 758 2482 universus.
776 2410 965 2482 Erubescat
980 2410 1097 2482 illicita
1113 2409 1381 2482 bombardorum
1394 2409 1551 2496 societas,
1563 2429 1642 2482 con·

233 2530 398 2603 landatur
415 2532 552 2604 rebeliis
569 2531 724 2624 iuaania,
745 2543 780 2605 et
795 2554 858 2628 pro
882 2543 974 2606 tanta
988 2535 1111 2628 stragis
1128 2533 1249 2620 exitio,
1266 2533 1396 2604 inimici
1414 2533 1534 2628 populi
1552 2554 1643 2606 con-

230 2655 440 2728 tremiscant.
462 2655 525 2726 Pre
537 2656 699 2728 omnibus
715 2665 828 2728 tamen
849 2657 968 2729 iniciix
986 2656 1218 2730 Mediolanum
1236 2655 1437 2750 ingemiscat
1453 2667 1487 2728 et
1504 2655 1640 2745 doleat,

230 2787 265 2850 et
281 2799 397 2850 amara
410 2788 609 2875 prorumpat
625 2779 660 2850 in
680 2780 874 2875 lachrymas
893 2780 939 2852 de
952 2781 1055 2852 tantis
1071 2780 1260 2852 occisorum
1278 2779 1425 2852 catervis
1445 2779 1590 2850 miiitum
1609 2790 1645 2852 et

232 2903 362 2976 civium
378 2904 605 2998 captivorum,
618 2912 683 2976 eta
696 2901 799 2976 modo
811 2903 931 2974 mundi
945 2902 1087 2976 obedire
1099 2901 1149 2998 (a)
1163 2901 1304 2974 domino
1316 2909 1500 2973 assuescat.
1515 2902 1644 2973 Verum

232 3027 378 3121 qualiter
402 3026 536 3099 hostilis
562 3026 742 3120 sauguinis
764 3027 907 3098 ilumiua
929 3027 1091 3099 Cesareos
1114 3026 1293 3097 tinxerunt
1315 3025 1467 3118 gladios,
1499 3025 1646 3118 qualiter

233 3149 392 3221 inimicos
410 3161 552 3223 cunctos
575 3149 789 3245 imperatoris
808 3150 958 3244 potentia
982 3149 1255 3244 expugnaverit,
1275 3148 1438 3221 audiatis.
1460 3148 1646 3242 Postquam

235 3273 404 3344 mirabilis
430 3273 590 3345 machina
615 3274 740 3346 bloutis
765 3274 853 3345 Clari
873 3275 988 3346 mania
1010 3295 1089 3346 cum
1114 3273 1285 3344 trabuccis
1309 3281 1344 3344 et
1365 3272 1647 3346 instructionibus

234 3395 310 3468 aliis
329 3397 566 3488 tormentavit,
585 3407 619 3469 et
633 3407 816 3493 postquam
832 3397 1054 3491 irreparabile
1070 3397 1258 3470 Brixicnsia
1278 3396 1429 3490 regionis
1447 3396 1646 3470 incendium

236 3521 362 3592 multos
378 3521 518 3608 termit3
537 3520 864 3612 Mediolanensibus,
885 3521 1104 3606 Placentinis,
1117 3529 1151 3592 ct
1162 3541 1281 3592 eorum
1295 3520 1505 3610 fautoribus,
1524 3519 1586 3614 qui
1601 3519 1647 3592 ad

235 3645 478 3716 Brixianorum
503 3645 675 3717 auxilium
705 3653 889 3736 venerant,
915 3642 1016 3715 Cesar
1048 3643 1260 3738 procedebat
1292 3643 1448 3716 ierocitcr
1474 3665 1554 3714 cum
1585 3663 1649 3715 suo

238 3768 395 3840 exercitu
409 3768 563 3841 obviare.
580 3767 665 3840 Cum
680 3790 765 3840 vero
781 3767 827 3840 ad
840 3768 957 3840 Pontis
972 3767 1048 3840 Vici
1062 3768 1195 3840 veniret
1213 3765 1347 3862 predia,
1358 3765 1450 3838 idem
1467 3767 1650 3859 imperator

239 3891 485 3984 magnanimus
507 3900 766 3964 castrametatus
784 3901 836 3964 ast
852 3893 953 3984 juxta
978 3890 1156 3986 temptoria
1172 3889 1319 3980 inimici,
1338 3889 1384 3962 ita
1405 3889 1503 3983 quod
1521 3890 1650 3962 utrius-

240 4035 310 4108 que
336 4014 444 4110 partis
469 4015 670 4110 positionem
694 4015 866 4088 exercitus
891 4013 1043 4109 quedam
1066 4036 1157 4108 aqua
1183 4014 1326 4086 minima
1350 4012 1529 4086 dividebat
1557 4014 1650 4085 :ubi

241 4138 477 4232 multiplicatis
502 4139 636 4211 viribus
663 4139 803 4212 Cesarea
826 4139 1025 4231 majestatie,
1042 4138 1088 4211 ad
1105 4136 1283 4210 miscenda
1306 4137 1413 4233 prelia
1436 4147 1509 4210 erat
1526 4137 1651 4212 avidus

242 4259 436 4356 imperator.
454 4261 523 4336 Sed
538 4285 616 4335 cum
632 4263 775 4336 rebellas
792 4264 947 4337 inimicos
966 4263 1076 4335 voluit
1093 4261 1258 4356 aggredi,
1277 4262 1385 4334 hostis
1401 4261 1647 4358 pusillanimis,

243 4406 362 4480 pugna
388 4385 580 4458 formidans
600 4386 818 4477 discrimina,
842 4388 879 4460 in
901 4387 1032 4478 stagnis
1059 4386 1378 4479 circumiacentibus
1400 4407 1439 4458 aa
1462 4385 1648 4477 conclusit,

242 4511 341 4602 cujus
361 4509 519 4582 obstante
539 4511 751 4600 munimine,
770 4510 906 4605 penitus
926 4509 1048 4584 ordine
1070 4510 1150 4584 balli
1169 4530 1239 4582 non
1259 4518 1391 4605 poterat
1406 4509 1540 4581 insiliri.
1557 4510 1650 4582 Tau·

284 4697 326 4779 (a)
347 4698 427 4760 Alibi
438 4697 549 4760 ιιώιιιι
562 4699 610 4762 vei
622 4697 777 4761 medere.

321 4803 361 4867 V·
1455 4815 1491 4867 18
