4246 5906
209 598 308 658 iunior.
328 594 392 672 le]
665 590 860 652 HISTORIA
886 588 1178 652 DinObiA'l'lGA.
1567 588 1628 648 525

210 729 259 810 de
276 724 418 812 exeniis
434 726 491 806 ad
506 723 653 806 onnam
668 724 810 828 missis,
827 724 876 806 de
893 722 1120 806 victualibus
1136 722 1264 806 curiae
1282 721 1321 802 in
1338 721 1520 804 barbaria
1537 749 1629 806 ven-

211 859 347 942 dendis
365 866 408 940 ut
425 856 597 964 leopardi
624 866 662 938 et
680 855 777 966 pulli
794 856 924 966 equini
943 858 992 938 de
1012 858 1173 965 pecunia
1195 855 1409 964 recipienda
1433 866 1624 939 emantur.

255 995 262 1029 ἱ
294 1059 423 1140 (Repert.
436 1058 540 1138 imper.
557 1054 677 1118 Freder.
694 1056 735 1134 11,
747 1055 800 1118 foi.
814 1065 852 1118 28
865 1063 961 1131 reeto;
975 1058 1007 1116 in
1017 1057 1089 1117 edit.
1104 1056 1241 1127 Germa..
1256 1072 1286 1132 p.
1303 1055 1388 1135 eto.)

260 1233 308 1302 De
323 1230 495 1326 imperiali
510 1229 667 1302 modste
684 1231 775 1319 sacto
792 1250 856 1322 per
877 1229 1080 1322 maqistrrtm
1097 1229 1135 1299 R.
1158 1227 1198 1300 de
1221 1225 1373 1320 Trojecto
1390 1231 1519 1324 scripsit
1533 1233 1625 1304 Lou-

210 1358 370 1428 rectior:

259 1477 478 1568 Fredericus,
510 1485 593 1566 etc,
625 1474 769 1548 Paulino
803 1473 847 1546 de
875 1475 996 1564 Melta,
1027 1485 1093 1548 ete.
1124 1475 1274 1548 Licteras
1303 1483 1397 1565 tuas,
1426 1486 1493 1549 etc.
1525 1477 1626 1562 Quod

210 1612 349 1691 autem,
371 1601 462 1674 sicat
479 1621 542 1694 per
563 1599 701 1672 easdem
730 1599 866 1672 lieteras
885 1599 1068 1689 intimasti,
1090 1599 1136 1672 ad
1161 1600 1311 1672 erarium
1334 1609 1489 1674 nostrum
1512 1601 1627 1676 Meifie

210 1725 400 1822 qnamdam
414 1746 585 1798 summam
603 1723 751 1818 pecunie
770 1723 986 1796 transmisisti
1007 1723 1052 1796 de
1075 1723 1301 1818 proventibus
1318 1725 1413 1798 curie
1432 1735 1547 1799 nostre
1564 1728 1626 1821 qui

210 1857 292 1921 sunt
306 1870 369 1945 per
383 1869 506 1920 manns
521 1855 612 1937 tnas,
631 1856 667 1919 et
683 1847 832 1920 camelos
845 1855 922 1920 octo
936 1846 984 1918 ad
995 1868 1084 1943 opns
1098 1845 1193 1918 curie
1206 1855 1320 1920 nostre
1327 1849 1513 1940 justitiario
1525 1850 1626 1946 Capi·

210 1975 336 2064 tinate,
360 1993 402 2044 ac
420 1972 509 2044 duos
532 1970 713 2066 leopardos
737 1970 845 2042 fecisti
866 1970 1088 2066 leoparderiis
1106 1971 1231 2043 nostris
1250 1972 1392 2046 Luceria
1412 1975 1627 2048 morantibus

209 2096 393 2192 assignari,
409 2098 521 2190 placet
529 2095 630 2167 nobis
641 2103 676 2168 et
689 2104 785 2168 tuam
797 2094 1065 2168 sollicitudinem
1077 2095 1372 2168 commendamus.
1388 2097 1439 2168 De
1447 2099 1563 2190 joettis
1574 2099 1626 2196 (t)

209 2230 327 2293 autem
346 2241 435 2315 quas
451 2219 551 2292 nobis
565 2239 628 2314 pro
643 2228 743 2313 parte
758 2226 819 2290 tua
833 2227 914 2289 tuns
925 2218 1069 2290 nuntius
1085 2219 1313 2313 presentavit,
1334 2218 1545 2312 gratificatur
1563 2221 1625 2294 tibi

210 2355 326 2419 nostre
343 2344 454 2437 gratia
472 2344 680 2438 majestatis,
707 2342 795 2414 dnm
809 2341 962 2415 ostendis
985 2351 1019 2414 te
1042 2341 1207 2415 danobis
1232 2341 1384 2416 debitam
1404 2352 1438 2416 et
1455 2367 1560 2439 quam
1581 2345 1626 2420 de

209 2467 305 2544 fideli
328 2489 508 2564 speramns
528 2467 730 2540 memoriam
754 2467 915 2540 retinere.
943 2465 1149 2540 Mandamns
1168 2467 1274 2560 igitur
1295 2467 1391 2562 quod
1417 2470 1452 2540 in
1476 2472 1626 2545 servitiis

210 2592 337 2667 nostris
353 2602 387 2666 te
400 2613 519 2688 gerere
533 2590 676 2664 studeas
689 2589 836 2663 fideliter
848 2599 884 2664 et
895 2589 1094 2686 prudenter,
1111 2599 1146 2662 et
1159 2591 1324 2685 deinceps
1333 2593 1515 2686 pecuniam
1530 2595 1627 2667 curie

209 2727 326 2791 nostre
344 2717 547 2790 custodibus
565 2716 736 2810 generalis
758 2715 859 2786 erarii
881 2716 989 2788 nostri
1007 2717 1103 2810 qnod
1122 2727 1175 2788 est
1191 2717 1227 2788 in
1243 2725 1355 2789 castro
1370 2717 1556 2792 Salvatorie
1578 2718 1626 2792 ad

208 2842 302 2914 Mare
317 2842 421 2933 juxta
439 2839 618 2935 Neapolim
638 2840 782 2912 mistere
796 2839 937 2913 studeas
960 2848 994 2911 et
1015 2839 1121 2912 facias
1137 2841 1319 2935 assignari.
1338 2840 1492 2914 Camelos
1508 2852 1625 2916 autem

210 2987 359 3059 qnorum
380 2964 452 3038 duo
470 2975 552 3037 sunt
568 2963 713 3037 masenii
739 2973 775 3036 et
798 2985 869 3037 nna
891 2963 1018 3036 femina
1039 2984 1127 3057 quos
1150 2973 1234 3059 aput
1256 2965 1394 3038 Maitam
1420 2967 1569 3040 retinere
1590 2976 1625 3042 te

208 3087 299 3162 dicis
310 3110 372 3184 pro
386 3087 466 3161 filiis
476 3086 714 3185 procreandis,
731 3087 838 3159 iacias
849 3085 1033 3178 custodiri;
1050 3087 1096 3160 de
1107 3087 1316 3160 victualibus
1326 3089 1421 3163 curie
1435 3098 1550 3161 nostre
1562 3090 1625 3162 tibi

208 3213 414 3286 mandantes
440 3222 479 3284 nt
495 3211 639 3284 munitis
664 3210 788 3282 castris
806 3219 841 3283 et
863 3211 941 3283 aliis
965 3213 1089 3283 nostris
1109 3212 1259 3284 servitiis
1284 3211 1365 3284 inde
1380 3212 1566 3300 faciendis,
1586 3224 1625 3286 ut

207 3337 368 3432 expedit,
382 3336 567 3427 ordinatis,
587 3334 624 3408 id
638 3334 732 3430 quod
746 3336 915 3428 supererit
931 3335 1053 3407 mistas
1067 3335 1103 3406 in
1121 3336 1317 3409 Barbariam
1335 3337 1381 3408 ad
1398 3337 1624 3411 vendendum

208 3461 301 3535 etde
317 3471 455 3557 recepta
471 3483 517 3535 ex
535 3483 579 3534 eo
599 3460 768 3556 pecunia,
787 3459 970 3556 leopardos
987 3471 1022 3532 et
1038 3461 1152 3555 pullos
1169 3462 1314 3556 equinos
1329 3463 1374 3534 de
1389 3462 1519 3536 Bareba
1532 3465 1624 3536 bene

207 3585 380 3658 alliniatos
404 3585 510 3658 iacias
531 3585 601 3657 emi
627 3584 674 3656 ad
697 3605 786 3680 opus
813 3593 989 3674 nostrum,
1017 3605 1147 3678 eosque
1172 3583 1219 3657 ad
1239 3585 1447 3679 presentiam
1472 3596 1622 3658 nostram

207 3708 341 3781 mistas.
458 3765 465 3774 .
1207 3759 1210 3766 .

256 3831 381 3905 Datum
396 3831 771 3930 apndbaudam,XX1
788 3832 1004 3924 novembris,
1022 3831 1098 3903 Xlll
1115 3831 1325 3906 indictionis.

431 4114 1400 4130 u-..w--n--ffl—--n-——ffl

259 4351 433 4463 Gregorii
455 4352 506 4436 IX
527 4352 669 4435 summi
691 4350 882 4461 pontificis
912 4351 1092 4461 epistolae
1120 4353 1170 4436 ad
1197 4353 1397 4438 Albertum
1423 4357 1621 4442 archidia—
1653 4362 1824 4463 „¹;·,‘,‘gg¹,¹;„

239 4610 276 4684 (tt
293 4610 401 4683 Legitur
414 4607 543 4666 tamenin
556 4607 678 4680 margine
695 4625 702 4663 :
721 4628 734 4661 r
751 4608 790 4665 De
801 4609 941 4666 XXXIII
951 4607 1142 4682 cupurtoiibur
1155 4611 1247 4666 missis
1260 4612 1291 4667 io
1302 4613 1440 4670 eoeerrium.
1456 4614 1557 4672 »Unde
1567 4632 1621 4674 non

204 4707 368 4766 credendum
381 4706 454 4781 quod
464 4707 499 4765 de
511 4705 643 4779 joceiibus
656 4705 699 4762 bic
711 4712 814 4779 agatur.
