4246 5906
217 653 313 712 luntas.
332 645 392 730 [3.]
664 641 860 706 HISTORIA
884 640 1176 703 utetotttsttcst.
1564 639 1624 702 stt

266 783 444 856 tantone
455 778 584 852 domitto
591 779 787 872 imperatore
792 799 856 874 per
866 777 1063 871 mepistrmm
1071 774 1269 848 Ilicccrdum
1280 773 1320 845 de
1332 775 1482 866 Trcjecto
1494 775 1626 868 scripsit

218 910 368 980 cetarius
386 905 543 999 Reperiam
559 903 599 976 de
612 901 773 975 memo:

266 1027 484 1119 Freden'cus,
505 1036 588 1115 etc,
608 1027 753 1099 Henrieo
771 1023 894 1097 Abbati
912 1033 947 1096 et
960 1023 1072 1116 judici
1092 1021 1219 1116 Majore
1236 1019 1300 1116 (a).
1324 1019 1476 1110 Benigne
1499 1021 1628 1114 recepit

218 1152 382 1227 serenitas
399 1159 530 1238 nostra,
550 1158 617 1221 etc.
638 1149 690 1222 De
713 1169 756 1220 eo
774 1168 857 1220 vero
876 1145 973 1241 quod
989 1146 1035 1220 de
1054 1165 1196 1219 accessu
1219 1153 1335 1216 vestro
1360 1142 1405 1214 ad
1422 1143 1626 1236 presentiam

219 1286 369 1350 nostram
393 1275 481 1347 scire
505 1271 637 1368 petistis
660 1279 776 1344 nostre
798 1270 1051 1365 beneplacitum
1075 1267 1281 1355 veluntatis,
1301 1266 1508 1339 mandamns
1530 1266 1628 1338 vobis

219 1409 389 1496 quatenus
406 1398 539 1472 felicem
559 1397 747 1470 adrentum
767 1402 923 1468 nostrum
948 1393 1042 1488 apud
1060 1393 1155 1464 Pisas
1178 1390 1366 1486 expectetis
1384 1411 1464 1462 cnm
1482 1389 1629 1484 pecuale

220 1535 254 1599 et
273 1523 378 1598 rebus
399 1522 475 1595 aliis
491 1541 580 1616 quae
597 1519 768 1615 portastis.
785 1518 924 1591 Interim
943 1525 1058 1590 tamen
1075 1515 1242 1588 studeatis
1256 1513 1384 1586 habere
1399 1513 1579 1608 saggitiam
1597 1523 1631 1586 et

221 1647 337 1741 galeas
341 1697 513 1718 .....
535 1643 686 1716 sellerias
709 1651 745 1714 et
769 1641 966 1714 convocatis
986 1639 1088 1736 ipsis,
1108 1649 1148 1710 ut
1169 1639 1205 1710 in
1223 1639 1272 1711 ele
1295 1659 1350 1711 res
1367 1637 1518 1732 quedam
1537 1637 1631 1708 curie

221 1782 336 1842 nostre
354 1767 479 1840 deterri
497 1768 635 1839 valeant
648 1764 843 1859 Neapolim.

269 1893 395 1965 Datum
413 1891 552 1981 Parme,
566 1892 595 1962 v
610 1887 663 1986 (l)
677 1887 891 1978 decembris,
910 1885 987 1960 XIII
1007 1885 1221 1960 indictionis.

931 2129 1422 2144 -ι-ι--ι--ιυ--ο-ο-ι--μ-ιι

274 2311 494 2404 Maudatum
531 2317 581 2400 ad
625 2316 836 2400 Iohannem
879 2315 927 2398 de
970 2313 1241 2398 Geletabelleta
1276 2323 1313 2398 et
1343 2312 1548 2396 Henricum
1586 2311 1635 2394 de

225 2449 387 2537 Macaria
404 2460 448 2532 ut
464 2448 675 2558 principem
699 2448 802 2557 apud
821 2447 927 2534 Pisas
945 2456 1152 2556 expectent.

304 2629 429 2711 (Itepmt.
441 2630 545 2709 imper.
558 2625 678 2690 metm
693 2625 734 2704 11,
746 2625 800 2689 Iol.
817 2635 854 2688 eo
866 2641 966 2699 rerem
979 2627 1010 2686 In
1022 2625 1094 2686 edlt.
1108 2625 1246 2699 Curcum,
1263 2641 1293 2704 p.
1308 2623 1394 2706 aso.)

272 2781 322 2853 De
335 2779 507 2875 imperiali
522 2777 678 2851 muadme
693 2779 828 2873 scripsit
841 2776 930 2848 idem
944 2777 986 2848 Ii.
1004 2776 1044 2847 de
1063 2775 1200 2847 meato
1220 2803 1230 2847 :

272 2903 493 2990 modericus,
516 2912 599 2991 ete,
615 2902 761 2974 Iohanni
781 2900 826 2975 de
840 2899 1081 2973 Calatabellota
1100 2907 1134 2972 et
1152 2899 1299 2972 Henrico
1318 2897 1363 2972 de
1381 2897 1548 2990 Muzaria,
1567 2907 1632 2972 etc.

224 3027 459 3100 Intelleximus
473 3047 537 3099 vos
554 3047 634 3099 cnm
648 3025 771 3120 pannis
789 3023 907 3097 serleis
922 3021 1082 3115 etjoettis
1100 3022 1178 3095 aliis
1197 3043 1285 3116 quas
1303 3043 1447 3118 pervus
1465 3022 1636 3096 Obbertns

224 3149 505 3225 Fallamonachus
523 3158 676 3222 secretus
692 3148 869 3239 Panormi,
889 3145 1000 3219 fidelis
1018 3155 1151 3236 noster,
1172 3147 1264 3218 misit
1281 3146 1484 3220 excellentie
1502 3156 1633 3237 nostre,

225 3276 424 3370 pervenisse
445 3273 540 3370 apud
565 3273 679 3359 Pisas,
700 3283 734 3344 et
758 3271 841 3365 qnia
861 3291 982 3342 sumus
1011 3271 1047 3341 in
1074 3270 1230 3364 procintu
1250 3269 1383 3344 itineris
1405 3269 1567 3344 veniendi
1591 3251 1637 3345 ad

224 3407 339 3494 partes
351 3397 456 3492 ipsas,
473 3394 679 3468 mandamus
695 3395 795 3467 vobis
807 3403 979 3488 qnatenus
996 3393 1130 3466 felicem
1143 3395 1330 3466 adventum
1345 3403 1499 3466 nostrum
1512 3417 1636 3490 expec-

224 3521 302 3594 tetis
331 3521 368 3592 in
398 3519 491 3592 Pisas
518 3540 598 3591 curn
624 3517 728 3590 rebus
754 3518 915 3590 omnibus
938 3539 1026 3612 ques
1050 3517 1229 3612 portastis,
1258 3517 1409 3591 babituri
1436 3518 1635 3613 diligentem

225 3643 416 3718 custodiam
433 3642 477 3716 de
493 3641 596 3715 rebus
612 3641 708 3736 ipsis.

273 3769 397 3840 Datum
415 3767 552 3858 Parme,
571 3766 602 3838 V
619 3763 832 3857 decembris,
852 3765 931 3838 XIII
948 3764 1157 3839 indictionis.

267 3915 310 3996 (a)
330 3917 533 3977 verisimiliter
546 3915 741 3994 legendumet
759 3914 982 3996 Intelligendum
992 3912 1090 3994 judici
1099 3914 1207 3996 Mcjurs'
1219 3912 1432 3994 deleomatio,
1446 3917 1484 3979 de
1498 3935 1558 3998 qno
1567 3921 1636 3998 plu·

227 4024 284 4082 rles
293 4019 368 4082 Intra
381 4022 492 4081 mentio
503 4019 549 4080 tlt.

262 4259 299 4332 (t)
317 4259 380 4318 Post
389 4259 514 4318 bennam
525 4259 554 4316 iu
567 4258 642 4318 titulo
658 4257 756 4333 legItur
770 4274 778 4315 ε
790 4273 879 4318 memte
894 4257 1048 4331 decembris,
1064 4259 1140 4318 XIII
1148 4259 1331 4342 ,indistinctim
1347 4263 1379 4319 im
1390 4264 1505 4335 Perseo,
1521 4269 1550 4322 et
1566 4264 1636 4324 lutra

228 4357 244 4414 1
255 4355 408 4429 decembris,
423 4356 451 4413 iu
462 4355 523 4414 cod.
536 4355 673 4431 Philipps.
688 4359 723 4415 Ρο
733 4357 843 4431 (primm
857 4355 1011 4414 demmbria
1023 4357 1147 4415 blandam
1158 4363 1250 4416 amen
1262 4358 1412 4432 irrepsisse,
1421 4365 1450 4418 et
1460 4375 1603 4418 numerum
1617 4361 1638 4418 t

224 4451 296 4525 juste
306 4453 334 4510 in
346 4453 468 4526 origmeli
486 4457 624 4512 exaratum
637 4455 776 4512 erroneeI
787 4453 870 4514 tuisse
882 4453 986 4512 lectum
1001 4453 1180 4530 suspicamur.
1198 4456 1240 4513 IIx
1251 4455 1473 4530 praecedentibus
1488 4457 1560 4515 enim
1576 4457 1636 4532 pri-

226 4549 329 4624 vilegiis
343 4550 415 4608 clare
426 4549 549 4610 videmus
561 4551 728 4609 Iridericum
741 4551 849 4610 ineunte
864 4551 1000 4610 decembri
1013 4552 1103 4611 adbuc
1118 4554 1191 4628 apud
1203 4553 1362 4612 emmonem
1374 4558 1532 4614 morantem.
1546 4554 1636 4628 Quum

226 4653 365 4720 praeterea
373 4664 441 4721 quae
454 4649 607 4707 immediate
618 4664 681 4707 mox
694 4650 821 4707 accedent
831 4650 965 4722 mandata,
978 4657 1085 4709 sextum
1093 4651 1246 4709 decembris
1259 4651 1330 4710 diem
1345 4667 1412 4726 prae
1425 4651 1560 4727 scierunt,
1570 4653 1637 4712 nihil

228 4748 271 4800 est
281 4744 555 4804 undeInterralbrma
569 4745 707 4820 primodie
718 4746 752 4802 ad
765 4751 871 4804 sextum
882 4748 1002 4807 extitisse
1012 4747 1261 4809 animadvertamus.

1698 2339 1805 2388 Panna

1674 2394 1688 2436 b
1698 2391 1827 2436 cambas
