4246 5906
192 637 292 696 laurur.
310 635 372 712 la]
639 631 840 694 HISTORIA
859 629 1153 692 platonitatem
1541 631 1600 694 535

193 779 227 843 at
251 768 394 842 firmiter
419 768 640 863 promisimus
666 768 717 841 ab
750 765 847 861 quod
869 765 981 857 judex
1007 765 1156 838 lacobus
1182 763 1228 837 de
1258 762 1372 837 Santis
1404 765 1602 841 recollector

193 892 341 986 pecunie
366 891 462 964 eurio
480 900 596 963 nosue
620 891 656 962 in
675 889 792 962 Sicilia
813 888 897 960 eitra
919 887 1048 959 flumen
1069 887 1204 960 Salsum
1225 895 1261 958 et
1286 908 1349 983 per
1369 893 1475 961 totam
1502 889 1602 961 Cala-

193 1015 303 1088 briam
328 1035 392 1110 pro
409 1023 506 1110 perte
530 1014 625 1087 curie
642 1022 756 1086 nostre
774 1012 856 1084 hinc
873 1011 919 1084 ad
941 1020 1010 1083 tres
1033 1029 1186 1102 menses,
1212 1011 1248 1082 in
1263 1009 1422 1083 kalendis
1440 1011 1603 1085 videlicet

193 1138 343 1232 proximi
369 1137 476 1209 tutori
492 1137 620 1210 mensis
644 1136 758 1209 martii
780 1135 886 1227 hujus
908 1135 985 1206 xt11
1003 1132 1218 1226 indictionis,
1238 1133 1282 1206 de
1308 1134 1431 1207 eadem
1453 1135 1602 1229 pecunia

193 1251 290 1334 eurio
306 1269 421 1334 nostre
438 1281 509 1354 que
527 1270 580 1333 est
595 1281 658 1355 por
670 1280 795 1332 manus
812 1279 893 1330 suas
913 1257 949 1328 in
970 1255 1109 1330 ciuitate
1128 1258 1283 1330 Messana
1298 1258 1431 1352 integre
1448 1259 1603 1351 qualibet

194 1383 395 1456 difficultate
426 1393 558 1456 remota
584 1392 619 1456 et
636 1382 710 1455 sine
730 1381 870 1474 majoris
892 1400 987 1454 more
1008 1379 1190 1474 dispendio
1212 1381 1391 1473 quintabit.
1419 1381 1484 1454 Ad
1498 1382 1602 1474 hujus

192 1516 322 1599 numm,
343 1517 411 1581 etc.

240 1633 367 1704 Datum
383 1632 561 1714 Cremona,
580 1629 705 1702 XXVII
723 1628 933 1718 novembris,
951 1627 1029 1699 Xlll
1049 1627 1258 1700 indictionis.

242 1755 325 1827 itam
343 1755 480 1851 scripsit
492 1753 584 1826 idem
601 1753 714 1845 judici
727 1753 855 1825 Iacobo
868 1752 915 1825 de
932 1751 1046 1823 Santis
1060 1749 1266 1824 recollectori
1282 1751 1442 1847 pecunie,
1466 1761 1505 1823 ut
1519 1773 1601 1846 pre·

193 1877 303 1951 dictas
331 1877 602 1971 quadringentas
626 1877 746 1949 uncias
774 1873 819 1947 ad
838 1876 998 1968 generale
1018 1873 1154 1968 pondus
1177 1875 1289 1946 solvat
1313 1874 1445 1947 eisdem
1471 1875 1518 1948 de
1539 1898 1601 1971 pe·

194 1999 298 2072 cunia
316 2000 497 2094 curiaque
514 2010 566 2072 est
583 2019 892 2094 permanassuas,
912 1997 1107 2069 intermino
1125 1997 1321 2089 constituto,
1339 1997 1433 2070 omni
1452 2019 1548 2072 mora
1568 2011 1602 2072 et

193 2124 374 2196 occasione
392 2123 550 2214 remotis,
570 2131 605 2196 et
621 2123 763 2217 recipiat
784 2123 829 2194 ab
845 2122 895 2193 eis
917 2127 1074 2215 patentes
1091 2119 1227 2192 licteras
1247 2119 1377 2193 exinde
1391 2121 1475 2215 ipsis
1494 2123 1601 2196 iactas

192 2254 228 2318 et
248 2246 352 2320 faeiat
370 2243 445 2317 fieri
465 2245 511 2318 do
532 2245 703 2318 solutione
722 2245 819 2318 alind
842 2244 1007 2338 scriptum
1028 2253 1226 2338 competens
1242 2242 1288 2315 ad
1303 2245 1399 2316 curie
1417 2247 1596 2319 cautelam.

241 2368 414 2464 Scriptum
428 2377 480 2440 est
490 2369 593 2441 etiam
608 2369 727 2461 Majori
745 2369 790 2442 de
802 2369 1009 2440 Plancatone
1020 2374 1150 2440 secreto
1166 2366 1336 2452 Messene,
1353 2376 1392 2438 ut
1406 2367 1435 2438 si
1449 2370 1600 2461 prefatus

189 2492 303 2585 judex
316 2492 464 2564 Iacobus
477 2493 689 2581 recollector,
705 2492 822 2584 aliquo
840 2513 923 2563 caen
934 2491 1194 2580 interveniente,
1209 2489 1317 2562 dictas
1331 2489 1601 2585 quadringentas

191 2615 312 2687 uncias
333 2637 403 2687 non
420 2615 569 2688 solveret
586 2615 870 2687 Cremonensibus
895 2613 1155 2708 suprascriptis,
1174 2613 1225 2684 sic
1241 2633 1319 2684 oum
1343 2613 1466 2685 eodem
1489 2616 1602 2688 recol-

191 2741 318 2814 lectore
333 2751 492 2836 procuret
510 2742 605 2835 quod
622 2741 867 2834 undecumque
880 2749 915 2812 et
928 2739 1253 2834 quomodocumque
1270 2741 1454 2833 pecuniam
1473 2742 1602 2816 habere

192 2873 370 2958 poterunt,
384 2865 609 2958 quantitatem
622 2865 810 2959 predictam
822 2864 896 2935 sine
912 2863 1051 2955 majoris
1064 2883 1160 2936 more
1172 2862 1354 2958 dispendio
1370 2867 1504 2939 solvant
1518 2867 1601 2963 ipsis

193 2988 229 3058 in
247 2987 401 3081 predicto
418 2989 564 3062 termino
580 2995 772 3084 pretaxato.

243 3565 423 3652 Mandata
439 3561 546 3648 uaria
572 3562 621 3644 de
647 3560 765 3645 servis
792 3560 915 3670 nigris
937 3563 1204 3671 comparandis
1226 3565 1295 3674 qui
1320 3565 1440 3648 sciant
1466 3591 1602 3650 sonare
1669 3601 1747 3688 tt.
1778 3623 1801 3684 ‘.

190 3697 320 3806 tubos,
333 3699 384 3780 de
394 3695 543 3806 judaeis
560 3693 754 3778 metruetis
773 3695 822 3776 ad
840 3693 1066 3779 dactulitum
1082 3694 1260 3778 Panormi
1277 3695 1598 3808 fructificandum,

190 3831 239 3913 de
255 3827 484 3914 actualibus
508 3825 683 3911 Nicoloso
700 3824 779 3908 filio
801 3824 961 3908 Ansaldi
982 3826 1031 3908 de
1047 3825 1165 3934 Nigro
1187 3825 1441 3935 assignandis.

272 4026 399 4108 (nnat.
413 4026 514 4106 sapa.
528 4021 650 4086 rrae.
668 4021 998 4099 taruanensem
1010 4025 1082 4087 sut.
1095 4023 1234 4098 onem,
1248 4041 1278 4102 p.
1296 3979 1396 4106 nst

239 4201 287 4270 De
304 4199 475 4292 imperiali
492 4199 649 4270 modste
666 4198 755 4288 sacto
769 4217 834 4292 per
853 4194 1110 4290 magistrandi.
1132 4197 1172 4268 de
1188 4199 1455 4273 Petrostnrmino
1471 4201 1602 4295 scripsit

193 4320 236 4397 G.
254 4321 297 4392 dc
314 4322 492 4394 amatu.-

238 4444 453 4535 Frederious,
474 4453 556 4536 etc,
576 4443 726 4516 Obborto
742 4441 1004 4514 Fallamonacbo
1020 4450 1151 4514 moreto
1164 4441 1336 4514 Panormi.
1359 4444 1525 4518 Fidelitati
1545 4458 1603 4518 tua

189 4567 414 4664 precipiendo
427 4568 634 4641 mandamus
649 4575 823 4662 quatenus
837 4564 882 4636 de
895 4565 1021 4637 sclavis
1033 4565 1141 4658 nigris
1156 4565 1250 4637 curio
1264 4575 1378 4638 nostre
1394 4569 1423 4638 si
1434 4567 1540 4640 habes
1556 4591 1601 4641 ex

191 4693 262 4783 eis,
280 4692 337 4765 vel
356 4691 387 4764 ei
405 4713 477 4764 non
498 4692 608 4765 babes
630 4691 676 4766 de
701 4690 825 4764 sclavis
854 4689 949 4763 eurio
973 4697 1101 4781 nostre,
1131 4711 1226 4763 emas
1248 4688 1294 4764 de
1315 4693 1463 4786 pecunia
1487 4703 1602 4766 nostra
