4350 5922
241 627 339 687 burcr.
358 623 423 702 lo]
697 620 892 683 HISTORIA
918 621 1211 684 ntrtonarlca.
1621 625 1658 686 15

242 760 334 851 this,
363 756 564 850 langravius
590 757 755 852 turingia
779 766 818 830 et
840 758 992 830 Saxome
1019 758 1192 852 palatinus
1221 779 1354 849 comes,
1381 757 1585 831 burcravius
1614 761 1659 834 de

240 881 494 970 Nurcmbercb,
530 879 706 955 Gctfridus
734 879 781 955 de
814 881 1031 970 llobeulocb‚
1062 889 1097 954 et
1127 881 1186 954 alii
1210 881 1433 978 quamplures
1461 881 1523 977 qui
1548 883 1660 956 inter·

242 1009 278 1080 lu
341 1016 392 1078 ut.

278 1029 416 1204 elilaitum
430 1125 526 1224 apud
538 1127 740 1221 Wicuuam,
760 1149 853 1202 anuo
869 1127 1043 1203 dominice
1059 1127 1303 1201 iucamatiouis
1326 1127 1507 1202 millesimo
1527 1126 1657 1204 duceu-

241 1255 362 1329 tesimo
379 1249 552 1324 biresimo
565 1251 731 1348 septimo,
752 1273 872 1326 meuse
888 1251 1072 1342 februarii,
1091 1249 1226 1324 decime
1245 1250 1456 1324 indictionis.

453 1575 920 1588 -σ-..μ-Φ.----.---,---
930 1581 932 1584 .
941 1580 963 1587 -.
984 1581 1013 1586 .,..

293 1857 534 1967 Fridericus,
565 1861 827 1944 Romanorum
859 1860 1086 1970 imperator,
1120 1861 1169 1943 ad
1202 1862 1514 1970 supplicationem
1538 1889 1658 1972 prac-

239 1992 352 2100 positi
370 2002 406 2078 et
425 2001 633 2077 conventus
650 1995 700 2075 de
718 1991 947 2076 Walthusen
965 1991 1166 2075 confirmat
1182 2003 1221 2075 et
1238 1995 1286 2076 de
1299 1995 1414 2078 verbo
1432 1996 1482 2078 ad
1500 1997 1660 2080 verbum

239 2123 372 2206 iuscrit
398 2126 595 2235 quoddam
627 2125 853 2234 rescriptum
880 2149 982 2208 anno
1007 2125 1110 2206 1204
1132 2125 1172 2205 iu
1196 2151 1314 2208 coena
1337 2127 1489 2210 Domini
1516 2154 1539 2209 a
1560 2128 1659 2212 bui-

101 2367 105 2376 .
239 2256 376 2364 poldo,
396 2258 573 2342 lustriae
591 2267 629 2341 et
647 2258 793 2367 Styriae
810 2259 928 2364 duce,
946 2257 1069 2340 eidam
1088 2259 1288 2340 couventui
1315 2285 1557 2368 concessum,
1583 2287 1661 2370 quo

239 2389 403 2471 multam
421 2416 552 2474 rerum
572 2400 610 2474 ct
627 2416 803 2473 annonae
823 2389 863 2470 in
882 2389 1010 2475 Steine
1027 2389 1225 2472 remiserat
1243 2415 1332 2472 cum
1354 2390 1475 2476 libero
1498 2393 1661 2476 transitu

239 2547 355 2631 super
372 2521 517 2606 llumeu
536 2522 716 2607 Danubii.

314 2767 435 2850 (Edidit
446 2769 503 2831 rs.
519 2769 625 2848 linus,
639 2767 784 2850 chtrapc
796 2785 854 2828 aar
868 2764 1030 2830 Gmlicdtc
1049 2763 1097 2828 der
1111 2765 1226 2830 uada
1241 2766 1416 2832 casmeta
1436 2767 1472 2831 ob
1493 2767 1545 2830 der
1557 2768 1657 2844 Eam,

359 2879 384 2935 t.
399 2873 454 2950 IV,
469 2891 501 2952 p.
517 2883 589 2950 450,
604 2884 638 2934 n·
650 2873 733 2955 xlv,
747 2891 786 2935 ax
799 2873 1006 2954 autographo.)

287 3097 501 3190 Fridericus,
517 3099 579 3171 Dei
595 3099 706 3193 gratia
729 3099 962 3172 Romanorum
988 3100 1174 3196 imperator
1194 3121 1330 3196 semper
1352 3109 1537 3196 augustus,
1556 3101 1659 3174 Jeru-

240 3222 345 3295 salem
358 3231 393 3293 et
408 3221 524 3294 Sicilie
541 3241 617 3295 rex.
637 3223 769 3294 Terrore
785 3223 997 3318 presentium
1015 3230 1133 3314 nptum
1151 3245 1228 3296 asse
1245 3223 1410 3296 volumus
1427 3231 1496 3294 tam
1518 3244 1658 3317 presen-

240 3345 332 3417 tibus
355 3367 462 3440 quam
487 3347 611 3417 futuris
637 3345 734 3440 quod
764 3323 939 3419 constituti
966 3366 1082 3419 coram
1106 3346 1206 3418 nobis
1232 3346 1429 3418 Hartwicus
1450 3346 1659 3419 venerabilis

239 3469 435 3564 prepositus
451 3478 486 3542 et
501 3477 691 3542 conventus
706 3467 752 3542 dc
765 3469 968 3543 Walthusen
982 3471 1182 3565 optulerunt
1192 3469 1334 3540 culmini
1349 3476 1465 3542 nostro
1480 3468 1658 3564 quoddam

240 3591 406 3688 scriptum
420 3602 542 3689 pateus
555 3592 730 3666 indultum
742 3593 793 3666 eis
806 3615 827 3665 a
840 3592 1018 3687 quondam
1033 3591 1216 3688 Luipoldo,
1231 3592 1322 3666 duce
1337 3590 1477 3664 Austris
1486 3602 1520 3665 et
1531 3594 1656 3689 Styrie‚

239 3715 473 3811 supplicantes
491 3715 664 3790 humiliter
679 3725 719 3787 nt
732 3715 852 3789 divine
870 3717 1007 3812 pietatis
1023 3716 1151 3788 iutuitu
1173 3715 1368 3812 paupertati
1389 3716 1444 3788 sui
1461 3717 1659 3788 monasterii

240 3842 457 3914 consulentes
474 3841 568 3914 idcm
587 3842 752 3936 scriptum
778 3863 949 3914 renovare
969 3850 1003 3912 et
1024 3839 1227 3914 confirmare
1248 3838 1517 3913 misericorditer
1535 3840 1660 3934 digua·

240 3985 376 4054 rcmur;
397 3965 498 4056 cujus
514 3973 612 4036 tenor
631 3985 693 4059 per
710 3965 827 4038 cmuia
846 3965 924 4036 talis
938 3973 1038 4037 eret:

285 4088 337 4160 Ne
350 4089 520 4183 presentis
533 4089 634 4160 etatis
651 4089 790 4182 negotia
804 4088 990 4161 oblivionis
1012 4095 1191 4160 consumat
1207 4087 1301 4159 tinea
1317 4088 1373 4159 vel
1395 4087 1658 4182 malignantium

240 4209 329 4282 sicut
342 4207 416 4282 fieri
428 4210 516 4282 solet
532 4219 729 4304 corrumpat
748 4209 901 4294 invidia,
928 4209 1119 4281 litterarum
1138 4217 1172 4281 et
1189 4209 1327 4281 testium
1349 4209 1509 4304 indigent
1531 4209 1660 4283 iudicio

242 4331 448 4422 confirmari.
474 4333 591 4406 Sciant
608 4354 692 4428 argo
707 4343 777 4406 tam
790 4341 965 4428 presentes
978 4353 1083 4426 quam
1100 4333 1229 4428 posteri
1245 4332 1342 4426 quod
1359 4355 1425 4427 ego
1446 4333 1656 4427 liupoldus,

241 4457 301 4530 Dei
314 4459 426 4551 gratia
441 4458 517 4532 dux
534 4467 602 4530 tam
617 4457 757 4531 Austris
772 4479 878 4553 quam
892 4457 1017 4553 Styrie,
1032 4465 1270 4555 paupertatem
1282 4467 1315 4530 et
1330 4457 1510 4552 penuriam
1525 4458 1659 4530 cenobii

243 4579 355 4653 Sancti
370 4580 535 4652 lobannis
552 4581 589 4652 iu
603 4580 808 4653 Walthusen
825 4579 950 4653 videus
963 4601 1034 4652 nou
1053 4577 1246 4668 modicam,
1266 4579 1442 4674 situmque
1460 4579 1526 4651 loci
1549 4580 1660 4676 ipsius

243 4702 369 4776 durum
390 4703 474 4777 satis
486 4712 521 4777 et
541 4725 702 4802 asperum
715 4703 959 4794 considerans,
976 4704 1082 4777 statui
1096 4703 1259 4777 iratribus
1276 4704 1347 4776 Deo
1362 4702 1490 4775 ibidem
1510 4703 1657 4776 militau-

1703 1897 1767 1953 apud
1774 1897 1845 1943 Vlu-

1721 1952 1825 2050 ’ἱῇἷῖ
