4224 5898
209 635 308 697 lantes.
328 635 390 714 12]
658 633 854 694 tllstoltlrt
880 632 1176 694 ntltottltllcll.
1558 635 1618 694 273

209 777 342 841 tanturn
365 768 463 840 nobis
478 777 569 840 esset
593 767 639 840 de
667 778 818 862 tempore
840 769 1037 857 residuum,
1058 779 1095 838 ut
1118 769 1154 838 in
1172 790 1316 860 regnum
1340 769 1509 862 imperiali
1526 769 1618 842 dieta

210 893 400 987 procedere
425 903 459 964 et
484 891 614 964 ibidem
648 891 842 964 desiderata
869 913 962 964 mora
991 892 1190 986 persistere,
1221 901 1255 962 et
1282 891 1328 964 ad
1359 891 1618 986 depopulandas

209 1015 388 1087 rebellium
411 1023 605 1086 nostrorum
621 1015 784 1108 reliquias
803 1025 957 1108 tempore
981 1015 1097 1087 debito
1118 1013 1232 1085 redire
1253 1035 1443 1108 possamus.
1456 1017 1617 1107 longum

209 1139 336 1210 etenim
354 1139 508 1210 absentie
526 1148 642 1210 nostre
659 1147 795 1233 tempus
814 1137 910 1232 quod
928 1139 1027 1210 nobis
1046 1137 1283 1230 longissimum
1305 1136 1476 1228 creditur,
1498 1137 1616 1212 saltem

210 1263 416 1354 presentiam
436 1263 541 1334 nostri
560 1263 720 1355 temporis
739 1263 831 1355 longi
848 1262 973 1355 exigit,
1001 1271 1039 1331 nt
1059 1261 1185 1334 damna
1206 1259 1420 1354 compendiis
1436 1283 1619 1354 repensen-

210 1395 278 1456 tur.
294 1385 364 1456 Sed
378 1405 441 1456 nec
455 1385 540 1457 utile
552 1385 653 1458 nobis
666 1395 739 1458 erat
754 1385 886 1478 grande
899 1395 969 1456 tam
983 1385 1167 1477 negocium
1182 1385 1417 1478 imperfectum
1435 1385 1617 1476 dimittere,

211 1507 305 1602 qnod
333 1510 404 1580 lere
422 1510 495 1600 jam
522 1507 568 1580 ad
587 1507 848 1581 desiderabilem
872 1510 1005 1580 exitum
1031 1507 1226 1579 indefessus
1248 1515 1361 1580 nostre
1384 1509 1622 1582 sollicitudinis

213 1632 308 1704 labor
330 1643 364 1704 ct
390 1633 527 1706 calcatis
549 1635 622 1726 iam
651 1633 809 1706 hostibus
826 1634 988 1705 instantia
1006 1631 1209 1726 quotidiana
1235 1631 1382 1721 gloriose
1404 1631 1620 1722 deduxerat,
1680 1725 1683 1732 .

213 1757 247 1826 in
270 1757 466 1850 imperfecta
496 1757 755 1829 consumatione
784 1757 950 1829 dill'erre:
980 1757 1043 1828 sed
1070 1777 1251 1849 personam
1276 1765 1425 1827 nostram
1452 1757 1624 1828 salubrius

213 1879 367 1950 vidimus
385 1880 601 1973 presentibus
618 1901 795 1974 exponere
811 1878 930 1970 tediis,
952 1889 991 1950 nt
1006 1880 1165 1950 licentius
1182 1879 1364 1951 vobiscum
1389 1881 1422 1950 in
1450 1891 1623 1974 posterum

217 2015 251 2073 et
280 2001 562 2075 honorificentius
585 2004 815 2098 quiescamus.
845 2001 1117 2075 lndubitablliter
1146 2003 1271 2074 etenim
1295 2001 1489 2093 credimus,
1520 2003 1625 2077 immo

218 2125 364 2217 scimus,
379 2125 475 2220 qnod
493 2127 556 2198 etsi
578 2148 724 2220 persone
749 2137 865 2199 nostre
886 2131 1093 2221 presentiam
1116 2148 1163 2198 ex
1182 2125 1251 2198 fide
1277 2125 1440 2218 diligitis,
1460 2125 1626 2200 habentes

217 2259 331 2320 tamen
356 2251 469 2320 zelum
493 2250 686 2322 secundum
710 2251 904 2338 scientiam,
935 2271 1058 2322 corone
1081 2261 1196 2322 nostre
1220 2249 1396 2344 potissime
1424 2248 1626 2323 desideratis

219 2371 401 2464 honorem,
423 2395 572 2468 proquo
589 2395 653 2446 neo
673 2395 898 2469 personarum
919 2385 1109 2448 vestrarum
1133 2373 1316 2469 periculis,
1338 2393 1402 2446 nec
1415 2395 1529 2445 rerum
1549 2373 1627 2446 dis-

219 2495 355 2589 pendiis
386 2497 552 2570 hactenus
578 2499 787 2593 pepercistis.
817 2499 946 2569 Verum
970 2507 1278 2592 quantumcunque
1302 2497 1338 2568 in
1365 2497 1474 2570 oculis
1503 2497 1628 2568 mentis

220 2629 333 2692 nostre
354 2619 423 2692 sint
445 2642 580 2716 semper
601 2621 718 2694 omnia
739 2622 941 2716 gravamina
966 2633 1079 2693 vestra
1096 2619 1285 2716 presentia,
1312 2627 1347 2691 et
1367 2619 1424 2690 illa
1450 2619 1628 2713 potissime

220 2765 286 2836 qne
302 2765 366 2838 pro
384 2744 533 2838 presenti
551 2744 771 2839 expeditione
797 2755 910 2818 nostra
937 2745 1032 2818 ltalia
1057 2743 1281 2816 libentissima
1304 2741 1517 2836 portavistis3
1542 2742 1629 2815 illud

221 2875 332 2938 tamen
361 2867 457 2960 quod
478 2889 539 2962 per
563 2868 661 2938 istam
685 2869 842 2940 ultimam
866 2868 1129 2941 subventionem
1154 2877 1301 2939 vestram
1322 2887 1441 2961 passos
1467 2887 1531 2938 vos
1559 2869 1629 2939 lore

221 2991 464 3081 cognovimus,
491 2990 537 3063 ad
563 2993 837 3086 compassionem
859 3001 1009 3064 nostram
1027 3003 1121 3064 tanto
1145 2991 1303 3086 pervenit
1322 2990 1475 3074 acutius,
1497 2999 1629 3085 quanto

222 3135 283 3184 vos
301 3113 388 3184 illud
407 3113 609 3185 sustinuisse
627 3113 790 3186 libentius
808 3124 843 3185 et
866 3136 1005 3208 prorsus
1021 3115 1213 3187 ordinatius
1231 3115 1523 3207 contemplamur3
1543 3113 1627 3186 dum

221 3246 337 3308 contra
354 3235 546 3308 serenitatis
567 3245 681 3308 nostre
698 3237 919 3328 mandatum,
941 3259 1011 3331 quo
1029 3239 1206 3310 facultates
1223 3246 1258 3308 et
1276 3236 1395 3308 marita
1412 3237 1627 3330 singulorum

221 3381 309 3453 equa
325 3361 423 3432 lance
443 3359 688 3432 mandavimus
705 3360 880 3450 trutinari,
900 3361 1068 3433 allevietis
1082 3360 1268 3452 divitibus,
1284 3361 1417 3454 gravati
1436 3369 1518 3432 sunt
1533 3383 1628 3455 pau-

222 3505 336 3577 peres,
366 3493 401 3555 et
421 3483 558 3556 omissis
582 3483 804 3576 primatibus,
833 3484 998 3556 instanter
1018 3484 1186 3577 compulsi
1211 3481 1257 3554 ad
1282 3483 1361 3554 talia
1386 3494 1467 3555 sunt
1496 3484 1625 3576 plebei,

222 3617 324 3699 prout
349 3607 384 3676 in
409 3606 493 3699 ipsis
518 3605 941 3677 collectarumcodicibus
969 3606 1148 3677 manifeste
1172 3605 1424 3699 perspeximus,
1452 3628 1541 3700 quos
1567 3630 1628 3702 per

224 3729 385 3801 officiales
400 3739 533 3801 nostros
546 3729 697 3823 ipsarum
713 3729 862 3823 partium
880 3729 1121 3801 mandavimus
1138 3737 1254 3800 nostro
1270 3729 1410 3800 culmini
1424 3733 1625 3824 presentari.

225 3851 455 3949 Compatimnr
472 3852 590 3939 vobis,
610 3861 644 3924 et
661 3871 742 3924 vere
763 3853 1007 3947 compatimur,
1027 3851 1202 3941 oidelae,
1219 3862 1425 3946 propterque
1442 3862 1523 3925 nota
1546 3875 1629 3946 gra·

225 3975 361 4046 vamina
378 3996 442 4048 vos
454 3974 659 4046 sustinuisse
677 3997 746 4047 non
765 3975 892 4047 tedeat.
911 3975 979 4048 Sed
1000 3975 1046 4048 ad
1060 3983 1253 4069 presentem
1273 3974 1532 4048 subventionem
1548 3997 1628 4050 nos·

225 4109 307 4168 tram
336 4097 409 4191 (l),
437 4118 483 4169 ex
508 4117 578 4190 qua
602 4095 756 4191 (lavante
779 4097 1033 4191 magnificentia
1058 4097 1150 4190 regis
1171 4097 1313 4189 regum)
1338 4100 1628 4172 consumationem

226 4219 442 4313 negociorum
478 4231 670 4292 nostrorum
703 4221 824 4294 merito
852 4222 1095 4316 prestolamur,
1129 4231 1241 4292 vestra
1273 4219 1412 4293 devotio
1444 4223 1510 4296 leta
1539 4244 1629 4296 con-

260 4545 292 4620 (4)
306 4547 347 4604 lix
361 4548 454 4606 ordine
467 4565 557 4606 rernm
571 4549 642 4606 banc
657 4550 859 4608 subventionem
873 4550 943 4608 circe
963 4553 1142 4608 annuntias
1156 4554 1297 4606 exeuntem
1309 4549 1461 4625 impositam
1472 4552 1554 4609 luisse
1570 4569 1628 4610 cre-

227 4641 319 4716 dimus,
338 4645 403 4701 dom
418 4647 488 4718 apud
511 4647 669 4703 lliccandnm
685 4648 719 4704 de
737 4649 834 4705 Sancto
854 4649 987 4704 Germano
1006 4647 1126 4718 legamus
1142 4665 1148 4702 :
1164 4668 1176 4698 u
1190 4647 1281 4703 Mense
1300 4649 1415 4720 januarii
1433 4650 1531 4722 (l239)
1549 4665 1628 4722 gene

228 4739 288 4796 ralis
298 4742 407 4799 collecta
418 4759 467 4816 per
481 4759 593 4816 regnum
605 4744 729 4816 erigitur.
748 4745 825 4818 alp.
840 4747 995 4816 Macaron,
1011 4746 1157 4819 Scriptor,
1172 4750 1192 4799 t.
1208 4744 1266 4815 Vll,
1280 4761 1308 4817 p.
1323 4747 1402 4802 ltlll.

305 4838 340 4900 V.
1432 4855 1468 4906 35
