4350 5922
226 663 331 721 lucrer.
353 657 411 742 lu]
678 651 876 714 HISTORIA
903 651 1194 712 bll‘lotlllulcrt.
1605 649 1644 710 ll

238 795 364 868 oesimo
392 800 511 881 sexto,
543 809 661 861 mensa
693 789 824 874 martii,
865 787 1001 860 decima
1031 785 1238 873 indictione,
1281 785 1470 879 imperante
1506 783 1646 857 domino

238 927 353 989 nostro
377 912 552 986 Fridorico
576 911 748 1002 secundo,
771 911 833 982 Dei
859 910 968 1004 gratia
994 909 1218 980 invictissimo
1241 910 1471 981 Romanorum
1494 909 1647 1003 impera-

238 1052 308 1112 tore
324 1059 459 1132 semper
473 1045 641 1130 augusto,
662 1035 849 1107 Jerusalem
868 1042 902 1105 et
917 1034 1031 1105 Sicilie
1049 1053 1142 1126 rege,
1160 1032 1294 1126 imperii
1314 1033 1390 1123 ejus
1409 1053 1501 1104 anno
1521 1043 1646 1104 octavo

238 1162 386 1250 decimo,
406 1160 504 1254 regni
520 1159 709 1231 Jerusalem
723 1156 942 1248 duodecimo,
967 1155 1063 1248 regni
1081 1177 1164 1228 vero
1178 1156 1293 1228 Sicilie
1314 1155 1486 1227 tricesimo
1506 1165 1642 1246 octavo,

239 1284 392 1357 feliciter.
411 1283 534 1354 Amen.

285 1409 410 1480 Datum
427 1406 592 1492 Wisnne,
611 1426 721 1496 anno,
739 1427 858 1478 mense
872 1413 908 1476 et
923 1403 1110 1476 indictione
1126 1402 1338 1500 prescriptis.

453 1713 1429 1726 ——u-—n-——nn——m

290 1993 522 2102 Fridericus,
546 1993 806 2078 Romanorum
833 1995 1052 2104 imperator,
1076 1996 1126 2077 ad
1148 2020 1264 2104 quem
1287 1995 1447 2077 ducatus
1475 1992 1650 2078 lustriae
1701 1969 1826 2120 ruffi.

239 2137 276 2210 et
294 2127 440 2237 Signiae
457 2127 540 2236 jam
561 2138 828 2237 pervenerant,
849 2129 1076 2212 monasterio
1094 2129 1143 2210 de
1169 2127 1476 2230 Reitenhnslech,
1500 2126 1648 2210 Cister-¹

239 2260 374 2342 ciensis
400 2261 564 2368 ordinis,
585 2261 825 2372 privilegium
851 2288 874 2343 a
904 2261 1110 2370 Liupoldo,
1133 2261 1330 2370 quondam
1352 2261 1448 2343 duce
1476 2259 1651 2344 lustriae

239 2401 276 2473 et
305 2392 470 2503 Styriae,
500 2418 600 2474 anno
631 2394 730 2473 1207
760 2393 974 2500 indultum,
998 2393 1048 2475 ed
1089 2393 1340 2476 amovendam
1372 2393 1648 2502 suspicionem,

239 2551 337 2634 quae
355 2552 401 2608 ex
418 2525 673 2609 confractione
692 2525 807 2635 sigilli
824 2536 971 2634 poteret
987 2526 1169 2633 suboriri,
1189 2535 1357 2624 renovet.

320 2775 413 2855 (Edit.
428 2793 477 2854 ap.
492 2777 622 2837 Menum.
633 2777 726 2854 Boin,
739 2783 763 2837 t.
778 2777 833 2855 lll,
849 2795 879 2856 p.
898 2775 980 2856 tat.)

288 3002 495 3088 l'ridericus,
515 3001 577 3074 Dei
600 3002 711 3096 gratia
728 3002 957 3074 Romanorum
983 3002 1167 3097 imperator
1187 3021 1322 3096 semper
1342 3012 1529 3096 augustus,
1551 3005 1650 3076 leru-

240 3129 346 3201 salem
362 3137 397 3200 st
414 3128 528 3200 Sicilie
544 3149 619 3199 rex.
640 3127 813 3200 Suadente
828 3126 1004 3220 religionis
1029 3127 1125 3198 cultu
1144 3136 1258 3199 nostra
1274 3127 1459 3200 clementer
1475 3127 1651 3202 inducitur

241 3253 408 3327 celsitudo
426 3261 466 3323 ot
484 3251 553 3346 piis
569 3249 807 3346 religiosorum
830 3250 1054 3346 petitionibus
1076 3249 1308 3323 favorabiliter
1326 3272 1535 3324 annuamus.
1564 3252 1651 3324 Hinc

241 3387 291 3450 est
308 3375 406 3470 qnod
423 3385 539 3448 tenore
556 3375 768 3470 presentium
793 3384 912 3445 notum
936 3373 1009 3444 lieri
1028 3374 1191 3446 volumus
1213 3374 1381 3446 universis
1408 3375 1504 3469 quod
1531 3377 1651 3448 iratres

243 3499 286 3573 de
295 3497 558 3571 Raitenbaslacb
572 3497 806 3570 cisterciensis
817 3497 962 3588 ordinis,
973 3496 1092 3570 fideles
1104 3499 1208 3572 nostri
1218 3552 1227 3588 ‚
1239 3508 1525 3594 presentaverunt
1536 3509 1651 3574 nostro

241 3623 335 3695 curie
355 3621 534 3716 quoddam
550 3622 715 3715 scriptum
733 3620 829 3714 quod
846 3643 866 3692 a
881 3622 971 3693 clare
990 3621 1153 3694 memorie
1169 3621 1345 3722 leupoldo
1366 3611 1543 3716 quondam
1560 3624 1651 3698 duce

241 3745 378 3818 Austris
396 3745 481 3841 ipsis
503 3745 568 3817 luit
583 3747 767 3818 clementer
787 3745 979 3836 indultum;
1001 3745 1174 3818 serenitati
1191 3757 1306 3820 nostre
1326 3746 1502 3820 humiliter
1518 3749 1651 3844 suppli·

242 3877 358 3941 cantes
375 3877 547 3963 quatenus
563 3869 660 3963 qnod
684 3869 836 3962 sigillum
857 3869 970 3942 eidem
995 3870 1119 3966 scripto
1140 3871 1337 3966 appositum
1360 3879 1433 3942 orat
1451 3893 1515 3966 pro
1529 3873 1651 3965 majori

242 4001 336 4087 parte
357 3993 587 4084 confractum,
612 4003 651 4064 ut
669 3992 798 4065 dictum
817 3994 982 4090 scriptum
1003 4015 1171 4069 renovare
1194 4003 1229 4067 et
1250 3995 1296 4069 de
1319 4007 1433 4070 nostra
1449 3996 1651 4072 confirmare

243 4115 421 4190 clementia
437 4115 676 4210 dignaremur;
695 4119 795 4208 cuius
809 4119 924 4211 scripti
943 4127 1039 4191 tenor
1057 4119 1136 4190 talis
1153 4127 1229 4191 est:

291 4241 329 4311 ln
358 4239 497 4314 nomine
517 4251 634 4314 sancte
654 4251 689 4312 et
714 4241 897 4314 individue
920 4242 1105 4314 Trinitatis.
1129 4245 1203 4338 Ego
1227 4243 1438 4338 Leopoldus‚
1459 4246 1523 4318 Dei
1543 4247 1652 4340 gratia

244 4362 318 4435 dux
340 4363 480 4436 Austris
499 4375 605 4458 atque
630 4365 763 4460 scyris,
793 4367 954 4438 omnibus
982 4365 1145 4440 fidelibus
1172 4368 1208 4438 in
1234 4377 1453 4463 perpetuum.
1480 4371 1657 4454 Quoniam-

244 4487 313 4559 Deo
326 4498 501 4560 annuente
520 4498 555 4561 et
570 4487 608 4561 id
626 4489 739 4584 ipsum
757 4511 820 4560 sua
837 4490 936 4562 nobis
952 4489 1151 4584 dignatione
1171 4492 1430 4566 habundantius
1446 4505 1653 4588 suggerente

245 4610 326 4681 nihil
348 4605 561 4706 horumque
582 4621 795 4708 patermeus
822 4634 955 4686 necnon
978 4623 1013 4686 et
1036 4614 1180 4687 dilectus
1209 4617 1312 4688 irater
1334 4639 1432 4689 meus
1458 4616 1653 4690 Fridericus

244 4753 418 4806 successor
444 4759 528 4809 suus
554 4757 617 4832 pro
637 4737 833 4810 reverentia
857 4747 892 4810 et
921 4737 1050 4812 bonore
1080 4739 1322 4834 omnipotentis
1350 4742 1411 4814 Dei
1438 4752 1473 4814 at
1496 4743 1651 4815 omnium

320 4857 358 4918 V.
1473 4873 1492 4928 6
