<?xml version="1.0" encoding="UTF-8"?>
<!DOCTYPE html PUBLIC "-//W3C//DTD XHTML 1.0 Transitional//EN"
    "http://www.w3.org/TR/xhtml1/DTD/xhtml1-transitional.dtd">
<html xmlns="http://www.w3.org/1999/xhtml" xml:lang="en" lang="en">
 <head>
  <title>
</title>
<meta http-equiv="Content-Type" content="text/html;charset=utf-8" />
  <meta name='ocr-system' content='tesseract 3.04.00' />
  <meta name='ocr-capabilities' content='ocr_page ocr_carea ocr_par ocr_line ocrx_word'/>
</head>
<body>
  <div class='ocr_page' id='page_1' title='image "./historiadiploma02fredgoog_0363.png"; bbox 0 0 4228 5892; ppageno 0'>
   <div class='ocr_carea' id='block_1_1' title="bbox 480 517 1886 643">
    <p class='ocr_par' dir='ltr' id='par_1_1' title="bbox 480 517 1886 643">
     <span class='ocr_line' id='line_1_1' title="bbox 480 517 1886 643; baseline 0.006 -27"><span class='ocrx_word' id='word_1_1' title='bbox 480 555 541 616; x_wconf 82' lang='lat' dir='ltr'>asc</span> <span class='ocrx_word' id='word_1_2' title='bbox 981 559 1193 621; x_wconf 84' lang='lat' dir='ltr'>rarnnnrcr</span> <span class='ocrx_word' id='word_1_3' title='bbox 1219 517 1392 622; x_wconf 79' lang='lat' dir='ltr'>sncunor</span> <span class='ocrx_word' id='word_1_4' title='bbox 1701 561 1886 643; x_wconf 68' lang='lat' dir='ltr'>[amma</span> 
     </span>
    </p>
   </div>
   <div class='ocr_carea' id='block_1_2' title="bbox 480 689 1884 1161">
    <p class='ocr_par' dir='ltr' id='par_1_2' title="bbox 480 689 1884 1161">
     <span class='ocr_line' id='line_1_2' title="bbox 480 689 1881 788; baseline 0.005 -26"><span class='ocrx_word' id='word_1_5' title='bbox 480 689 670 782; x_wconf 73' lang='lat' dir='ltr'>gestionem</span> <span class='ocrx_word' id='word_1_6' title='bbox 686 691 823 763; x_wconf 89' lang='lat' dir='ltr'>illorum</span> <span class='ocrx_word' id='word_1_7' title='bbox 844 691 906 785; x_wconf 87' lang='lat' dir='ltr'>qni</span> <span class='ocrx_word' id='word_1_8' title='bbox 922 694 1170 768; x_wconf 84' lang='lat' dir='ltr'>lenent&#39;luoem</span> <span class='ocrx_word' id='word_1_9' title='bbox 1195 695 1374 787; x_wconf 75' lang='lat' dir='ltr'><strong>tenebras,</strong></span> <span class='ocrx_word' id='word_1_10' title='bbox 1392 704 1427 768; x_wconf 90' lang='lat' dir='ltr'>el</span> <span class='ocrx_word' id='word_1_11' title='bbox 1444 693 1565 768; x_wconf 89' lang='lat' dir='ltr'>dicunt</span> <span class='ocrx_word' id='word_1_12' title='bbox 1586 697 1717 769; x_wconf 86' lang='lat' dir='ltr'>malum</span> <span class='ocrx_word' id='word_1_13' title='bbox 1737 697 1881 788; x_wconf 91' lang='lat' dir='ltr'>bonum,</span> 
     </span>
     <span class='ocr_line' id='line_1_3' title="bbox 481 813 1884 916; baseline 0.006 -31"><span class='ocrx_word' id='word_1_14' title='bbox 481 813 544 907; x_wconf 90' lang='lat' dir='ltr'>qni</span> <span class='ocrx_word' id='word_1_15' title='bbox 562 813 781 908; x_wconf 89' lang='lat' dir='ltr'>suspicantur</span> <span class='ocrx_word' id='word_1_16' title='bbox 795 815 863 888; x_wconf 91' lang='lat' dir='ltr'>mel</span> <span class='ocrx_word' id='word_1_17' title='bbox 881 835 957 888; x_wconf 88' lang='lat' dir='ltr'>esso</span> <span class='ocrx_word' id='word_1_18' title='bbox 974 817 1036 907; x_wconf 92' lang='lat' dir='ltr'>fel,</span> <span class='ocrx_word' id='word_1_19' title='bbox 1056 837 1117 913; x_wconf 89' lang='lat' dir='ltr'>per</span> <span class='ocrx_word' id='word_1_20' title='bbox 1136 819 1252 892; x_wconf 86' lang='lat' dir='ltr'>locum</span> <span class='ocrx_word' id='word_1_21' title='bbox 1268 817 1345 916; x_wconf 82' lang='lat' dir='ltr'>(sic)</span> <span class='ocrx_word' id='word_1_22' title='bbox 1360 819 1405 892; x_wconf 90' lang='lat' dir='ltr'>ab</span> <span class='ocrx_word' id='word_1_23' title='bbox 1425 819 1606 914; x_wconf 89' lang='lat' dir='ltr'>opinione,</span> <span class='ocrx_word' id='word_1_24' title='bbox 1626 820 1753 915; x_wconf 84' lang='lat' dir='ltr'>quiest</span> <span class='ocrx_word' id='word_1_25' title='bbox 1764 820 1884 894; x_wconf 86' lang='lat' dir='ltr'>debilis</span> 
     </span>
     <span class='ocr_line' id='line_1_4' title="bbox 481 934 1882 1042; baseline 0.006 -34"><span class='ocrx_word' id='word_1_26' title='bbox 481 934 709 1026; x_wconf 86' lang='lat' dir='ltr'>etinfirmns,</span> <span class='ocrx_word' id='word_1_27' title='bbox 727 953 947 1012; x_wconf 79' lang='lat' dir='ltr'>cumrerum</span> <span class='ocrx_word' id='word_1_28' title='bbox 968 961 1043 1014; x_wconf 88' lang='lat' dir='ltr'>asse</span> <span class='ocrx_word' id='word_1_29' title='bbox 1065 943 1207 1034; x_wconf 86' lang='lat' dir='ltr'>falsum,</span> <span class='ocrx_word' id='word_1_30' title='bbox 1231 961 1313 1014; x_wconf 91' lang='lat' dir='ltr'>oum</span> <span class='ocrx_word' id='word_1_31' title='bbox 1336 963 1407 1016; x_wconf 92' lang='lat' dir='ltr'>non</span> <span class='ocrx_word' id='word_1_32' title='bbox 1433 963 1510 1016; x_wconf 87' lang='lat' dir='ltr'>esse</span> <span class='ocrx_word' id='word_1_33' title='bbox 1527 940 1634 1042; x_wconf 91' lang='lat' dir='ltr'>[asse]</span> <span class='ocrx_word' id='word_1_34' title='bbox 1650 944 1882 1036; x_wconf 75' lang='lat' dir='ltr'>convincetur,</span> 
     </span>
     <span class='ocr_line' id='line_1_5' title="bbox 480 1059 1884 1161; baseline 0.007 -29"><span class='ocrx_word' id='word_1_35' title='bbox 480 1059 597 1154; x_wconf 92' lang='lat' dir='ltr'>opinio</span> <span class='ocrx_word' id='word_1_36' title='bbox 620 1081 704 1132; x_wconf 88' lang='lat' dir='ltr'>vero</span> <span class='ocrx_word' id='word_1_37' title='bbox 730 1060 775 1132; x_wconf 92' lang='lat' dir='ltr'>sit</span> <span class='ocrx_word' id='word_1_38' title='bbox 798 1059 996 1136; x_wconf 85' lang='lat' dir='ltr'>indifferens</span> <span class='ocrx_word' id='word_1_39' title='bbox 1023 1064 1070 1139; x_wconf 88' lang='lat' dir='ltr'>ad</span> <span class='ocrx_word' id='word_1_40' title='bbox 1095 1071 1298 1161; x_wconf 80' lang='lat' dir='ltr'>utrumqne,</span> <span class='ocrx_word' id='word_1_41' title='bbox 1315 1087 1386 1140; x_wconf 87' lang='lat' dir='ltr'>nno</span> <span class='ocrx_word' id='word_1_42' title='bbox 1412 1065 1525 1160; x_wconf 81' lang='lat' dir='ltr'>gradu</span> <span class='ocrx_word' id='word_1_43' title='bbox 1550 1066 1719 1140; x_wconf 72' lang='lat' dir='ltr'>distensa</span> <span class='ocrx_word' id='word_1_44' title='bbox 1743 1065 1884 1158; x_wconf 83' lang='lat' dir='ltr'>fids,&#39;in</span> 
     </span>
    </p>
   </div>
   <div class='ocr_carea' id='block_1_3' title="bbox 479 1181 1886 4738">
    <p class='ocr_par' dir='ltr' id='par_1_3' title="bbox 479 1181 1886 4738">
     <span class='ocr_line' id='line_1_6' title="bbox 481 1181 1886 1286; baseline 0.006 -32"><span class='ocrx_word' id='word_1_45' title='bbox 481 1181 680 1275; x_wconf 75' lang='lat' dir='ltr'>thnsmodi</span> <span class='ocrx_word' id='word_1_46' title='bbox 704 1185 837 1280; x_wconf 89' lang='lat' dir='ltr'>papalis</span> <span class='ocrx_word' id='word_1_47' title='bbox 855 1187 1064 1260; x_wconf 76' lang='lat' dir='ltr'><strong>conscientie</strong></span> <span class='ocrx_word' id='word_1_48' title='bbox 1088 1189 1214 1260; x_wconf 90' lang='lat' dir='ltr'>ostium</span> <span class='ocrx_word' id='word_1_49' title='bbox 1236 1188 1381 1284; x_wconf 76' lang='lat' dir='ltr'>&#39;infringi</span> <span class='ocrx_word' id='word_1_50' title='bbox 1403 1190 1547 1262; x_wconf 90' lang='lat' dir='ltr'>minime</span> <span class='ocrx_word' id='word_1_51' title='bbox 1570 1191 1759 1265; x_wconf 77' lang='lat' dir='ltr'>debuisset.</span> <span class='ocrx_word' id='word_1_52' title='bbox 1777 1191 1886 1286; x_wconf 82' lang='lat' dir='ltr'>Super</span> 
     </span>
     <span class='ocr_line' id='line_1_7' title="bbox 481 1305 1884 1408; baseline 0.008 -32"><span class='ocrx_word' id='word_1_53' title='bbox 481 1305 608 1400; x_wconf 91' lang='lat' dir='ltr'>quibus</span> <span class='ocrx_word' id='word_1_54' title='bbox 626 1307 785 1382; x_wconf 91' lang='lat' dir='ltr'>omnibus</span> <span class='ocrx_word' id='word_1_55' title='bbox 799 1309 1020 1408; x_wconf 87' lang='lat' dir='ltr'>vehementer</span> <span class='ocrx_word' id='word_1_56' title='bbox 1032 1312 1189 1405; x_wconf 79' lang='lat' dir='ltr'>cogimur</span> <span class='ocrx_word' id='word_1_57' title='bbox 1208 1311 1392 1400; x_wconf 77' lang='lat' dir='ltr'>admirari,</span> <span class='ocrx_word' id='word_1_58' title='bbox 1410 1322 1446 1386; x_wconf 88' lang='lat' dir='ltr'>et</span> <span class='ocrx_word' id='word_1_59' title='bbox 1463 1323 1578 1390; x_wconf 82' lang='lat' dir='ltr'>nostre</span> <span class='ocrx_word' id='word_1_60' title='bbox 1593 1315 1719 1386; x_wconf 89' lang='lat' dir='ltr'>mentis</span> <span class='ocrx_word' id='word_1_61' title='bbox 1736 1313 1884 1408; x_wconf 80' lang='lat' dir='ltr'>quietern</span> 
     </span>
     <span class='ocr_line' id='line_1_8' title="bbox 481 1432 1882 1530; baseline 0.006 -28"><span class='ocrx_word' id='word_1_62' title='bbox 481 1433 590 1504; x_wconf 91' lang='lat' dir='ltr'>mulla</span> <span class='ocrx_word' id='word_1_63' title='bbox 607 1440 715 1504; x_wconf 85' lang='lat' dir='ltr'>vexat</span> <span class='ocrx_word' id='word_1_64' title='bbox 732 1432 901 1524; x_wconf 79' lang='lat' dir='ltr'>turbatio,</span> <span class='ocrx_word' id='word_1_65' title='bbox 919 1433 1017 1528; x_wconf 91' lang='lat' dir='ltr'>qnod</span> <span class='ocrx_word' id='word_1_66' title='bbox 1033 1456 1097 1508; x_wconf 90' lang='lat' dir='ltr'>vos</span> <span class='ocrx_word' id='word_1_67' title='bbox 1114 1435 1177 1530; x_wconf 91' lang='lat' dir='ltr'>qui</span> <span class='ocrx_word' id='word_1_68' title='bbox 1199 1436 1281 1508; x_wconf 86' lang='lat' dir='ltr'>estis</span> <span class='ocrx_word' id='word_1_69' title='bbox 1294 1435 1882 1528; x_wconf 82' lang='lat' dir='ltr'>Ecclesiefundamenta,·columne,</span> 
     </span>
     <span class='ocr_line' id='line_1_9' title="bbox 479 1553 1884 1650; baseline 0.001 -22"><span class='ocrx_word' id='word_1_70' title='bbox 479 1553 694 1628; x_wconf 82' lang='lat' dir='ltr'>rectitudinis</span> <span class='ocrx_word' id='word_1_71' title='bbox 723 1577 927 1646; x_wconf 88' lang='lat' dir='ltr'>assessores,</span> <span class='ocrx_word' id='word_1_72' title='bbox 959 1558 1047 1630; x_wconf 90' lang='lat' dir='ltr'>Petri</span> <span class='ocrx_word' id='word_1_73' title='bbox 1075 1557 1171 1631; x_wconf 88' lang='lat' dir='ltr'>urbis</span> <span class='ocrx_word' id='word_1_74' title='bbox 1200 1567 1396 1650; x_wconf 76' lang='lat' dir='ltr'>senatores,</span> <span class='ocrx_word' id='word_1_75' title='bbox 1428 1569 1463 1632; x_wconf 88' lang='lat' dir='ltr'>st</span> <span class='ocrx_word' id='word_1_76' title='bbox 1487 1561 1583 1633; x_wconf 84' lang='lat' dir='ltr'>orbis</span> <span class='ocrx_word' id='word_1_77' title='bbox 1610 1559 1790 1647; x_wconf 75' lang='lat' dir='ltr'>cardines,</span> <span class='ocrx_word' id='word_1_78' title='bbox 1818 1581 1884 1632; x_wconf 91' lang='lat' dir='ltr'>non</span> 
     </span>
     <span class='ocr_line' id='line_1_10' title="bbox 481 1678 1886 1778; baseline 0.004 -28"><span class='ocrx_word' id='word_1_79' title='bbox 481 1678 626 1751; x_wconf 83' lang='lat' dir='ltr'>flexistis</span> <span class='ocrx_word' id='word_1_80' title='bbox 652 1687 783 1750; x_wconf 93' lang='lat' dir='ltr'>motum</span> <span class='ocrx_word' id='word_1_81' title='bbox 806 1680 933 1770; x_wconf 87' lang='lat' dir='ltr'>judicis</span> <span class='ocrx_word' id='word_1_82' title='bbox 959 1681 1194 1772; x_wconf 90' lang='lat' dir='ltr'>fulminantis,</span> <span class='ocrx_word' id='word_1_83' title='bbox 1216 1681 1510 1775; x_wconf 85' lang='lat' dir='ltr'>quemadmodum</span> <span class='ocrx_word' id='word_1_84' title='bbox 1537 1684 1731 1778; x_wconf 78' lang='lat' dir='ltr'>supa-iores</span> <span class='ocrx_word' id='word_1_85' title='bbox 1753 1683 1886 1777; x_wconf 76' lang='lat' dir='ltr'>planem</span> 
     </span>
     <span class='ocr_line' id='line_1_11' title="bbox 481 1801 1886 1898; baseline 0.002 -25"><span class='ocrx_word' id='word_1_86' title='bbox 481 1801 629 1894; x_wconf 84' lang='lat' dir='ltr'>faciunt,</span> <span class='ocrx_word' id='word_1_87' title='bbox 646 1801 707 1896; x_wconf 90' lang='lat' dir='ltr'>qni</span> <span class='ocrx_word' id='word_1_88' title='bbox 725 1801 770 1874; x_wconf 87' lang='lat' dir='ltr'>ad</span> <span class='ocrx_word' id='word_1_89' title='bbox 786 1801 1027 1876; x_wconf 78' lang='lat' dir='ltr'>retardandum</span> <span class='ocrx_word' id='word_1_90' title='bbox 1040 1804 1159 1895; x_wconf 72' lang='lat' dir='ltr'>magni</span> <span class='ocrx_word' id='word_1_91' title='bbox 1179 1804 1332 1898; x_wconf 89' lang='lat' dir='ltr'>corporis</span> <span class='ocrx_word' id='word_1_92' title='bbox 1348 1806 1565 1878; x_wconf 89' lang='lat' dir='ltr'>velocitatem</span> <span class='ocrx_word' id='word_1_93' title='bbox 1585 1805 1764 1879; x_wconf 86' lang='lat' dir='ltr'>contrariis</span> <span class='ocrx_word' id='word_1_94' title='bbox 1780 1805 1886 1878; x_wconf 90' lang='lat' dir='ltr'>moti-</span> 
     </span>
     <span class='ocr_line' id='line_1_12' title="bbox 480 1925 1886 2025; baseline 0.001 -27"><span class='ocrx_word' id='word_1_95' title='bbox 480 1925 547 1998; x_wconf 86' lang='lat' dir='ltr'>bus</span> <span class='ocrx_word' id='word_1_96' title='bbox 571 1934 805 2020; x_wconf 91' lang='lat' dir='ltr'>opponuntnr.</span> <span class='ocrx_word' id='word_1_97' title='bbox 831 1926 963 2000; x_wconf 86' lang='lat' dir='ltr'>Revera</span> <span class='ocrx_word' id='word_1_98' title='bbox 991 1927 1177 2022; x_wconf 85' lang='lat' dir='ltr'>imperialis</span> <span class='ocrx_word' id='word_1_99' title='bbox 1208 1927 1350 2000; x_wconf 74' lang='lat' dir='ltr'>felicitas</span> <span class='ocrx_word' id='word_1_100' title='bbox 1369 1930 1485 2024; x_wconf 82' lang='lat' dir='ltr'>papali</span> <span class='ocrx_word' id='word_1_101' title='bbox 1508 1951 1643 2024; x_wconf 90' lang='lat' dir='ltr'>semper</span> <span class='ocrx_word' id='word_1_102' title='bbox 1668 1931 1886 2025; x_wconf 82' lang='lat' dir='ltr'>impugnatur</span> 
     </span>
     <span class='ocr_line' id='line_1_13' title="bbox 481 2047 1884 2147; baseline 0.001 -27"><span class='ocrx_word' id='word_1_103' title='bbox 481 2047 627 2122; x_wconf 87' lang='lat' dir='ltr'>invidia.</span> <span class='ocrx_word' id='word_1_104' title='bbox 651 2049 750 2122; x_wconf 87' lang='lat' dir='ltr'>Unde</span> <span class='ocrx_word' id='word_1_105' title='bbox 772 2047 964 2124; x_wconf 89' lang='lat' dir='ltr'>Simonides</span> <span class='ocrx_word' id='word_1_106' title='bbox 985 2051 1211 2144; x_wconf 80' lang='lat' dir='ltr'>interrogatus</span> <span class='ocrx_word' id='word_1_107' title='bbox 1233 2073 1296 2124; x_wconf 88' lang='lat' dir='ltr'>our</span> <span class='ocrx_word' id='word_1_108' title='bbox 1315 2051 1453 2124; x_wconf 88' lang='lat' dir='ltr'>invidos</span> <span class='ocrx_word' id='word_1_109' title='bbox 1479 2073 1549 2126; x_wconf 96' lang='lat' dir='ltr'>non</span> <span class='ocrx_word' id='word_1_110' title='bbox 1564 2051 1722 2144; x_wconf 80' lang='lat' dir='ltr'>haberet,</span> <span class='ocrx_word' id='word_1_111' title='bbox 1744 2072 1884 2147; x_wconf 90' lang='lat' dir='ltr'>respon·</span> 
     </span>
     <span class='ocr_line' id='line_1_14' title="bbox 482 2171 1880 2270; baseline 0.001 -24"><span class='ocrx_word' id='word_1_112' title='bbox 482 2171 553 2246; x_wconf 89' lang='lat' dir='ltr'>dit:</span> <span class='ocrx_word' id='word_1_113' title='bbox 573 2199 590 2242; x_wconf 84' lang='lat' dir='ltr'>o</span> <span class='ocrx_word' id='word_1_114' title='bbox 612 2173 700 2258; x_wconf 86' lang='lat' dir='ltr'>Quia</span> <span class='ocrx_word' id='word_1_115' title='bbox 717 2171 802 2244; x_wconf 91' lang='lat' dir='ltr'>nihil</span> <span class='ocrx_word' id='word_1_116' title='bbox 813 2173 955 2246; x_wconf 78' lang='lat' dir='ltr'>feliciter</span> <span class='ocrx_word' id='word_1_117' title='bbox 968 2174 1072 2267; x_wconf 76' lang='lat' dir='ltr'>gessi.</span> <span class='ocrx_word' id='word_1_118' title='bbox 1089 2175 1164 2246; x_wconf 75' lang='lat' dir='ltr'>alit</span> <span class='ocrx_word' id='word_1_119' title='bbox 1180 2175 1264 2268; x_wconf 86' lang='lat' dir='ltr'>qnia</span> <span class='ocrx_word' id='word_1_120' title='bbox 1282 2197 1444 2270; x_wconf 90' lang='lat' dir='ltr'>prospera</span> <span class='ocrx_word' id='word_1_121' title='bbox 1462 2175 1580 2266; x_wconf 92' lang='lat' dir='ltr'>nobis,</span> <span class='ocrx_word' id='word_1_122' title='bbox 1598 2177 1669 2249; x_wconf 87' lang='lat' dir='ltr'>Deo</span> <span class='ocrx_word' id='word_1_123' title='bbox 1686 2173 1880 2262; x_wconf 84' lang='lat' dir='ltr'>benedicto,</span> 
     </span>
     <span class='ocr_line' id='line_1_15' title="bbox 481 2295 1884 2393; baseline 0.002 -25"><span class='ocrx_word' id='word_1_124' title='bbox 481 2303 604 2369; x_wconf 87' lang='lat' dir='ltr'>cuncta</span> <span class='ocrx_word' id='word_1_125' title='bbox 620 2295 831 2390; x_wconf 88' lang='lat' dir='ltr'>succedunt,</span> <span class='ocrx_word' id='word_1_126' title='bbox 852 2298 1030 2393; x_wconf 85' lang='lat' dir='ltr'>presertim</span> <span class='ocrx_word' id='word_1_127' title='bbox 1045 2319 1125 2370; x_wconf 89' lang='lat' dir='ltr'>enm</span> <span class='ocrx_word' id='word_1_128' title='bbox 1142 2298 1353 2371; x_wconf 90' lang='lat' dir='ltr'>Lombardos</span> <span class='ocrx_word' id='word_1_129' title='bbox 1370 2297 1513 2372; x_wconf 85' lang='lat' dir='ltr'>rebelles</span> <span class='ocrx_word' id='word_1_130' title='bbox 1526 2307 1659 2372; x_wconf 86' lang='lat' dir='ltr'>nostrus</span> <span class='ocrx_word' id='word_1_131' title='bbox 1682 2298 1729 2373; x_wconf 89' lang='lat' dir='ltr'>ad</span> <span class='ocrx_word' id='word_1_132' title='bbox 1746 2308 1884 2371; x_wconf 88' lang='lat' dir='ltr'>mortem</span> 
     </span>
     <span class='ocr_line' id='line_1_16' title="bbox 480 2420 1885 2516; baseline 0.002 -24"><span class='ocrx_word' id='word_1_133' title='bbox 480 2420 731 2514; x_wconf 90' lang='lat' dir='ltr'>persequimur,</span> <span class='ocrx_word' id='word_1_134' title='bbox 748 2441 835 2514; x_wconf 90' lang='lat' dir='ltr'>qnos</span> <span class='ocrx_word' id='word_1_135' title='bbox 857 2421 930 2516; x_wconf 90' lang='lat' dir='ltr'>ipse</span> <span class='ocrx_word' id='word_1_136' title='bbox 948 2421 1196 2516; x_wconf 85' lang='lat' dir='ltr'>predestinavit</span> <span class='ocrx_word' id='word_1_137' title='bbox 1210 2421 1256 2496; x_wconf 90' lang='lat' dir='ltr'>ad</span> <span class='ocrx_word' id='word_1_138' title='bbox 1268 2422 1395 2513; x_wconf 83' lang='lat' dir='ltr'>vitam3</span> <span class='ocrx_word' id='word_1_139' title='bbox 1412 2421 1477 2494; x_wconf 91' lang='lat' dir='ltr'>hec</span> <span class='ocrx_word' id='word_1_140' title='bbox 1493 2432 1546 2495; x_wconf 90' lang='lat' dir='ltr'>est</span> <span class='ocrx_word' id='word_1_141' title='bbox 1558 2443 1664 2496; x_wconf 85' lang='lat' dir='ltr'>causa</span> <span class='ocrx_word' id='word_1_142' title='bbox 1677 2443 1787 2515; x_wconf 86' lang='lat' dir='ltr'>quare</span> <span class='ocrx_word' id='word_1_143' title='bbox 1802 2443 1885 2516; x_wconf 86' lang='lat' dir='ltr'>pon·</span> 
     </span>
     <span class='ocr_line' id='line_1_17' title="bbox 481 2543 1886 2638; baseline 0.002 -24"><span class='ocrx_word' id='word_1_144' title='bbox 481 2543 568 2616; x_wconf 88' lang='lat' dir='ltr'>tifex</span> <span class='ocrx_word' id='word_1_145' title='bbox 595 2544 670 2638; x_wconf 91' lang='lat' dir='ltr'>ipse</span> <span class='ocrx_word' id='word_1_146' title='bbox 698 2543 906 2638; x_wconf 86' lang='lat' dir='ltr'>apostoliens</span> <span class='ocrx_word' id='word_1_147' title='bbox 927 2543 1141 2638; x_wconf 83' lang='lat' dir='ltr'>ingemiscit,</span> <span class='ocrx_word' id='word_1_148' title='bbox 1168 2553 1203 2616; x_wconf 90' lang='lat' dir='ltr'>et</span> <span class='ocrx_word' id='word_1_149' title='bbox 1228 2566 1323 2617; x_wconf 92' lang='lat' dir='ltr'>nnnc</span> <span class='ocrx_word' id='word_1_150' title='bbox 1349 2544 1395 2618; x_wconf 91' lang='lat' dir='ltr'>de</span> <span class='ocrx_word' id='word_1_151' title='bbox 1423 2547 1566 2619; x_wconf 90' lang='lat' dir='ltr'>oonsilio</span> <span class='ocrx_word' id='word_1_152' title='bbox 1594 2555 1711 2618; x_wconf 83' lang='lat' dir='ltr'>vestro</span> <span class='ocrx_word' id='word_1_153' title='bbox 1738 2545 1886 2619; x_wconf 78' lang='lat' dir='ltr'>felicitati</span> 
     </span>
     <span class='ocr_line' id='line_1_18' title="bbox 481 2665 1885 2764; baseline 0.001 -26"><span class='ocrx_word' id='word_1_154' title='bbox 481 2675 595 2738; x_wconf 89' lang='lat' dir='ltr'>nostre</span> <span class='ocrx_word' id='word_1_155' title='bbox 620 2665 803 2741; x_wconf 88' lang='lat' dir='ltr'>instituerit</span> <span class='ocrx_word' id='word_1_156' title='bbox 825 2665 978 2740; x_wconf 89' lang='lat' dir='ltr'>obviare.</span> <span class='ocrx_word' id='word_1_157' title='bbox 1000 2669 1129 2740; x_wconf 86' lang='lat' dir='ltr'>Verum</span> <span class='ocrx_word' id='word_1_158' title='bbox 1151 2667 1197 2740; x_wconf 94' lang='lat' dir='ltr'>de</span> <span class='ocrx_word' id='word_1_159' title='bbox 1219 2677 1386 2764; x_wconf 85' lang='lat' dir='ltr'>potestate</span> <span class='ocrx_word' id='word_1_160' title='bbox 1406 2667 1541 2763; x_wconf 79' lang='lat' dir='ltr'>ligandi</span> <span class='ocrx_word' id='word_1_161' title='bbox 1564 2677 1599 2742; x_wconf 91' lang='lat' dir='ltr'>et</span> <span class='ocrx_word' id='word_1_162' title='bbox 1621 2665 1778 2741; x_wconf 91' lang='lat' dir='ltr'>solvendi</span> <span class='ocrx_word' id='word_1_163' title='bbox 1801 2667 1885 2740; x_wconf 87' lang='lat' dir='ltr'>forta</span> 
     </span>
     <span class='ocr_line' id='line_1_19' title="bbox 480 2789 1885 2888; baseline 0 -27"><span class='ocrx_word' id='word_1_164' title='bbox 480 2791 554 2883; x_wconf 90' lang='lat' dir='ltr'>ipse</span> <span class='ocrx_word' id='word_1_165' title='bbox 569 2789 728 2862; x_wconf 91' lang='lat' dir='ltr'>dominus</span> <span class='ocrx_word' id='word_1_166' title='bbox 739 2789 905 2880; x_wconf 79' lang='lat' dir='ltr'>gloriatur</span> <span class='ocrx_word' id='word_1_167' title='bbox 919 2799 952 2863; x_wconf 91' lang='lat' dir='ltr'>et</span> <span class='ocrx_word' id='word_1_168' title='bbox 969 2791 1108 2884; x_wconf 72' lang='lat' dir='ltr'>pnngit,</span> <span class='ocrx_word' id='word_1_169' title='bbox 1127 2789 1190 2864; x_wconf 90' lang='lat' dir='ltr'>sed</span> <span class='ocrx_word' id='word_1_170' title='bbox 1201 2791 1262 2863; x_wconf 94' lang='lat' dir='ltr'>ubi</span> <span class='ocrx_word' id='word_1_171' title='bbox 1280 2791 1392 2864; x_wconf 89' lang='lat' dir='ltr'>virtus</span> <span class='ocrx_word' id='word_1_172' title='bbox 1405 2791 1523 2864; x_wconf 89' lang='lat' dir='ltr'>deficit</span> <span class='ocrx_word' id='word_1_173' title='bbox 1536 2793 1724 2888; x_wconf 85' lang='lat' dir='ltr'>potestatis,</span> <span class='ocrx_word' id='word_1_174' title='bbox 1741 2791 1791 2864; x_wconf 92' lang='lat' dir='ltr'>ibi</span> <span class='ocrx_word' id='word_1_175' title='bbox 1806 2789 1885 2862; x_wconf 86' lang='lat' dir='ltr'>snb-</span> 
     </span>
     <span class='ocr_line' id='line_1_20' title="bbox 481 2913 1885 3011; baseline -0.001 -25"><span class='ocrx_word' id='word_1_176' title='bbox 481 2914 586 2986; x_wconf 89' lang='lat' dir='ltr'>servit</span> <span class='ocrx_word' id='word_1_177' title='bbox 604 2913 734 2986; x_wconf 90' lang='lat' dir='ltr'>abusus</span> <span class='ocrx_word' id='word_1_178' title='bbox 753 2941 762 2984; x_wconf 77' lang='grc' dir='ltr'><strong><em>ε</em></strong></span> <span class='ocrx_word' id='word_1_179' title='bbox 784 2914 850 2986; x_wconf 88' lang='lat' dir='ltr'>boo</span> <span class='ocrx_word' id='word_1_180' title='bbox 877 2915 912 2984; x_wconf 93' lang='lat' dir='ltr'>in</span> <span class='ocrx_word' id='word_1_181' title='bbox 930 2936 973 2986; x_wconf 89' lang='lat' dir='ltr'>eo</span> <span class='ocrx_word' id='word_1_182' title='bbox 992 2915 1209 3008; x_wconf 80' lang='lat' dir='ltr'>intelligitur,</span> <span class='ocrx_word' id='word_1_183' title='bbox 1229 2915 1291 3010; x_wconf 73' lang='lat' dir='ltr'>dui</span> <span class='ocrx_word' id='word_1_184' title='bbox 1311 2916 1405 3010; x_wconf 80' lang='lat' dir='ltr'>regie</span> <span class='ocrx_word' id='word_1_185' title='bbox 1425 2916 1601 3011; x_wconf 88' lang='lat' dir='ltr'>potestatis</span> <span class='ocrx_word' id='word_1_186' title='bbox 1621 2937 1768 3010; x_wconf 80' lang='lat' dir='ltr'>magnus</span> <span class='ocrx_word' id='word_1_187' title='bbox 1791 2915 1885 3009; x_wconf 91' lang='lat' dir='ltr'>prin-</span> 
     </span>
     <span class='ocr_line' id='line_1_21' title="bbox 481 3036 1880 3135; baseline 0 -25"><span class='ocrx_word' id='word_1_188' title='bbox 481 3059 580 3132; x_wconf 89' lang='lat' dir='ltr'>ceps,</span> <span class='ocrx_word' id='word_1_189' title='bbox 596 3037 748 3108; x_wconf 88' lang='lat' dir='ltr'>eximius</span> <span class='ocrx_word' id='word_1_190' title='bbox 771 3036 1032 3132; x_wconf 88' lang='lat' dir='ltr'>prophetarum,</span> <span class='ocrx_word' id='word_1_191' title='bbox 1056 3039 1303 3111; x_wconf 81' lang='lat' dir='ltr'>restitutionem</span> <span class='ocrx_word' id='word_1_192' title='bbox 1325 3039 1489 3133; x_wconf 86' lang='lat' dir='ltr'>poscebat</span> <span class='ocrx_word' id='word_1_193' title='bbox 1509 3040 1649 3135; x_wconf 90' lang='lat' dir='ltr'>spiritus</span> <span class='ocrx_word' id='word_1_194' title='bbox 1670 3037 1880 3134; x_wconf 89' lang='lat' dir='ltr'>principalis,</span> 
     </span>
     <span class='ocr_line' id='line_1_22' title="bbox 480 3160 1884 3258; baseline -0.001 -24"><span class='ocrx_word' id='word_1_195' title='bbox 480 3163 562 3256; x_wconf 89' lang='lat' dir='ltr'>quia</span> <span class='ocrx_word' id='word_1_196' title='bbox 581 3162 746 3256; x_wconf 85' lang='lat' dir='ltr'>polluerat</span> <span class='ocrx_word' id='word_1_197' title='bbox 763 3161 866 3234; x_wconf 88' lang='lat' dir='ltr'>oflicii</span> <span class='ocrx_word' id='word_1_198' title='bbox 884 3161 1100 3252; x_wconf 78' lang='lat' dir='ltr'>dignitatem.</span> <span class='ocrx_word' id='word_1_199' title='bbox 1121 3160 1190 3233; x_wconf 92' lang='lat' dir='ltr'>Sed</span> <span class='ocrx_word' id='word_1_200' title='bbox 1212 3163 1405 3236; x_wconf 87' lang='lat' dir='ltr'>secundnm</span> <span class='ocrx_word' id='word_1_201' title='bbox 1428 3163 1525 3258; x_wconf 91' lang='lat' dir='ltr'>quod</span> <span class='ocrx_word' id='word_1_202' title='bbox 1549 3163 1799 3236; x_wconf 89' lang='lat' dir='ltr'>indissolubilia</span> <span class='ocrx_word' id='word_1_203' title='bbox 1818 3181 1884 3234; x_wconf 89' lang='lat' dir='ltr'>non</span> 
     </span>
     <span class='ocr_line' id='line_1_23' title="bbox 481 3284 1882 3381; baseline -0.001 -24"><span class='ocrx_word' id='word_1_204' title='bbox 481 3286 678 3372; x_wconf 87' lang='lat' dir='ltr'>solvuntur,</span> <span class='ocrx_word' id='word_1_205' title='bbox 700 3285 747 3356; x_wconf 87' lang='lat' dir='ltr'>ita</span> <span class='ocrx_word' id='word_1_206' title='bbox 763 3293 798 3356; x_wconf 88' lang='lat' dir='ltr'>et</span> <span class='ocrx_word' id='word_1_207' title='bbox 815 3284 995 3377; x_wconf 80' lang='lat' dir='ltr'>illigabilia</span> <span class='ocrx_word' id='word_1_208' title='bbox 1007 3307 1077 3358; x_wconf 96' lang='lat' dir='ltr'>non</span> <span class='ocrx_word' id='word_1_209' title='bbox 1089 3287 1240 3378; x_wconf 80' lang='lat' dir='ltr'>ligantur</span> <span class='ocrx_word' id='word_1_210' title='bbox 1255 3311 1266 3357; x_wconf 76' lang='lat' dir='ltr'>r</span> <span class='ocrx_word' id='word_1_211' title='bbox 1283 3284 1378 3381; x_wconf 83' lang='lat' dir='ltr'>qnod</span> <span class='ocrx_word' id='word_1_212' title='bbox 1396 3308 1495 3360; x_wconf 87' lang='lat' dir='ltr'>exeo</span> <span class='ocrx_word' id='word_1_213' title='bbox 1506 3287 1684 3358; x_wconf 89' lang='lat' dir='ltr'>manifeste</span> <span class='ocrx_word' id='word_1_214' title='bbox 1702 3285 1882 3380; x_wconf 84' lang='lat' dir='ltr'>probatur,</span> 
     </span>
     <span class='ocr_line' id='line_1_24' title="bbox 480 3409 1885 3505; baseline 0 -25"><span class='ocrx_word' id='word_1_215' title='bbox 480 3411 563 3504; x_wconf 87' lang='lat' dir='ltr'>quia</span> <span class='ocrx_word' id='word_1_216' title='bbox 583 3430 680 3482; x_wconf 89' lang='lat' dir='ltr'>sacra</span> <span class='ocrx_word' id='word_1_217' title='bbox 702 3409 829 3505; x_wconf 88' lang='lat' dir='ltr'>scripta</span> <span class='ocrx_word' id='word_1_218' title='bbox 853 3409 1050 3481; x_wconf 86' lang='lat' dir='ltr'>instruunt:</span> <span class='ocrx_word' id='word_1_219' title='bbox 1075 3409 1284 3482; x_wconf 86' lang='lat' dir='ltr'>mortificant</span> <span class='ocrx_word' id='word_1_220' title='bbox 1298 3411 1432 3484; x_wconf 87' lang='lat' dir='ltr'>animas</span> <span class='ocrx_word' id='word_1_221' title='bbox 1452 3431 1522 3505; x_wconf 90' lang='lat' dir='ltr'>que</span> <span class='ocrx_word' id='word_1_222' title='bbox 1537 3430 1607 3482; x_wconf 93' lang='lat' dir='ltr'>non</span> <span class='ocrx_word' id='word_1_223' title='bbox 1628 3410 1835 3499; x_wconf 90' lang='lat' dir='ltr'>moriuntur,</span> <span class='ocrx_word' id='word_1_224' title='bbox 1852 3415 1885 3481; x_wconf 90' lang='lat' dir='ltr'>et</span> 
     </span>
     <span class='ocr_line' id='line_1_25' title="bbox 480 3531 1880 3627; baseline -0.003 -22"><span class='ocrx_word' id='word_1_225' title='bbox 480 3531 658 3605; x_wconf 86' lang='lat' dir='ltr'>vivificant</span> <span class='ocrx_word' id='word_1_226' title='bbox 674 3551 743 3625; x_wconf 90' lang='lat' dir='ltr'>que</span> <span class='ocrx_word' id='word_1_227' title='bbox 768 3551 837 3604; x_wconf 94' lang='lat' dir='ltr'>non</span> <span class='ocrx_word' id='word_1_228' title='bbox 861 3531 997 3604; x_wconf 88' lang='lat' dir='ltr'>vivunt.</span> <span class='ocrx_word' id='word_1_229' title='bbox 1025 3532 1139 3604; x_wconf 89' lang='lat' dir='ltr'>Potest</span> <span class='ocrx_word' id='word_1_230' title='bbox 1163 3553 1265 3627; x_wconf 77' lang='lat' dir='ltr'>ergo,</span> <span class='ocrx_word' id='word_1_231' title='bbox 1294 3553 1364 3626; x_wconf 93' lang='lat' dir='ltr'>que</span> <span class='ocrx_word' id='word_1_232' title='bbox 1390 3555 1460 3605; x_wconf 95' lang='lat' dir='ltr'>non</span> <span class='ocrx_word' id='word_1_233' title='bbox 1482 3539 1563 3605; x_wconf 90' lang='lat' dir='ltr'>sunt</span> <span class='ocrx_word' id='word_1_234' title='bbox 1587 3531 1693 3626; x_wconf 83' lang='lat' dir='ltr'>digna</span> <span class='ocrx_word' id='word_1_235' title='bbox 1717 3531 1880 3625; x_wconf 86' lang='lat' dir='ltr'>potentie,</span> 
     </span>
     <span class='ocr_line' id='line_1_26' title="bbox 481 3653 1885 3754; baseline 0 -26"><span class='ocrx_word' id='word_1_236' title='bbox 481 3665 649 3752; x_wconf 86' lang='lat' dir='ltr'>qnantum</span> <span class='ocrx_word' id='word_1_237' title='bbox 674 3665 709 3728; x_wconf 85' lang='lat' dir='ltr'>et</span> <span class='ocrx_word' id='word_1_238' title='bbox 726 3655 878 3749; x_wconf 88' lang='lat' dir='ltr'>quando.</span> <span class='ocrx_word' id='word_1_239' title='bbox 904 3657 990 3728; x_wconf 89' lang='lat' dir='ltr'>Nam</span> <span class='ocrx_word' id='word_1_240' title='bbox 1008 3679 1087 3728; x_wconf 92' lang='lat' dir='ltr'>cum</span> <span class='ocrx_word' id='word_1_241' title='bbox 1108 3659 1201 3729; x_wconf 90' lang='lat' dir='ltr'>Deus</span> <span class='ocrx_word' id='word_1_242' title='bbox 1224 3657 1340 3730; x_wconf 88' lang='lat' dir='ltr'>omnia</span> <span class='ocrx_word' id='word_1_243' title='bbox 1360 3657 1487 3754; x_wconf 89' lang='lat' dir='ltr'>possit,</span> <span class='ocrx_word' id='word_1_244' title='bbox 1518 3664 1570 3728; x_wconf 91' lang='lat' dir='ltr'>est</span> <span class='ocrx_word' id='word_1_245' title='bbox 1586 3655 1682 3728; x_wconf 89' lang='lat' dir='ltr'>aliud</span> <span class='ocrx_word' id='word_1_246' title='bbox 1699 3653 1795 3750; x_wconf 88' lang='lat' dir='ltr'>quod</span> <span class='ocrx_word' id='word_1_247' title='bbox 1816 3675 1885 3728; x_wconf 93' lang='lat' dir='ltr'>non</span> 
     </span>
     <span class='ocr_line' id='line_1_27' title="bbox 480 3779 1885 3874; baseline -0.001 -22"><span class='ocrx_word' id='word_1_248' title='bbox 480 3788 603 3874; x_wconf 87' lang='lat' dir='ltr'>potest.</span> <span class='ocrx_word' id='word_1_249' title='bbox 627 3779 733 3870; x_wconf 84' lang='lat' dir='ltr'>Sane,</span> <span class='ocrx_word' id='word_1_250' title='bbox 754 3779 784 3850; x_wconf 91' lang='lat' dir='ltr'>si</span> <span class='ocrx_word' id='word_1_251' title='bbox 798 3799 902 3852; x_wconf 83' lang='lat' dir='ltr'>verm</span> <span class='ocrx_word' id='word_1_252' title='bbox 916 3787 1007 3852; x_wconf 89' lang='lat' dir='ltr'>esset</span> <span class='ocrx_word' id='word_1_253' title='bbox 1023 3779 1193 3874; x_wconf 83' lang='lat' dir='ltr'>pontifex,</span> <span class='ocrx_word' id='word_1_254' title='bbox 1213 3779 1394 3868; x_wconf 90' lang='lat' dir='ltr'>innocens,</span> <span class='ocrx_word' id='word_1_255' title='bbox 1415 3779 1633 3874; x_wconf 89' lang='lat' dir='ltr'>impollutus,</span> <span class='ocrx_word' id='word_1_256' title='bbox 1654 3785 1885 3871; x_wconf 79' lang='lat' dir='ltr'>segregatnsa</span> 
     </span>
     <span class='ocr_line' id='line_1_28' title="bbox 481 3897 1886 3996; baseline -0.001 -22"><span class='ocrx_word' id='word_1_257' title='bbox 481 3901 720 3996; x_wconf 85' lang='lat' dir='ltr'>peccatoribus</span> <span class='ocrx_word' id='word_1_258' title='bbox 737 3901 1028 3992; x_wconf 85' lang='lat' dir='ltr'>baberetur,.non</span> <span class='ocrx_word' id='word_1_259' title='bbox 1046 3903 1240 3995; x_wconf 82' lang='lat' dir='ltr'>jurgiorum</span> <span class='ocrx_word' id='word_1_260' title='bbox 1257 3902 1416 3994; x_wconf 89' lang='lat' dir='ltr'>victime,</span> <span class='ocrx_word' id='word_1_261' title='bbox 1437 3901 1500 3975; x_wconf 92' lang='lat' dir='ltr'>sed</span> <span class='ocrx_word' id='word_1_262' title='bbox 1517 3901 1704 3974; x_wconf 87' lang='lat' dir='ltr'>hostiarum</span> <span class='ocrx_word' id='word_1_263' title='bbox 1727 3897 1886 3996; x_wconf 81' lang='lat' dir='ltr'>pacifica·</span> 
     </span>
     <span class='ocr_line' id='line_1_29' title="bbox 482 4023 1886 4121; baseline -0.001 -24"><span class='ocrx_word' id='word_1_264' title='bbox 482 4048 558 4098; x_wconf 89' lang='lat' dir='ltr'>rum</span> <span class='ocrx_word' id='word_1_265' title='bbox 582 4023 747 4121; x_wconf 87' lang='lat' dir='ltr'>pacificus</span> <span class='ocrx_word' id='word_1_266' title='bbox 770 4026 979 4115; x_wconf 89' lang='lat' dir='ltr'>immolator;</span> <span class='ocrx_word' id='word_1_267' title='bbox 1003 4035 1037 4098; x_wconf 89' lang='lat' dir='ltr'>et</span> <span class='ocrx_word' id='word_1_268' title='bbox 1055 4037 1197 4121; x_wconf 89' lang='lat' dir='ltr'>poneret</span> <span class='ocrx_word' id='word_1_269' title='bbox 1213 4027 1392 4098; x_wconf 83' lang='lat' dir='ltr'>incensum</span> <span class='ocrx_word' id='word_1_270' title='bbox 1409 4025 1545 4112; x_wconf 89' lang='lat' dir='ltr'>odoris,</span> <span class='ocrx_word' id='word_1_271' title='bbox 1562 4045 1635 4098; x_wconf 94' lang='lat' dir='ltr'>non</span> <span class='ocrx_word' id='word_1_272' title='bbox 1652 4023 1807 4096; x_wconf 85' lang='lat' dir='ltr'>doloris:</span> <span class='ocrx_word' id='word_1_273' title='bbox 1824 4043 1886 4095; x_wconf 89' lang='lat' dir='ltr'>nee</span> 
     </span>
     <span class='ocr_line' id='line_1_30' title="bbox 481 4147 1883 4247; baseline -0.006 -23"><span class='ocrx_word' id='word_1_274' title='bbox 481 4149 694 4247; x_wconf 84' lang='lat' dir='ltr'>pontificium</span> <span class='ocrx_word' id='word_1_275' title='bbox 718 4149 754 4222; x_wconf 96' lang='lat' dir='ltr'>in</span> <span class='ocrx_word' id='word_1_276' title='bbox 775 4149 981 4239; x_wconf 78' lang='lat' dir='ltr'>maleficium</span> <span class='ocrx_word' id='word_1_277' title='bbox 1002 4160 1238 4222; x_wconf 89' lang='lat' dir='ltr'>commutaret.</span> <span class='ocrx_word' id='word_1_278' title='bbox 1257 4151 1293 4220; x_wconf 93' lang='lat' dir='ltr'>Si</span> <span class='ocrx_word' id='word_1_279' title='bbox 1316 4171 1421 4221; x_wconf 87' lang='lat' dir='ltr'>verus</span> <span class='ocrx_word' id='word_1_280' title='bbox 1440 4157 1529 4221; x_wconf 79' lang='lat' dir='ltr'>esset</span> <span class='ocrx_word' id='word_1_281' title='bbox 1548 4149 1722 4243; x_wconf 84' lang='lat' dir='ltr'>pontifex,</span> <span class='ocrx_word' id='word_1_282' title='bbox 1740 4147 1883 4219; x_wconf 85' lang='lat' dir='ltr'>verbum</span> 
     </span>
     <span class='ocr_line' id='line_1_31' title="bbox 482 4271 1884 4368; baseline -0.002 -24"><span class='ocrx_word' id='word_1_283' title='bbox 482 4273 723 4368; x_wconf 87' lang='lat' dir='ltr'>predicationis</span> <span class='ocrx_word' id='word_1_284' title='bbox 747 4295 815 4347; x_wconf 92' lang='lat' dir='ltr'>non</span> <span class='ocrx_word' id='word_1_285' title='bbox 841 4273 988 4346; x_wconf 90' lang='lat' dir='ltr'>traheret</span> <span class='ocrx_word' id='word_1_286' title='bbox 1013 4273 1219 4346; x_wconf 87' lang='lat' dir='ltr'>infractum</span> <span class='ocrx_word' id='word_1_287' title='bbox 1241 4271 1477 4344; x_wconf 88' lang='lat' dir='ltr'>dissensionis.</span> <span class='ocrx_word' id='word_1_288' title='bbox 1495 4271 1567 4348; x_wconf 87' lang='lat' dir='ltr'>Nec</span> <span class='ocrx_word' id='word_1_289' title='bbox 1584 4291 1632 4342; x_wconf 87' lang='lat' dir='ltr'>ex</span> <span class='ocrx_word' id='word_1_290' title='bbox 1653 4271 1719 4343; x_wconf 91' lang='lat' dir='ltr'>boc</span> <span class='ocrx_word' id='word_1_291' title='bbox 1736 4291 1884 4344; x_wconf 86' lang='lat' dir='ltr'>accusa-</span> 
     </span>
     <span class='ocr_line' id='line_1_32' title="bbox 481 4395 1883 4498; baseline -0.004 -30"><span class='ocrx_word' id='word_1_292' title='bbox 481 4399 597 4469; x_wconf 89' lang='lat' dir='ltr'>bimur</span> <span class='ocrx_word' id='word_1_293' title='bbox 613 4398 727 4470; x_wconf 88' lang='lat' dir='ltr'>bostes</span> <span class='ocrx_word' id='word_1_294' title='bbox 741 4397 893 4498; x_wconf 85' lang='lat' dir='ltr'>Ecclesie</span> <span class='ocrx_word' id='word_1_295' title='bbox 912 4396 1027 4468; x_wconf 88' lang='lat' dir='ltr'>matris</span> <span class='ocrx_word' id='word_1_296' title='bbox 1045 4404 1172 4484; x_wconf 88' lang='lat' dir='ltr'>nostro,</span> <span class='ocrx_word' id='word_1_297' title='bbox 1191 4417 1261 4491; x_wconf 88' lang='lat' dir='ltr'>que</span> <span class='ocrx_word' id='word_1_298' title='bbox 1277 4405 1395 4467; x_wconf 89' lang='lat' dir='ltr'>sancta</span> <span class='ocrx_word' id='word_1_299' title='bbox 1410 4395 1515 4465; x_wconf 91' lang='lat' dir='ltr'>estin</span> <span class='ocrx_word' id='word_1_300' title='bbox 1532 4415 1658 4487; x_wconf 80' lang='lat' dir='ltr'>genere</span> <span class='ocrx_word' id='word_1_301' title='bbox 1678 4415 1761 4482; x_wconf 91' lang='lat' dir='ltr'>suo,</span> <span class='ocrx_word' id='word_1_302' title='bbox 1781 4413 1883 4486; x_wconf 89' lang='lat' dir='ltr'>quam</span> 
     </span>
     <span class='ocr_line' id='line_1_33' title="bbox 482 4516 1884 4613; baseline -0.004 -23"><span class='ocrx_word' id='word_1_303' title='bbox 482 4542 560 4590; x_wconf 92' lang='lat' dir='ltr'>cnm</span> <span class='ocrx_word' id='word_1_304' title='bbox 580 4521 770 4593; x_wconf 83' lang='lat' dir='ltr'>reverentia</span> <span class='ocrx_word' id='word_1_305' title='bbox 787 4521 930 4592; x_wconf 90' lang='lat' dir='ltr'>colimus</span> <span class='ocrx_word' id='word_1_306' title='bbox 951 4530 986 4592; x_wconf 91' lang='lat' dir='ltr'>et</span> <span class='ocrx_word' id='word_1_307' title='bbox 1003 4519 1240 4613; x_wconf 88' lang='lat' dir='ltr'>amplectimur</span> <span class='ocrx_word' id='word_1_308' title='bbox 1257 4541 1335 4591; x_wconf 92' lang='lat' dir='ltr'>cum</span> <span class='ocrx_word' id='word_1_309' title='bbox 1355 4517 1501 4608; x_wconf 93' lang='lat' dir='ltr'>honore,</span> <span class='ocrx_word' id='word_1_310' title='bbox 1521 4517 1651 4588; x_wconf 90' lang='lat' dir='ltr'>divinis</span> <span class='ocrx_word' id='word_1_311' title='bbox 1667 4516 1884 4588; x_wconf 88' lang='lat' dir='ltr'>sacramentis</span> 
     </span>
     <span class='ocr_line' id='line_1_34' title="bbox 482 4637 1885 4738; baseline -0.004 -23"><span class='ocrx_word' id='word_1_312' title='bbox 482 4653 655 4734; x_wconf 74' lang='lat' dir='ltr'>ornatam,</span> <span class='ocrx_word' id='word_1_313' title='bbox 677 4664 839 4738; x_wconf 89' lang='lat' dir='ltr'>personas</span> <span class='ocrx_word' id='word_1_314' title='bbox 864 4651 978 4714; x_wconf 89' lang='lat' dir='ltr'>tamen</span> <span class='ocrx_word' id='word_1_315' title='bbox 999 4641 1190 4735; x_wconf 79' lang='lat' dir='ltr'>singulares</span> <span class='ocrx_word' id='word_1_316' title='bbox 1217 4651 1252 4714; x_wconf 93' lang='lat' dir='ltr'>et</span> <span class='ocrx_word' id='word_1_317' title='bbox 1276 4639 1485 4734; x_wconf 88' lang='lat' dir='ltr'>corruptioni</span> <span class='ocrx_word' id='word_1_318' title='bbox 1511 4639 1705 4733; x_wconf 86' lang='lat' dir='ltr'>subjectas,</span> <span class='ocrx_word' id='word_1_319' title='bbox 1730 4637 1885 4718; x_wconf 82' lang='lat' dir='ltr'>emedio</span> 
     </span>
    </p>
   </div>
   <div class='ocr_carea' id='block_1_4' title="bbox 0 0 2121 5892">
    <p class='ocr_par' dir='ltr' id='par_1_4' title="bbox 0 0 2121 5892">
     <span class='ocr_line' id='line_1_35' title="bbox 0 0 2121 5892; baseline 0 0"><span class='ocrx_word' id='word_1_320' title='bbox 0 0 2121 5892; x_wconf 95' lang='lat' dir='ltr'> </span> 
     </span>
    </p>
   </div>
  </div>
 </body>
</html>
