4226 5900
492 534 554 596 420
993 537 1207 602 rutbsluct
1231 534 1402 598 SEGlllllll
1713 531 1795 610 [llus.
1813 529 1904 594 lm.

287 668 336 712 ¹³⁰¹·
347 667 386 712 ¹¹²
394 677 466 712 '⁶¹⁸⁰-
543 664 607 764 [De
624 669 779 740 manduc
801 671 970 764 amperioti
987 675 1077 763 sacto
1090 693 1155 766 per
1158 722 1410 744 .......
1429 669 1552 740 Sacsrc
1567 665 1611 766 et]
1629 669 1671 738 ll.
1695 667 1737 739 dc
1755 669 1907 760 Trcjectc

492 795 624 885 scripsit
641 795 871 866 Laurentius.-

542 915 762 1009 Fredericus‚
782 926 865 1008 etc,
889 917 1046 990 Oderisio
1064 917 1239 1011 Peregrini
1256 917 1300 990 de
1316 915 1452 1012 Capua,
1468 925 1523 990 etc
1524 967 1902 988 ..........

493 1039 734 1133 providentes,
756 1061 817 1135 per
836 1061 983 1134 regnum
997 1049 1150 1114 nostrum
1170 1051 1281 1114 certos
1296 1051 1416 1136 portus
1437 1038 1483 1113 dc
1500 1059 1592 1112 novo
1604 1040 1787 1112 statuimus
1803 1049 1840 1112 et
1853 1039 1907 1112 eis

493 1172 604 1235 certas
623 1183 787 1257 personas
804 1165 1011 1260 prefecimus
1014 1216 1501 1237 .............
1523 1163 1619 1235 curie
1641 1171 1757 1236 nosue
1778 1171 1906 1234 statuto

336 1357 342 1370 ,
493 1307 556 1380 pro
568 1288 708 1380 negotio
721 1287 937 1380 singulorum
952 1287 1083 1361 ibidem
1099 1287 1227 1361 utiliter
1241 1297 1276 1360 et
1292 1286 1438 1360 fideliter
1454 1285 1703 1382 pertractando.
1721 1285 1760 1357 lu
1775 1283 1906 1380 quibus

494 1410 665 1505 portubus
676 1420 810 1483 tautum
827 1434 940 1506 usque
952 1411 999 1484 ad
1009 1412 1284 1506 quinquennium
1298 1411 1536 1484 universaliter
1549 1410 1594 1483 ab
1606 1410 1768 1483 omuibus
1781 1407 1902 1498 vendi,

493 1534 562 1605 emi
579 1543 614 1605 et
636 1535 769 1606 extrahi
789 1535 920 1630 possint
937 1535 1100 1608 victualia
1114 1535 1268 1629 quelibet
1284 1543 1320 1609 et
1336 1544 1449 1629 prater
1473 1535 1600 1629 eqbos,
1625 1553 1751 1627 equas,
1770 1533 1902 1618 mulus,

493 1656 652 1747 bubalos,
666 1657 787 1747 boves,
802 1679 940 1749 vaccas,
957 1658 1117 1731 animalia
1132 1668 1244 1731 cetera
1254 1681 1322 1732 uou
1335 1657 1519 1754 prohibita,
1534 1657 1788 1751 scilicetcapre,
1803 1675 1901 1744 oves,

422 1860 427 1871 ,
493 1780 588 1875 porci
603 1781 786 1872 cujuslibet
802 1783 972 1874 regionis,
988 1791 1023 1853 et
1039 1803 1161 1854 omnes
1180 1804 1222 1854 ac
1239 1783 1370 1875 singuli
1386 1793 1456 1854 tam
1471 1781 1583 1854 incole
1596 1780 1693 1873 regni
1714 1801 1822 1874 qnam
1838 1778 1904 1850 ad-

493 1925 585 1977 vene
597 1905 843 1999 undecumque
861 1907 931 1978 sint
943 1906 1272 2001 preterlleuetosad
1288 1908 1427 1981 eosdem
1445 1917 1565 2003 portus
1579 1927 1701 1978 secure
1714 1903 1858 1976 veniunt
1870 1913 1906 1974 ct

493 2049 607 2100 emere
621 2029 665 2100 de
685 2028 846 2122 predictis
862 2051 931 2124 que
948 2031 1071 2102 volunt
1087 2051 1148 2125 per
1162 2051 1287 2102 manns
1304 2039 1508 2102 statutorum
1525 2031 1561 2100 iu
1583 2028 1753 2124 portubus
1766 2025 1906 2099 eadem·

492 2171 563 2243 que
578 2150 759 2223 extrahere
775 2150 963 2224 deserenda
978 2173 1200 2246 quocumque
1213 2153 1384 2226 volueriut
1399 2153 1655 2248 permictantur.
1673 2151 1712 2221 lu
1728 2148 1857 2244 Apulia
1871 2159 1905 2220 et

492 2273 691 2366 Siciliaque
710 2275 819 2370 magis
837 2275 1016 2348 abundant
1031 2276 1241 2348 victualibus
1256 2276 1379 2370 quinta
1396 2286 1509 2370 parte,
1528 2276 1563 2346 in
1582 2274 1753 2364 Calabria,
1777 2272 1905 2344 Princi-

492 2405 598 2492 patu,
618 2398 721 2469 Terra
737 2399 894 2488 Laboris,
913 2398 1066 2494 Aprucio
1082 2408 1117 2470 et
1137 2400 1222 2472 locis
1241 2397 1478 2490 adJ'accutibus
1496 2398 1641 2492 septima
1653 2405 1749 2490 parte
1763 2393 1815 2488 (l)
1829 2395 1905 2466 vic-

494 2520 640 2591 tualium
650 2520 943 2595 extrahendorum
955 2521 999 2594 de
1012 2523 1179 2618 portubus
1190 2525 1245 2596 vel
1257 2523 1458 2597 animalium
1469 2544 1531 2595 scu
1543 2521 1775 2594 totiuseorum
1787 2519 1903 2613 pretii,

493 2653 595 2736 prout
610 2643 707 2716 curie
725 2654 840 2718 nostre
861 2645 1014 2718 comodis
1033 2647 1149 2740 potius
1170 2647 1329 2741 expedit,
1352 2656 1421 2718 tam
1441 2646 1486 2718 ab
1506 2645 1629 2718 incolis
1652 2665 1759 2738 quam
1777 2641 1905 2714 exteris

492 2785 553 2859 per
568 2775 770 2838 statutorum
788 2789 913 2839 manus
928 2789 990 2862 pro
1008 2771 1088 2862 jure
1102 2770 1197 2841 curie
1213 2779 1328 2842 nostre
1348 2779 1501 2864 recepta.
1521 2768 1605 2840 Cum
1628 2767 1734 2861 igitur
1748 2767 1784 2836 in
1801 2775 1905 2861 portu

492 2910 597 2983 quem
623 2890 659 2960 iu
682 2890 796 2964 Veteri
823 2889 875 2987 (c)
901 2890 947 2964 de
971 2913 1063 2965 novo
1090 2893 1275 2966 statuimus
1306 2903 1340 2966 te
1368 2893 1546 2968 custodem
1572 2901 1607 2966 et
1634 2891 1830 2986 Philippum
1860 2888 1905 2960 de

491 3012 617 3085 Sancto
635 3014 799 3107 Gregorio
813 3015 858 3088 de
870 3015 1012 3088 Salerno
1027 3017 1199 3090 noterium
1212 3017 1418 3091 duxerimus
1432 3015 1647 3107 statuendos,
1665 3013 1711 3087 de
1723 3013 1905 3107 utriusque

492 3135 676 3230 prudentia
693 3147 728 3208 et
746 3135 910 3210 fidelitate
928 3137 1065 3230 confisi,
1090 3139 1246 3214 fidelitati
1273 3149 1332 3214 tue
1350 3141 1492 3214 tirmiter
1509 3137 1732 3237 precipiendo
1755 3135 1905 3208 mauda-

491 3279 570 3332 mus
584 3269 755 3354 quatenus
767 3263 883 3334 statim
899 3263 983 3334 visis
995 3263 1060 3360 bys
1071 3263 1195 3337 licteris
1209 3273 1247 3337 tu
1263 3275 1380 3337 custos
1396 3273 1430 3339 et
1444 3264 1537 3338 idem
1553 3262 1720 3350 notarius,
1733 3259 1791 3332 cui
1807 3259 1905 3354 quod

491 3381 538 3455 ad
556 3390 590 3454 te
606 3384 719 3456 statim
738 3385 858 3458 veniat
871 3395 906 3458 et
920 3387 1023 3478 juxta
1042 3388 1253 3481 presentium
1269 3397 1422 3461 tenorem
1438 3387 1604 3483 procedat
1614 3383 1842 3482 precipimus,
1858 3380 1905 3454 ad

492 3504 664 3580 Andream
682 3507 728 3581 de
746 3509 857 3582 Cicala
876 3510 921 3604 (b)
933 3511 1151 3606 capitaneum
1168 3533 1189 3583 a
1204 3520 1303 3606 porta
1315 3513 1432 3584 lloseti
1446 3532 1558 3606 usque
1575 3513 1737 3582 Trontum
1755 3506 1802 3580 ad
1817 3505 1904 3578 flues

492 3629 591 3724 regni
609 3629 745 3704 fidelem
758 3643 913 3706 nostrum
930 3655 992 3706 vos
1007 3635 1227 3728 personaliter
1242 3632 1425 3708 conseratis
1443 3645 1477 3708 et
1490 3633 1640 3730 prestitis
1658 3652 1773 3704 coram
1788 3629 1904 3700 eccui

493 3753 624 3828 exinde
647 3755 830 3830 scribimus
853 3757 1027 3830 fidelitatis
1050 3768 1084 3830 ct
1104 3759 1208 3831 officii
1233 3781 1296 3854 pro
1315 3768 1412 3854 parte
1432 3769 1548 3832 nostre
1570 3757 1665 3830 curie
1678 3753 1901 3847 juramentis,

492 3878 638 3972 receptis
658 3877 761 3949 etium
783 3880 855 3950 suis
877 3879 1007 3952 exinde
1028 3881 1173 3967 lictcris,
1194 3883 1383 3955 sollicitetis
1397 3883 1437 3955 Τ.
1457 3881 1503 3954 de
1519 3879 1733 3973 hlonteuigm
1750 3876 1904 3968 justitia.-

493 4001 584 4072 rium
600 4001 750 4095 regionis
765 4011 799 4074 et
809 4003 1012 4075 Riccardum
1031 4003 1074 4076 de
1092 4005 1229 4078 Polcaro
1245 4005 1281 4076 in
1299 4005 1413 4078 officio
1428 4004 1551 4098 Augeli
1566 4003 1730 4075 dchlarra
1748 4000 1793 4073 de
1810 4017 1903 4070 novo

494 4133 672 4215 statutum,
689 4122 824 4196 fidelem
843 4137 1013 4217 nostrum,
1028 4128 1158 4222 quibus
1170 4129 1273 4202 etiam
1291 4151 1396 4225 super
1411 4129 1476 4202 hoc
1489 4127 1684 4216 scribimus,
1698 4135 1737 4196 ut
1752 4122 1856 4196 simul
1870 4130 1904 4194 et

536 4295 580 4380 (a)
600 4299 719 4360 Rectius
732 4305 830 4361 numm
846 4301 931 4362 Vctro
946 4302 1076 4382 (Vtetrl).

536 4403 577 4484 (b)
600 4405 637 4465 ln
649 4405 721 4468 cdlt.
737 4407 917 4468 Gmceulcua
929 4425 1054 4485 camna,
1068 4409 1155 4470 male.

1138 4585 1377 4594 ---—-·----·-·
1386 4584 1587 4594 unaco-uam·—
1594 4585 1600 4590 -

531 4633 567 4706 (t)
585 4633 727 4692 Scilicetsi
743 4649 800 4694 rem
814 4651 863 4710 per
874 4651 1000 4694 numeros
1009 4637 1206 4712 exprimamus,
1221 4639 1321 4709 sorec
1335 4639 1394 4708 turo
1407 4636 1450 4696 vel
1462 4635 1652 4712 paulominus.
