4242 5904
966 638 984 652 .
1011 595 1226 663 snrosnrar
1251 597 1425 659 sscuunr
1738 595 1816 677 [aas.
1834 597 1918 660 issa

729 887 958 898 Ἣ
963 888 992 898 1-
997 889 1022 900 ι-ι·
1026 889 1123 900 ...ιιι-
1128 889 1708 900 nnn-nnm-

318 1157 472 1276 hiddi?
565 1149 798 1267 Fridericus,
818 1163 1078 1248 Romanorum
1096 1165 1317 1274 imperator,
1339 1165 1498 1247 mandat
1515 1163 1725 1247 Humberto
1742 1161 1916 1272 episcopo

301 1263 331 1306 Ἠ
345 1265 484 1318 ”pm
509 1291 638 1378 Diensi
676 1303 718 1374 ut
754 1293 860 1376 salsis
896 1297 1085 1378 mensuris
1121 1306 1160 1379 et
1194 1297 1427 1408 ponderibus
1459 1307 1606 1379 utentes
1637 1295 1771 1404 punire
1807 1285 1919 1374 iaciat

509 1448 656 1514 necnon
680 1427 991 1511 communitatem
1016 1439 1241 1512 tractanctes
1268 1457 1334 1512 seu
1356 1430 1562 1542 pedagium
1589 1427 1811 1536 accipientes
1838 1425 1922 1538 siue

508 1558 689 1640 mandato
708 1584 778 1642 suo
796 1560 963 1667 speciali.

589 1773 706 1846 (Inedlt
724 1790 763 1834 ax
775 1773 841 1835 eod.
857 1791 988 1852 pergam.
1005 1775 1083 1836 Blbl.
1098 1777 1197 1838 Cesar.
1208 1779 1316 1850 Paris..
1334 1786 1368 1838 at
1386 1777 1531 1851 Minimas,
1548 1777 1627 1837 dicto
1641 1772 1722 1837 tituli
1736 1771 1877 1850 osma.)

554 1955 766 2046 Fridericus‚
783 1959 846 2030 Dei
861 1959 971 2051 gratia
987 1961 1215 2032 Romanorum
1234 1961 1416 2054 imperator
1432 1983 1568 2057 semper
1584 1969 1770 2054 augustus,
1789 1958 1917 2030 lbero-

505 2081 612 2154 salom
626 2089 661 2154 et
675 2081 789 2152 Sicilie
802 2104 879 2170 rex,
899 2081 1089 2154 venerabili
1105 2083 1221 2156 Diensi
1235 2084 1399 2180 episcopo
1419 2085 1512 2158 fideli
1527 2106 1592 2157 suo
1607 2083 1751 2177 gratiam
1764 2103 1863 2153 suam
1881 2089 1916 2150 et

505 2204 774 2276 omnebonum.
801 2204 858 2280 Ad
885 2205 1095 2279 audientiam
1121 2208 1315 2279 serenitatis
1340 2218 1453 2281 nostre
1481 2208 1636 2302 pervenit
1661 2204 1757 2300 quod
1778 2212 1914 2298 pmpter

504 2327 649 2428 injustas
663 2349 843 2400 mensuras
856 2339 890 2400 et
904 2329 1024 2424 iniqua
1038 2329 1189 2424 pondera
1203 2330 1238 2400 in
1256 2331 1395 2404 civitate
1415 2331 1527 2404 Dieusi
1540 2351 1608 2403 non
1625 2328 1797 2401 modicum
1816 2327 1915 2398 habi·

503 2437 670 2522 tatoribus
681 2451 900 2546 dispendium
918 2453 1092 2524 afferatur.
1110 2454 1347 2526 Intelleximus
1360 2454 1463 2528 etiam
1478 2453 1572 2548 quod
1586 2453 1622 2524 in
1637 2451 1758 2524 eadem
1777 2451 1915 2524 civitate

502 2573 680 2646 societates
703 2586 739 2646 et
758 2575 1010 2666 conjurationes
1034 2575 1206 2650 interdum
1229 2577 1345 2650 illicite
1368 2579 1640 2664 committantur,
1665 2586 1803 2671 pmpter
1825 2597 1914 2670 quas

501 2706 609 2774 satus
625 2696 788 2791 pacificus
805 2699 954 2770 civitatis
969 2698 1176 2794 propensius
1194 2699 1392 2794 impeditur.
1413 2702 1450 2772 ln
1474 2701 1673 2794 episcopatu
1690 2721 1774 2772 vam
1796 2699 1915 2770 Diensi

501 2819 690 2914 pedagium
713 2830 747 2894 at
769 2821 975 2916 guidagium
1004 2823 1040 2894 in
1065 2822 1150 2894 loois
1172 2823 1330 2918 pluribus
1351 2823 1504 2896 indebite
1529 2833 1792 2916 extorquentur.
1818 2820 1912 2894 Alias

501 2964 640 3037 quoque
656 2945 763 3016 multa
780 2945 973 3018 necessario
987 2945 1170 3020 statuenda
1184 2947 1219 3017 iu
1237 2955 1425 3020 memorata
1440 2946 1580 3018 civitate
1599 2945 1828 3040 comperimus
1844 2963 1913 3037 que

420 3049 422 3058 Α
500 3066 546 3138 ad
564 3067 784 3141 commodum
808 3069 962 3141 omnium
986 3069 1117 3142 civium
1144 3069 1392 3144 redundarent.
1417 3069 1627 3144 Audivimus
1650 3070 1790 3162 insuper
1816 3065 1912 3161 quod

499 3191 601 3286 plura
621 3191 750 3264 ibidem
769 3193 805 3264 in
822 3202 976 3265 nostrum
992 3203 1027 3264 et
1043 3194 1177 3287 imperii
1193 3193 1282 3268 sacri
1303 3192 1536 3288 prejudicium
1553 3192 1819 3266 committantur.
1839 3190 1913 3264 Vo-

500 3315 609 3386 lentes
630 3315 734 3407 igitur
752 3315 788 3386 in
806 3317 968 3388 omnibus
991 3316 1197 3412 supradictis
1217 3318 1412 3412 provisione
1432 3338 1583 3410 congrua
1601 3315 1766 3388 adbibere
1793 3322 1912 3410 utpote

499 3438 560 3530 qui
578 3436 624 3509 ad
637 3459 837 3532 pmsperum
855 3450 890 3512 et
904 3438 1085 3534 pacificum
1101 3449 1226 3512 statum
1244 3451 1436 3514 nostmrum
1454 3441 1610 3513 omnium
1626 3450 1661 3512 et
1675 3438 1810 3534 imperii
1824 3436 1910 3510 lide·

498 3561 585 3632 lium
609 3559 798 3634 intentione
822 3563 919 3654 vigili
949 3563 1159 3656 aspiramus,
1185 3562 1341 3636 fidelitati
1371 3575 1430 3636 tue
1454 3561 1677 3658 precipiendo
1706 3561 1911 3634 mandamus

497 3685 660 3778 quatinus
676 3687 712 3758 in
733 3688 872 3760 civitate
895 3689 1011 3761 Diensi
1030 3690 1158 3782 legales
1177 3712 1356 3762 mensuras
1373 3701 1408 3762 at
1424 3693 1535 3781 justas
1554 3703 1588 3760 et
1610 3688 1733 3781 legalia
1758 3709 1799 3760 ac
1813 3688 1910 3778 justa

498 3808 653 3902 pondera
667 3819 797 3884 statuas
819 3811 960 3886 firmiter
983 3813 1151 3903 ordinari,
1172 3824 1211 3884 ut
1227 3821 1361 3888 ematur
1383 3822 1418 3885 et
1436 3811 1624 3900 vendatur,
1639 3819 1859 3906 xmensuratur
1874 3820 1910 3882 et

496 3931 707 4027 ponderetur
721 3934 804 4029 ipsis
822 3935 1033 4030 ponderibus
1047 3945 1081 4008 et
1095 3940 1266 4008 mensuris
1284 3934 1476 4009 secuudum
1495 3935 1677 4028 qualitates
1694 3932 1857 4027 temporis
1875 3941 1909 4004 at

497 4064 602 4152 prout
624 4055 742 4128 habita
763 4059 985 4151 inquisitione
1002 4059 1180 4132 hominum
1201 4059 1347 4132 civitatis
1366 4059 1491 4154 poterit
1512 4056 1671 4129 inveniri.
1688 4041 1908 4128 'Habentibus

426 4195 430 4204 '
496 4189 612 4252 autam
634 4179 736 4252 taleas
759 4201 937 4254 mensuras
964 4194 1025 4256 aut
1048 4185 1133 4256 falsa
1159 4183 1312 4279 pondera
1334 4183 1485 4257 debitam
1509 4203 1633 4276 perram
1662 4179 1810 4274 indigas.
1842 4179 1906 4250 Pro

496 4303 666 4374 fructibus
679 4313 713 4374 et
725 4303 829 4376 rebus
844 4305 919 4377 aliis
930 4307 1178 4378 conservandis
1191 4317 1260 4378 tam
1276 4307 1463 4378 incivitate
1481 4304 1596 4376 Dieusi
1610 4325 1715 4398 quam
1732 4302 1768 4373 in
1781 4300 1906 4374 subur·

494 4425 562 4498 biis
581 4426 735 4498 bannum
750 4448 859 4522 ponas
881 4439 916 4500 et
931 4431 1073 4500 multam
1096 4429 1251 4516 indicas,
1272 4439 1376 4522 pmut
1390 4430 1531 4523 justicie
1552 4437 1587 4500 et
1603 4427 1751 4500 civitatis
1769 4424 1905 4498 utilitati

495 4549 625 4622 videris
653 4550 835 4644 expedire3
866 4551 1022 4647 imponas
1054 4573 1194 4646 quoque
1225 4551 1457 4644 pecuniariam
1485 4573 1610 4647 penam
1638 4558 1742 4644 prout
1766 4547 1904 4640 justicie

493 4672 625 4746 videris
639 4675 838 4766 convenire,
859 4685 898 4747 ut
913 4676 1028 4748 nullus
1046 4675 1081 4746 in
1095 4675 1232 4746 civitate
1246 4675 1361 4747 Dianai
1380 4674 1671 4765 conventiculum,
1690 4670 1900 4758 societatem,
