4278 5920
483 591 540 652 104
982 591 1195 654 tntbntttct
1223 593 1399 655 secubet
1443 587 1445 594 ’
1711 592 1790 676 [Ars.
1808 595 1895 656 teet.

527 724 762 826 Fr[idericus],
781 725 842 798 Dei
858 728 968 821 gratia
983 729 1215 802 Romanorum
1234 730 1419 824 imperator
1434 749 1571 823 semper
1588 737 1776 822 angustus,
1795 731 1898 804 Jeru-

480 852 585 925 salem
602 859 637 923 et
652 849 777 946 Sycilie
794 872 868 922 rex.
885 849 970 922 Cum
991 853 1129 924 culmen
1145 861 1261 924 nostre
1277 851 1397 924 deceat
1417 851 1603 942 majestatis
1618 873 1663 924 ne
1676 873 1718 924 ea
1736 873 1807 945 que
1820 863 1898 926 acts

480 975 614 1050 anobis
631 974 756 1047 inerint
770 974 825 1046 vel
840 975 1027 1069 promissa,
1042 975 1257 1048 diversorum
1270 975 1371 1047 nobis
1388 974 1665 1062 incumbentium
1682 975 1896 1068 negotiorum

480 1098 623 1172 materia
653 1097 818 1192 impediat
852 1097 987 1170 effectui
1020 1098 1229 1193 mancipari,
1263 1097 1476 1192 presentibus
1507 1099 1628 1170 litteris
1653 1099 1755 1171 duxit
1782 1109 1897 1171 nostra

481 1223 646 1296 serenitas
664 1221 812 1315 singulis
833 1221 1077 1294 declarandum
1096 1221 1192 1316 quod
1212 1243 1291 1294 oum
1312 1221 1459 1294 dilectus
1474 1223 1632 1316 princeps
1651 1231 1767 1295 noster
1781 1219 1897 1294 Rude-

481 1369 601 1440 gerus,
623 1346 831 1418 venerabilis
849 1345 1060 1450 Pataviensis
1073 1347 1274 1442 opiscopus,
1294 1367 1356 1442 pro
1373 1345 1498 1418 debitis
1515 1346 1659 1418 ecclesie
1672 1365 1769 1424 suea
1786 1344 1899 1418 credi-

481 1471 615 1544 toribus
641 1469 802 1542 Romanis
829 1479 864 1542 et
891 1470 1104 1542 senensibus
1127 1469 1272 1540 nimium
1302 1478 1523 1563 gravaretur3
1550 1489 1614 1541 nec
1639 1468 1781 1541 haberet
1803 1467 1899 1540 nude

481 1597 615 1668 solvere
639 1604 754 1690 posset
776 1615 839 1666 sua
864 1593 982 1666 debita
1005 1593 1188 1690 episcopus
1210 1603 1435 1682 memoratus;
1465 1593 1639 1664 internos
1660 1604 1696 1664 et
1718 1592 1830 1686 ipsum
1854 1589 1899 1664 de

481 1720 650 1791 bonorum
678 1729 713 1790 et
740 1717 894 1790 fidelium
915 1718 1020 1790 nostri
1043 1717 1175 1812 imperii
1196 1715 1411 1816 [consensu],
1434 1719 1501 1788 tate
1528 1717 1591 1788 fuit
1616 1715 1770 1788 medium
1793 1715 1894 1788 adin·

484 1853 653 1915 ventum:
679 1842 774 1936 qnod
797 1840 888 1914 idem
917 1841 1099 1936 episcopus
1127 1841 1227 1914 seoda
1250 1842 1385 1928 omnia,
1409 1862 1479 1936 que
1504 1839 1696 1935 Liupoidus
1720 1838 1897 1934 quondam

483 1967 619 2038 Austris
642 1966 803 2062 etStyrie
825 1965 902 2038 dux
924 1964 1124 2059 inutraque
1150 1975 1243 2037 terra
1267 1977 1338 2038 tam
1362 1965 1408 2037 ab
1426 1985 1468 2037 eo
1494 1985 1599 2059 quam
1623 1986 1644 2035 a
1668 1985 1730 2035 sua
1754 1963 1899 2036 ccclesia

482 2089 672 2162 Pataviensi
697 2088 859 2162 videlicet
881 2099 1035 2160 tenuerat
1054 2089 1153 2162 titulo
1171 2089 1316 2180 feodati,
1332 2090 1433 2162 nobis
1452 2109 1514 2184 pro
1529 2088 1624 2160 mille
1637 2087 1899 2182 quadringentis

484 2214 608 2284 marcis
631 2214 762 2308 argenti
782 2211 828 2285 ad
849 2211 984 2307 pondus
1004 2211 1205 2284 Coloniense
1226 2209 1401 2284 solvendis
1422 2210 1591 2302 obligavit
1612 2221 1648 2283 et
1668 2211 1811 2306 insuper
1836 2230 1899 2304 pro

484 2337 657 2409 sexcentis
677 2337 773 2408 libris
791 2336 1009 2408 denariorum
1033 2335 1246 2408 Pataviensis
1270 2345 1422 2425 monete,
1444 2356 1533 2429 quas
1557 2357 1595 2408 se
1620 2335 1790 2430 recepisse
1814 2335 1899 2406 iate·

484 2461 605 2550 batur,
631 2461 676 2532 de
698 2459 926 2556 proventibus
944 2459 1092 2531 tbelonei
1110 2460 1146 2530 in
1167 2458 1380 2554 Sobardinga
1401 2458 1570 2553 quamdiu
1591 2457 1682 2531 idem
1703 2459 1899 2530 theloneum

485 2605 530 2658 ex
546 2569 768 2678 permissione
785 2581 952 2678 imperiali
971 2593 1146 2673 tenuerat,
1168 2593 1270 2679 prout
1292 2592 1443 2671 constat3
1466 2583 1652 2655 investiens
1671 2604 1733 2655 nos
1757 2581 1803 2655 de
1824 2581 1899 2676 ipso

485 2707 604 2796 feodo,
622 2716 755 2779 tantum
771 2706 869 2778 titulo
883 2706 1037 2800 pignoris
1054 2707 1226 2795 tenendo,
1247 2727 1360 2778 coram
1378 2705 1552 2778 nobilibus
1568 2705 1703 2802 imperii
1722 2704 1896 2794 fidelibus,

485 2829 657 2903 Friderico
673 2829 719 2902 de
732 2807 990 2922 Trebendinge,
1004 2828 1181 2902 Wolirado
1196 2828 1241 2900 de
1255 2828 1454 2901 Cbrutbeim
1465 2840 1500 2902 et
1512 2829 1699 2924 burgravio
1711 2827 1756 2902 de
1767 2831 1902 2902 Noren-

486 2954 590 3025 bercb
614 2963 649 3026 et
673 2954 750 3026 aliis
773 2951 1056 3046 quampluribus3
1082 2954 1263 3045 assignans
1287 2953 1390 3025 etiam
1413 2954 1624 3048 corporalem
1649 2953 1901 3049 possessionem

486 3075 665 3148 feodorum
686 3075 919 3172 predictorum
941 3075 1061 3146 nuntio
1088 3087 1221 3162 nostro,
1243 3075 1289 3148 ad
1313 3076 1380 3148 boc
1404 3078 1635 3172 speciaiitoru
1654 3089 1770 3150 nostra
1784 3077 1902 3151 excel-

487 3199 591 3271 ientia
614 3199 791 3293 deputato.
818 3198 998 3270 investivit
1018 3199 1121 3271 etiam
1146 3197 1260 3272 dictus
1284 3199 1469 3295 episeopus
1489 3196 1725 3300 Fr[idericum]
1745 3201 1791 3273 de
1813 3203 1901 3275 Trub

487 3322 678 3416 bendinge‚
705 3324 780 3395 loco
805 3332 840 3394 et
865 3323 900 3393 in
919 3342 1064 3416 persona
1092 3321 1267 3394 Cbunradi
1292 3321 1328 3393 in
1346 3323 1575 3396 Romanorum
1597 3345 1714 3422 regem
1740 3325 1841 3398 electi
1867 3335 1903 3398 et

485 3441 583 3540 regni
599 3445 861 3518 torosotimitani
879 3444 1030 3535 heredis,
1052 3443 1223 3518 karissimi
1238 3444 1299 3516 filii
1314 3447 1435 3535 nostri,
1455 3448 1500 3520 de
1515 3446 1669 3542 predicto
1684 3449 1786 3521 feodo
1803 3449 1900 3520 simi·

486 3571 562 3644 liter
575 3571 672 3644 titulo
687 3569 841 3666 pignoris
860 3567 1010 3642 tenendo
1028 3569 1057 3640 si
1071 3590 1134 3642 nos
1154 3571 1187 3642 ei
1204 3571 1351 3665 premori
1365 3572 1583 3662 contingerit,
1596 3574 1743 3667 pecunia
1760 3574 1901 3668 prestita

486 3717 556 3767 non
576 3695 704 3784 soluta;
730 3705 765 3766 et
780 3713 862 3783 nos,
881 3693 937 3764 vel
959 3692 1164 3764 Cbunradus
1182 3713 1267 3784 rex,
1285 3691 1377 3766 filins
1398 3704 1529 3780 noster,
1549 3697 1745 3769 tenebimus
1766 3682 1805 3770 et
1821 3719 1900 3792 pos·

485 3818 693 3909 sidebimus,
725 3817 826 3888 titulo
855 3815 1009 3910 pignoris
1034 3826 1186 3908 tantum,
1219 3815 1359 3889 feodum
1388 3818 1600 3891 antedictum
1629 3821 1732 3911 juxta
1760 3821 1902 3914 obliga*

486 3942 612 4013 tionem
635 3941 844 4037 predictam,
871 3939 918 4010 ita
941 3947 979 4009 ut
1001 3947 1189 4033 proventus
1211 3937 1369 4032 ejusdem
1389 3940 1486 4013 feudi
1514 3941 1647 4038 absque
1670 3946 1770 4018 sortis
1794 3943 1902 4018 dimi·

485 4065 626 4138 untione
653 4063 751 4138 nobis
774 4061 922 4146 cedant;
942 4061 1172 4158 quoadusque
1190 4085 1255 4158 per
1276 4061 1430 4136 eundem
1445 4064 1645 4160 episcopum
1666 4076 1701 4140 et
1721 4067 1902 4142 ecclesiam

484 4189 539 4286 vei
558 4211 639 4262 suos
655 4207 871 4260 successores
888 4186 990 4260 nobis
1006 4187 1107 4258 suerit
1129 4189 1340 4262 satisfactum
1364 4189 1497 4286 integre
1519 4188 1565 4264 de
1581 4191 1737 4286 predicta
1752 4194 1903 4289 pecunie

485 4312 693 4406 quantitate3
714 4318 845 4382 extunc
869 4309 962 4381 enim
988 4308 1023 4381 in
1047 4321 1149 4384 anoeu
1172 4311 1237 4384 erit
1260 4310 1337 4384 sine
1352 4311 1622 4386 contradictione
1636 4316 1812 4409 qualibet,
1829 4325 1900 4388 tam

486 4435 665 4529 episcopo,
680 4455 786 4529 quam
801 4433 997 4506 Pataviensi
1016 4434 1177 4519 ecclesie,
1197 4433 1386 4528 obligatum
1406 4434 1560 4526 feodum,
1577 4437 1787 4509 absolutum.
1804 4439 1901 4512 Resi-

485 4558 607 4649 gnavit
637 4558 742 4629 etiam
775 4554 869 4629 idem
901 4555 1087 4652 episcopos
1111 4565 1145 4630 et
1171 4557 1383 4631 renuntiavit
1410 4558 1569 4632 theloneo
1600 4561 1637 4631 in
1665 4560 1898 4655 Seberdinga,

484 4690 588 4778 prout
601 4680 769 4754 babuerat
787 4679 955 4753 hactenus
971 4680 1038 4754 boc
1055 4701 1077 4755 a
1095 4680 1206 4755 nobis.
1226 4682 1371 4777 Insuper
1388 4681 1545 4778 promisit
1559 4683 1658 4756 nobis
1673 4681 1903 4782 firmiterepi-
