4350 5922
498 559 542 620 di
999 561 1214 622 turbanter
1240 560 1415 623 secutor
1723 561 1801 644 [Ass.
1822 561 1905 622 1237.

499 694 574 781 siti,
590 691 712 766 decani
727 703 761 765 et
780 695 918 789 capituli
937 696 1150 770 Pataviensis
1166 698 1311 770 ecclesie
1325 696 1480 770 fidelium
1499 703 1691 768 nostrorum
1707 707 1823 770 nostro
1846 699 1910 769 luit

500 818 641 890 culmini
666 819 896 914 supplicatum
922 829 961 889 ut
981 821 1126 914 gratiam
1146 831 1181 893 et
1204 822 1394 894 libertatem
1416 819 1463 891 ab
1485 819 1607 891 illustri
1631 820 1721 894 duce
1740 819 1909 894 liuboldo

500 942 609 1014 felicis
630 943 794 1014 memorie
812 966 918 1038 super
939 945 1167 1038 vectigalibus
1192 947 1267 1016 vini
1291 956 1326 1016 et
1353 942 1556 1016 victualium
1584 965 1725 1016 suornm
1751 967 1812 1039 per
1835 947 1910 1018 loca

499 1075 673 1138 mutarum
689 1067 779 1138 circa
795 1067 992 1138 Danubium
1017 1070 1101 1162 ipsis
1121 1079 1156 1141 et
1174 1070 1317 1141 ecclesie
1339 1090 1403 1140 sue
1427 1066 1616 1158 indultam,
1635 1089 1836 1140 conservare
1858 1069 1909 1141 eis

501 1189 547 1262 de
560 1199 675 1263 nostra
691 1191 800 1284 gratia
824 1193 1024 1264 laceremus.
1044 1193 1113 1264 Nos
1129 1193 1248 1287 itaqua
1258 1193 1363 1284 justis
1385 1213 1427 1264 ac
1452 1189 1588 1264 devotis
1612 1211 1730 1263 eorum
1752 1192 1911 1286 precibus

500 1323 711 1404 annuentes,
739 1335 782 1385 ac
806 1315 960 1386 volentes
990 1315 1091 1388 dictis
1120 1317 1294 1389 canonicis
1322 1331 1356 1388 et
1381 1315 1526 1387 ecclesie
1555 1315 1748 1388 Pataviensi
1775 1325 1912 1410 propter

500 1436 626 1509 devota
655 1457 719 1508 sna
748 1438 870 1510 merita
903 1437 1049 1511 eandem
1077 1441 1242 1512 libertatis
1273 1440 1418 1533 gratiam
1450 1459 1673 1526 conservare,
1700 1437 1911 1510 universitati

501 1569 615 1632 vestre
640 1559 848 1632 mandamns
867 1559 1009 1632 firmiter
1029 1562 1272 1658 precipientes,
1296 1571 1470 1656 quatenus
1487 1561 1634 1634 eandam
1654 1561 1798 1654 gratiam
1818 1569 1853 1633 et
1870 1561 1911 1631 li-

501 1685 666 1757 bertatem
687 1707 791 1778 quam
811 1685 981 1758 indultam
1000 1686 1066 1758 sibi
1091 1709 1138 1758 ex
1158 1687 1340 1780 privilegio
1363 1685 1519 1779 ejusdem
1542 1685 1643 1758 ducis
1662 1685 1830 1779 allegant,
1850 1707 1912 1780 per

500 1810 577 1882 loca
593 1818 768 1881 mntmum
789 1809 891 1900 juxta
909 1820 1060 1883 tenorem
1085 1811 1195 1906 ipsius
1221 1811 1394 1906 privilegii
1414 1809 1546 1883 eisdem
1561 1809 1754 1904 preposito,
1780 1807 1911 1884 decano

501 1943 537 2006 et
564 1933 714 2028 capitulo
744 1955 849 2027 snper
873 1935 1103 2027 vectigalibus
1128 1935 1202 2006 vini
1230 1945 1265 2006 et
1287 1935 1492 2007 victualium
1514 1955 1656 2006 suorum
1680 1933 1770 2005 felici
1796 1943 1911 2006 nocuo

501 2067 654 2152 tempore
669 2057 877 2144 observetis,
894 2067 934 2128 nt
948 2070 1064 2130 vestra
1084 2080 1190 2152 super
1204 2057 1271 2130 boe
1289 2059 1397 2153 possit
1409 2057 1550 2131 devotio
1565 2057 1810 2130 commendari.

549 2184 675 2252 Datum
689 2181 785 2276 apud
798 2181 1005 2269 Wiennam,¹
1018 2204 1110 2255 anno
1128 2183 1303 2256 dominice
1322 2183 1566 2254 incarnationis
1585 2181 1766 2254 millesimo
1783 2178 1913 2253 ducen-

502 2307 624 2380 tesimo
645 2305 816 2380 tricesimo
835 2307 994 2402 septimo,
1012 2329 1130 2379 mense
1148 2307 1280 2398 marcii,
1296 2308 1329 2379 X
1345 2307 1557 2380 indictionis.

409 2926 442 2991 ,χ
556 2877 786 2983 Friderieus,
805 2875 1065 2960 Romanomm
1088 2877 1310 2987 imperator,
1330 2876 1562 2959 monasterio
1584 2870 1914 2982 llicbcrsbergensi

502 3008 745 3118 privilegium
768 3009 942 3118 Liupoldi
969 3011 1165 3120 quondam
1192 3010 1301 3092 ducis
1332 3009 1506 3092 Austriae
1527 3019 1565 3090 et
1587 3007 1751 3118 styriae,
1781 3006 1915 3087 dutum

504 3145 530 3224 9
548 3141 676 3224 martii
697 3143 817 3250 1205,
834 3143 1036 3226 inserendo
1053 3154 1211 3228 renovat
1228 3169 1273 3225 nc
1290 3141 1504 3226 confirmat.

588 3357 683 3436 (lldlt.
698 3374 747 3434 ap.
763 3357 896 3419 Monam.
911 3357 1004 3431 Boia,
1020 3363 1089 3418 tom
1107 3357 1162 3434 1v,
1175 3375 1207 3435 p.
1228 3367 1298 3436 444,
1312 3367 1347 3418 n·
1360 3358 1425 3436 41.)

554 3541 765 3634 Fridericus,
784 3543 847 3615 Dei
864 3545 981 3636 gracia
997 3545 1227 3616 Romanorum
1248 3546 1433 3640 imperator
1449 3562 1588 3637 semper
1607 3549 1795 3633 augustus,
1819 3541 1918 3612 leru-

505 3667 612 3739 salam
639 3675 674 3738 et
707 3667 823 3739 Sicilie
849 3689 924 3738 rex.
955 3667 1168 3740 decedentes
1199 3667 1246 3739 ad
1278 3667 1485 3762 presentiam
1516 3676 1667 3738 nostram
1700 3663 1918 3737 honorabiles

505 3789 626 3863 Cbnno
643 3791 839 3887 prepositus
851 3801 885 3864 et
902 3803 1093 3864 conventus
1107 3791 1153 3864 de
1170 3790 1433 3887 Richarsperge,
1451 3789 1572 3862 fideles
1585 3789 1705 3881 nostri,
1720 3788 1919 3862 obtulerunt

506 3915 649 3986 culmini
669 3923 784 3988 nostro
802 3914 979 4010 quoddam
1002 3915 1166 4012 scriptum
1191 3924 1313 4012 patens
1334 3915 1508 3988 indultum
1529 3915 1581 3986 eia
1600 3936 1621 3986 a
1640 3911 1815 4008 quondam
1829 3913 1917 3982 Leu-

506 4037 857 4134 poldoducaAnstrie
867 4049 901 4112 et
915 4041 1027 4136 Styria
1041 4041 1151 4111 felicis
1163 4042 1339 4128 memorie,
1356 4039 1592 4136 supplicantoe
1605 4038 1781 4110 humiliter
1797 4036 1920 4126 majas·

507 4165 568 4237 tati
585 4173 700 4236 nostre
717 4176 756 4234 ut
778 4163 900 4236 divine
923 4164 1060 4260 pietatis
1083 4164 1210 4236 intuitu
1237 4164 1429 4259 paupertati
1455 4163 1540 4237 dicti
1562 4162 1760 4236 monasterii
1787 4157 1921 4232 miseri-

507 4287 654 4362 corditer
680 4288 901 4360 consulantes
925 4287 1019 4360 idam
1040 4289 1205 4384 scriptum
1232 4309 1402 4360 renovem
1425 4299 1461 4361 et
1489 4285 1692 4360 confirmare
1719 4282 1922 4380 depietatis

508 4421 623 4485 nostre
638 4413 747 4506 gratia
765 4411 1004 4506 dignaremnr3
1021 4413 1121 4504 cujus
1137 4425 1234 4484 tenor
1249 4433 1310 4506 par
1324 4414 1443 4484 omnia
1461 4413 1539 4484 talis
1553 4420 1651 4484 erat:

556 4537 597 4608 ln'
617 4537 756 4609 nomine
775 4545 893 4609 sancte
919 4545 954 4607 et
969 4535 1152 4609 individue
1176 4537 1365 4609 Trinitatis.
1392 4536 1601 4632 Luipoldus,
1621 4535 1683 4606 Dei
1707 4532 1816 4628 gratia
1846 4528 1922 4602 dux

506 4660 644 4734 Austrie
661 4683 703 4735 ao
720 4661 853 4759 styria,
874 4661 1046 4733 universis
1063 4661 1184 4734 Christi
1203 4659 1366 4734 fidelibus
1380 4662 1526 4735 salutem
1543 4661 1579 4732 in
1594 4667 1815 4758 perpetuum.
1834 4655 1919 4728 Cum
