4224 5898
183 671 281 730 luatur.
300 665 359 750 121
634 665 832 728 HISTORIA
856 665 1149 728 ulrtottdttctt
1534 661 1592 726 291

185 803 276 877 Sede
289 800 487 898 apostolica
504 821 566 896 per
586 801 713 874 multos
733 823 843 874 annos
857 800 1022 897 deputato
1042 800 1200 892 custode,
1222 798 1361 891 majoris
1382 807 1491 872 metas
1508 799 1596 872 atti-

185 928 291 1022 gisset
311 925 429 1014 etatis,
453 925 594 998 undem
618 924 664 999 ad
690 925 820 999 altioris
844 925 1022 1019 dignitatis
1044 927 1180 1022 apicem
1204 947 1267 1020 per
1291 947 1368 997 eam
1393 923 1507 996 extitit
1534 946 1596 996 su-

186 1051 363 1124 blimatos.
382 1047 449 1122 Sed
469 1047 648 1142 diligentie
660 1047 815 1124 studium
833 1049 922 1121 circa
940 1069 1120 1144 personam
1138 1051 1214 1141 ejus
1235 1047 1443 1142 impensum,
1462 1046 1596 1120 labores
1658 1059 1661 1066 '

187 1175 358 1271 plurimos
379 1193 467 1268 quus
483 1171 636 1245 Ecclesia
655 1172 762 1244 subiit
780 1183 917 1268 propter
937 1193 1037 1265 eum,
1054 1173 1170 1267 quoad
1193 1173 1306 1267 ipsum
1328 1171 1520 1266 perdidisse
1535 1172 1597 1244 vi-

189 1297 308 1388 detur,
328 1317 408 1368 cum
434 1303 483 1366 tol
500 1293 745 1366 beneficiorum
772 1296 816 1366 sit
832 1295 1030 1385 immemor,
1056 1305 1148 1366 tante
1170 1294 1278 1388 gratio
1305 1294 1349 1364 sit
1367 1294 1532 1388 ingratus.
1554 1297 1598 1366 Et

190 1419 321 1492 aduam
350 1419 444 1490 illius
464 1417 722 1511 ingratitudinis
745 1439 815 1491 non
841 1418 1024 1491 excederet
1041 1419 1220 1509 terminos,
1241 1439 1303 1512 per
1321 1439 1426 1512 quam
1451 1440 1597 1514 percep-

190 1551 301 1614 torum
317 1543 486 1614 bonorum
503 1542 663 1614 existeret
676 1543 860 1636 negatione
877 1552 1068 1614 contentus.
1088 1544 1190 1614 Porro
1206 1543 1283 1614 lieet
1301 1543 1431 1614 ollensa
1445 1543 1597 1637 quelibet

190 1669 330 1739 aculeos
351 1666 478 1739 doloris
497 1666 674 1760 importet,
695 1666 753 1740 illa
772 1675 884 1738 tamen
903 1667 1017 1758 jaculo
1040 1665 1190 1760 graviori
1214 1665 1366 1760 percellit
1384 1663 1419 1736 in
1446 1687 1515 1760 qua
1541 1667 1595 1738 in·

191 1789 364 1884 gratitudo
389 1812 452 1884 pro
485 1790 594 1882 gratia
630 1789 830 1883 rependitur
868 1800 902 1861 et
941 1811 1002 1884 pro
1030 1787 1207 1861 beneficiis
1240 1786 1406 1861 maleficia
1434 1811 1597 1884 compen·

192 1923 322 1986 santur.
344 1914 471 1986 Verum
487 1913 933 2009 quantumcumqueipsum
957 1912 1152 2008 Apostolica
1178 1913 1284 1986 Sedes
1307 1913 1467 1986 dilexerit
1483 1926 1516 1985 et
1532 1936 1598 1986 su-

191 2057 310 2132 preme
327 2037 476 2110 culmine
491 2039 668 2133 potestatis
685 2039 834 2111 erexerit
847 2039 935 2110 inter
952 2039 1137 2130 seculares,
1156 2038 1230 2110 suis
1246 2047 1361 2110 tamen
1379 2039 1599 2132 exigentibus

193 2161 304 2256 culpis
332 2160 378 2233 de
404 2161 534 2254 quibus
560 2183 760 2256 quanquam
788 2163 919 2258 pluries
947 2185 967 2234 a
1001 2163 1100 2236 nobis
1129 2163 1280 2235 monitus
1307 2162 1503 2234 satisfacere
1530 2185 1598 2236 non

194 2285 345 2372 curavit,
373 2286 479 2357 coacti
506 2307 628 2357 sumus
649 2286 728 2358 licet
749 2287 847 2358 inviti
871 2287 1144 2358 animadvertere
1168 2287 1204 2356 in
1230 2285 1403 2358 eumdem.
1425 2288 1510 2358 Nam
1536 2287 1599 2360 etsi

194 2407 304 2480 Adam
326 2407 445 2480 deine
468 2408 686 2504 providentia
711 2410 913 2484 excellentia
941 2409 1117 2504 diguitatis
1140 2419 1173 2481 et
1199 2410 1411 2481 arrotoritatis
1438 2411 1601 2483 extulerit

194 2533 250 2602 cui
267 2531 384 2604 omnia
400 2532 587 2606 animantia
608 2541 696 2606 terre
713 2534 878 2627 san'ecit,
899 2533 980 2628 qnia
998 2543 1111 2605 umen
1135 2534 1189 2604 sui
1211 2535 1308 2624 jussa
1334 2534 1486 2628 preteriit
1510 2536 1600 2629 plas-

194 2655 351 2738 matoris,
370 2657 445 2747 ejus
467 2655 669 2728 excessibus
686 2678 755 2730 nou
782 2657 945 2752 pepercit.
966 2657 1042 2742 Qus
1059 2666 1172 2729 autem
1191 2680 1211 2729 a
1230 2657 1321 2730 dicto
1342 2656 1515 2730 Friderieo
1538 2679 1601 2752 pro

195 2789 244 2852 tot
268 2779 368 2852 bonis
396 2779 461 2850 sibi
485 2780 616 2852 collatis
638 2781 787 2854 Ecclesia
807 2781 1041 2853 retributionis
1058 2781 1189 2875 premia
1208 2781 1405 2874 reportarit,
1430 2783 1601 2855 universi-

196 2910 299 2974 tatem
317 2911 467 2975 vestram
492 2903 654 2975 voluimus
671 2925 741 2976 non
761 2906 883 2996 latere,
904 2927 1015 3000 pauca
1033 2905 1077 2977 de
1093 2905 1209 2977 multis
1226 2905 1375 3000 presenti
1395 2906 1521 3001 pagins
1539 2906 1601 2979 de·

196 3024 370 3099 clarando.
387 3027 425 3097 ln
442 3025 532 3098 Urbe
544 3026 717 3120 siquidem
735 3049 876 3121 gravem
896 3030 1003 3102 movit
1018 3028 1240 3120 seditionem,
1263 3029 1393 3102 exinde
1408 3051 1471 3102 nos
1484 3039 1519 3102 et
1534 3031 1602 3102 lra-

197 3157 266 3220 tres
281 3157 414 3222 nostros
432 3149 510 3221 totis
525 3149 659 3220 viribus
675 3149 771 3222 nisus
785 3151 971 3225 excludere
988 3163 1026 3224 ut
1045 3153 1095 3224 sio
1112 3153 1308 3247 Apostolice
1321 3153 1422 3226 Sedis
1439 3155 1602 3227 honorem

199 3271 403 3366 deprimeret
428 3293 469 3344 ao
497 3273 687 3345 libertatem
716 3275 825 3369 ipsios
847 3276 984 3369 penitus
1009 3277 1241 3366 conculcaret,
1267 3285 1384 3349 contra
1409 3278 1604 3369 juramenta

198 3398 338 3491 prestita
360 3407 488 3470 temere
504 3398 696 3490 veniendo;
716 3409 751 3472 et
773 3402 1005 3474 venerabilem
1031 3403 1166 3473 fratrem
1194 3411 1347 3473 nostrum
1367 3401 1604 3474 Prenestinum

200 3519 416 3615 episcopum,
439 3520 523 3592 dum
540 3521 654 3615 ipsum
673 3521 720 3594 ad
740 3533 853 3617 partes
869 3523 1107 3616 Albigensium
1127 3525 1392 3619 disponeremus
1411 3547 1473 3620 pro
1492 3546 1605 3598 corro-

200 3643 378 3715 boratione
394 3641 476 3715 fidei
497 3644 662 3716 catholice
678 3645 863 3738 destinare,
881 3669 941 3741 per
955 3647 1124 3741 quosdam
1139 3669 1220 3720 suos
1238 3646 1357 3720 fideles
1374 3648 1410 3718 iu
1424 3649 1517 3721 viam
1541 3649 1607 3719 im-

201 3765 310 3860 pediri
328 3767 518 3840 mandavit.
542 3768 762 3842 Cathedrales
784 3772 888 3842 etiam
905 3771 1068 3843 ecelesias
1086 3780 1120 3842 et
1143 3771 1228 3842 alias
1247 3779 1409 3844 vacantes
1433 3773 1530 3866 regni
1551 3773 1607 3844 sui

204 3911 419 3983 nequaqnam
442 3889 594 3962 ordinari
617 3893 798 3986 permittit,
826 3895 863 3964 in
886 3895 1078 3966 animarum
1102 3895 1293 3990 periculum
1309 3903 1343 3967 et
1369 3916 1477 3988 grave
1501 3895 1607 3968 detri-

204 4023 354 4084 mentum
375 4013 548 4106 ipsarum3
571 4035 631 4086 eas
652 4027 686 4089 et
702 4017 870 4110 quasdam
887 4020 973 4091 alias
990 4019 1214 4090 nihilomiuus
1231 4019 1413 4113 spoliando
1441 4021 1511 4092 lere
1533 4043 1607 4092 orn·
1725 4047 1728 4052 ·

204 4135 303 4207 nibus
327 4137 428 4208 bonis
443 4137 516 4208 suis
533 4147 568 4209 et
588 4139 697 4210 tallias
723 4161 765 4211 ac
787 4141 985 4214 exactiones
1013 4142 1184 4215 indebitas
1207 4143 1357 4237 prelatis,
1384 4144 1553 4236 religiosis
1575 4151 1610 4216 et

205 4257 279 4330 aliis
299 4259 432 4331 clericis
449 4262 663 4334 secularibus
683 4263 911 4356 imponendo;
933 4266 1119 4354 nobilibus,
1144 4266 1372 4360 pauperibus,
1394 4267 1557 4362 orphanis
1575 4276 1610 4339 et

204 4381 320 4454 viduis
341 4403 451 4477 usque
469 4384 516 4457 ad
540 4385 763 4458 inanitionem
781 4397 971 4459 extremam
988 4387 1160 4479 deductis,
1177 4411 1236 4461 eos
1258 4388 1303 4462 ad
1325 4390 1498 4462 modicum
1520 4391 1610 4464 dura

206 4511 240 4575 et
257 4505 406 4578 crudelis
420 4517 620 4578 exactomm
635 4529 778 4581 suorum
791 4511 1038 4583 acerbitasnon
1053 4513 1178 4605 patitur
1192 4513 1377 4606 respirare;
1391 4522 1426 4583 et
1439 4513 1490 4584 sic
1502 4522 1608 4586 totum

206 4627 275 4700 lere
291 4651 438 4723 regnum
457 4631 552 4724 quod
569 4642 621 4704 est
639 4633 815 4726 spirituale
838 4635 1079 4728 patrimonium
1097 4637 1186 4707 beati
1209 4636 1318 4723 Petri,
1341 4657 1403 4729 pro
1423 4658 1492 4729 quo
1509 4639 1609 4729 jura·

208 4762 321 4825 mento
339 4753 511 4826 fidelitatis
528 4757 720 4850 Apostolice
734 4757 814 4830 Sedi
835 4769 971 4830 tenetur
988 4769 1022 4832 et
1041 4761 1147 4854 ipsius
1167 4760 1267 4852 ligius
1286 4762 1454 4833 vassallus
1474 4763 1607 4855 existit,
