4226 5900
517 563 580 624 tat
1022 568 1238 630 onlonatct
1262 569 1437 630 sscnnnt
1745 570 1824 656 [An.
1843 572 1928 636 1239.

567 699 692 770 Datum
712 699 748 770 in
775 701 896 772 castris
911 701 1007 797 apud
1027 711 1168 798 ponmm
1184 705 1376 795 Placentie,
1396 704 1509 798 prium
1532 705 1752 798 novembris,
1774 709 1852 780 xlll
1874 709 1933 779 in-

519 821 690 894 dictionis.

321 1342 482 1447 effinse
572 1323 793 1405 Mandatum
811 1321 862 1404 ad
879 1331 1065 1406 secretum
1081 1323 1277 1408 Messanae
1297 1347 1369 1431 pro
1394 1321 1571 1404 Americo
1590 1321 1639 1404 de
1656 1319 1880 1406 Monteforte
1895 1331 1932 1403 et

322 1449 484 1493 ¹'¹¹⁰''·¹²'⁸·
518 1455 675 1538 caeteris
691 1454 963 1563 crucesignatis
979 1455 1187 1542 honorifice
1204 1457 1244 1538 in
1261 1479 1383 1566 regno
1400 1453 1640 1564 recipiendi&

598 1670 724 1750 (Μαι.
738 1667 842 1748 tepor.
855 1665 974 1728 arae.
989 1669 1033 1743 11,
1048 1669 1101 1730 lol.
1119 1677 1156 1730 to
1171 1674 1266 1743 recto3
1281 1667 1396 1730 laedit.
1409 1667 1548 1740 curan„
1562 1684 1593 1745 p.
1610 1667 1695 1744 256.)

567 1859 615 1928 lte
641 1855 799 1928 mndata
830 1855 997 1951 importat
1018 1857 1106 1948 sacto
1125 1878 1188 1950 par
1214 1855 1411 1950 mupirtrom
1435 1855 1573 1927 Pctmm
1595 1854 1636 1926 dc
1668 1855 1769 1926 Vinea
1798 1852 1932 1948 saepsit

518 1983 560 2052 P.
581 1980 621 2052 de
635 1981 779 2076 Capua:

567 2103 786 2196 Fredericus,
804 2112 888 2194 etc,
909 2114 1040 2176 secreto
1055 2103 1232 2196 Messene,
1251 2113 1318 2176 etc.
1335 2105 1508 2179 Intellexit
1525 2105 1692 2177 serenitas
1705 2110 1822 2174 nostra
1837 2101 1933 2198 quod

518 2250 634 2302 comes
650 2226 831 2302 Americus
847 2228 893 2303 de
907 2229 1102 2302 llontetorti
1118 2251 1199 2301 cum
1212 2229 1424 2324 quibusdam
1445 2229 1620 2302 nobilibus
1636 2238 1671 2301 et
1688 2225 1931 2320 crneaeigmtis

517 2353 683 2448 applicuit
696 2352 891 2446 inregnum
905 2352 1394 2426 volentibostmnsnetaroad
1403 2353 1677 2426 sevitiumlesn
1686 2349 1825 2424 Christi.
1838 2349 1931 2433 Quos

519 2498 598 2548 cum
618 2477 654 2548 iu
673 2487 764 2549 terra
781 2487 898 2550 nostra
913 2477 1077 2550 honorari
1094 2477 1258 2568 velimus,
1276 2475 1475 2572 Philippum
1497 2476 1544 2550 (le
1567 2475 1740 2566 Zuncnlo,
1764 2472 1932 2545 nuncium

518 2610 553 2673 et
572 2599 709 2674 fidelem
724 2609 894 2692 nostrum,
915 2601 997 2673 illuc
1014 2600 1183 2674 duximus
1195 2599 1459 2692 destinandum
1477 2598 1634 2674 fidelitati
1648 2608 1709 2671 tne
1723 2597 1931 2693 precipimus

518 2731 691 2816 quatenus
715 2721 883 2818 quicquid
902 2723 996 2796 idem
1017 2723 1198 2818 Philippus
1218 2723 1282 2795 tibi
1305 2744 1355 2796 ex
1378 2730 1475 2818 parte
1498 2731 1616 2794 nostm
1639 2719 1769 2794 dixerit
1791 2717 1931 2791 indubi-

519 2853 631 2919 tanter
653 2845 795 2936 credas,
815 2855 851 2919 et
866 2847 1034 2942 prosedas
1058 2847 1162 2938 juxta
1184 2845 1439 2920 ordinationem
1463 2867 1563 2918 suam
1586 2845 1677 2918 siem
1699 2845 1736 2916 in
1762 2841 1930 2916 mandatis

519 2969 647 3065 recepit
661 2969 817 3060 anobis,
837 2979 878 3042 ut
895 2969 1118 3044 devotionem
1133 2981 1249 3063 tuam,
1269 2980 1338 3044 etc.

567 3095 693 3166 Datum
713 3093 751 3165 in
771 3093 892 3166 castris
909 3092 1007 3189 apud
1029 3103 1170 3190 pontem
1189 3093 1381 3184 Placentia,
1407 3092 1518 3187 primo
1543 3089 1759 3176 novembris,
1780 3089 1859 3161 ΧΠ]
1881 3089 1930 3160 iu-

521 3217 694 3290 dictionis.

569 3343 705 3416 Similes
723 3343 812 3416 lacte
836 3351 918 3414 sunt
933 3363 996 3438 per
1013 3343 1130 3416 omnia
1144 3341 1192 3416 ad
1207 3341 1416 3438 lloggerium
1432 3340 1478 3414 de
1494 3339 1624 3412 Amicis
1638 3337 1864 3432 justitiarium
1878 3335 1928 3406 Si·

522 3465 600 3538 oilie
617 3467 702 3538 citra
718 3465 847 3538 flumen
863 3465 1013 3539 Salsum.

572 3589 709 3662 Similes
728 3589 817 3663 tacte
834 3599 915 3662 snut
935 3611 998 3685 per
1015 3589 1134 3663 omnia
1157 3587 1204 3664 nd
1222 3588 1443 3662 Gnillelmum
1470 3588 1517 3663 de
1535 3584 1694 3682 Angloue
1709 3581 1927 3676 justitiarium

524 3712 637 3786 Sicilie
653 3713 742 3785 ultra
756 3711 885 3786 flumen
898 3713 1048 3786 Salsum

331 4355 492 4460 *pegma
582 4326 804 4414 Mandatum
830 4325 880 4407 ad
903 4324 1089 4408 Criscinm
1110 4321 1386 4410 Amalfitanum
1406 4346 1476 4432 pro
1492 4318 1755 4406 construendis
1780 4315 1924 4400 molen-

335 4463 487 4507 ²¹²⁰⁷ffll¹¹²
529 4461 630 4546 diuis
648 4462 689 4543 in
706 4459 931 4542 fluminibus
947 4459 1049 4544 Lelle
1066 4470 1105 4545 et
1122 4457 1283 4544 Seuelle.

611 4675 743 4759 (liceat.
758 4677 860 4758 anper.
878 4673 995 4736 Mer.
1011 4675 1056 4753 11,
1071 4675 1124 4737 lol.
1142 4683 1179 4737 to
1192 4679 1288 4747 recto;
1303 4674 1335 4733 in
1346 4671 1420 4734 odit.
1431 4670 1567 4744 Carum,
1580 4685 1612 4746 p.
1625 4665 1707 4744 nto.)
