4278 5920
466 520 524 582 156
965 517 1175 579 FllllllllllCl
1201 515 1375 578 SECUNlll
1680 513 1761 598 [Ass.
1779 514 1864 578 12³8.

462 655 677 730 attendentes
698 657 803 730 fidem
829 663 863 727 et
885 655 1104 728 devotionem
1127 674 1230 748 quam
1257 652 1340 725 dicti
1365 649 1474 723 abbas
1493 657 1527 721 et
1548 659 1738 722 conventus
1756 650 1868 724 Victo·

422 806 425 812 ·
462 779 584 852 riensis
604 779 797 853 monasterii
818 778 936 852 fideles
951 777 1058 850 nostri
1081 777 1127 850 ad
1143 778 1352 869 majestatem
1369 780 1521 846 nostram
1546 779 1581 844 et
1591 773 1784 846 Romanum
1800 773 1864 844 im·

462 903 596 997 perium
613 925 748 998 semper
763 902 891 975 babere
903 909 1103 987 noscuntur,
1119 899 1273 994 ipsomm
1285 894 1595 992 supplicationibus
1608 894 1781 987 inclinati,
1795 896 1864 990 pri·

460 1027 628 1120 vilegium
653 1027 798 1121 predicti
825 1025 916 1119 regis
936 1023 1084 1119 Philippi
1107 1023 1218 1116 patrui
1238 1022 1343 1094 nostri
1365 1019 1447 1092 dive
1462 1017 1709 1092 recordationis
1727 1019 1865 1113 augusti

460 1152 608 1246 presenti
621 1150 803 1246 privilegio
815 1149 860 1221 de
873 1150 981 1220 verbo
998 1147 1203 1219 adverbum
1219 1145 1321 1216 inseri
1339 1153 1375 1217 et
1388 1142 1544 1215 innovari
1556 1142 1735 1234 jussimus,
1750 1143 1866 1216 omnia

459 1296 529 1368 que
546 1274 764 1347 continentur
778 1273 813 1344 in
834 1293 875 1345 eo
892 1270 1076 1366 imperialis
1094 1267 1305 1342 auctoritatis
1320 1267 1511 1338 munimine
1525 1263 1777 1338 confirmantes.
1791 1267 1867 1338 Sta·

459 1398 589 1469 tuimus
609 1398 715 1492 igitur
732 1406 767 1470 et
783 1396 950 1491 imperiali
972 1376 1151 1466 sanximus
1173 1391 1289 1465 edicto
1308 1391 1456 1462 utnulla
1475 1409 1620 1484 persona
1639 1389 1708 1460 alta
1723 1388 1780 1460 vel
1801 1387 1865 1460 hu·

459 1520 568 1611 milis,
598 1520 827 1592 ecclesiastica
860 1519 914 1590 vel
941 1517 1123 1607 secularis,
1153 1514 1325 1610 predictos
1348 1514 1566 1586 abbatemet
1598 1521 1805 1584 conventum
1831 1522 1866 1584 et

459 1644 704 1716 monasterium
727 1665 807 1715 cum
830 1642 991 1714 omnibus
1011 1640 1111 1712 bonis
1133 1639 1205 1710 suis
1232 1647 1349 1711 contra
1376 1636 1544 1730 presentis
1564 1635 1737 1731 privilegii
1759 1637 1864 1708 nostri

458 1775 612 1840 tenorem
632 1789 719 1838 ausu
742 1764 921 1838 temerario
938 1762 1112 1836 offendere
1131 1783 1192 1834 seu
1212 1761 1391 1834 molestam
1411 1769 1602 1855 presumat3
1620 1759 1783 1854 quoniam
1804 1760 1864 1852 qui

458 1890 704 1985 presumpserit
716 1889 839 1981 viginti
857 1888 962 1958 libras
975 1887 1050 1958 auri
1068 1885 1145 1980 puri
1159 1893 1358 1980 componat,
1375 1883 1559 1956 medietate
1574 1882 1657 1954 fisco
1672 1892 1799 1971 nostru,
1814 1905 1864 1955 ra·

458 2012 553 2107 liqua
572 2013 681 2106 passis
696 2011 855 2104 injuriam
874 2009 1113 2105 persolvenda.
1136 2007 1192 2080 Ad
1212 2009 1316 2100 hujus
1331 2008 1437 2100 igitur
1453 2016 1567 2079 nostre
1582 2005 1814 2080 innovationis
1830 2015 1862 2078 et

457 2135 724 2209 confirmationis
739 2134 938 2206 memoriam
952 2143 986 2206 et
1001 2133 1108 2206 robur
1122 2133 1343 2228 inposterum
1359 2130 1559 2222 valiturum,
1574 2151 1716 2226 presens
1725 2129 1862 2226 privile-

456 2262 552 2355 gium
571 2260 644 2334 fieri
661 2270 696 2334 et
712 2261 824 2354 sigillo
839 2260 1025 2354 majestatis
1043 2267 1156 2332 nostre
1168 2259 1336 2350 jussimus
1351 2256 1569 2329 communiri.

503 2385 672 2476 Hujusrei
686 2393 790 2456 testas
802 2393 884 2456 sunt
896 2385 1058 2456 Albertus
1072 2391 1106 2454 et
1118 2380 1320 2476 liudolphus
1335 2380 1477 2452 comites
1493 2379 1538 2453 de
1551 2379 1807 2477 Habchspurg(
1831 2379 1858 2476 ),

453 2509 658 2582 Bertboldus
681 2518 715 2580 et
737 2507 943 2580 Godelridus
963 2507 1105 2580 comites
1129 2507 1173 2579 de
1188 2506 1387 2599 Cigcubang
1406 2501 1474 2602 (a),
1492 2525 1606 2578 comes
1631 2505 1798 2578 llenricus
1817 2503 1862 2578 dc

453 2631 703 2722 Greillcsbach,
717 2640 800 2722 etc,
821 2640 855 2704 et
868 2631 928 2703 alii
941 2631 1177 2726 quamplures.

499 2756 644 2848 Signum
663 2754 795 2828 domini
814 2755 919 2827 nostri
942 2754 1105 2826 Friderici
1119 2753 1169 2843 ll,
1190 2755 1252 2825 Dei
1269 2753 1379 2846 gratia
1393 2750 1608 2824 invictissimi
1631 2751 1860 2826 Romanorum

451 2878 664 2973 imperatoris
681 2899 817 2973 semper
832 2877 987 2972 augusti,
1009 2876 1195 2949 Jerusalem
1212 2884 1246 2947 et
1259 2875 1373 2946 Sicilie
1391 2875 1495 2967 regis.

500 3000 584 3074 Acta
603 3009 684 3072 sunt
703 3001 767 3072 hec
784 3023 875 3074 anno
892 2999 1065 3073 dominice
1082 2999 1325 3071 incarnationis
1342 2998 1388 3070 bl.
1405 2997 1469 3070 CC.
1483 2997 1657 3085 XXXVll,
1673 3018 1792 3070 mense
1802 3000 1859 3090 ja·

450 3124 582 3215 nuarii,
609 3123 792 3196 undecimo
812 3123 1019 3214 indictionis,
1043 3123 1232 3218 imperante
1249 3122 1389 3194 domino
1408 3130 1524 3194 nostro
1545 3115 1717 3192 Friderico
1733 3121 1776 3210 ΙΙ,
1796 3122 1857 3194 Dei

450 3247 561 3338 gratia
580 3246 804 3319 invictissimo
823 3247 1051 3319 Romanorum
1070 3247 1273 3342 imperatore
1286 3265 1422 3340 semper
1438 3252 1601 3336 augusto,
1620 3244 1807 3316 Jerusalem
1825 3255 1859 3316 et

449 3368 562 3440 Sicilie
577 3388 659 3460 rege
679 3367 838 3460 glorioso,
860 3367 994 3462 imperii
1011 3367 1085 3459 ejus
1101 3388 1192 3439 anno
1207 3368 1332 3458 XVlll,
1346 3367 1444 3461 regni
1459 3367 1647 3439 Jerusalem
1662 3367 1741 3456 Xll,
1762 3368 1857 3460 regui

448 3512 532 3564 vero
549 3490 663 3563 Sicilie
679 3490 848 3562 tricesimo
866 3499 987 3563 octavo
1006 3489 1069 3587 (b),
1090 3491 1243 3568 leliciter.
1261 3494 1385 3563 Amen.
1856 3493 1859 3502 ’

496 3617 621 3686 Datum
637 3613 758 3709 Papia,
777 3635 884 3700 auno,
905 3635 1022 3686 mense
1039 3623 1073 3687 et
1090 3613 1274 3686 indictione
1291 3611 1514 3709 prescriptis(
1538 3611 1564 3708 ).

489 3753 531 3834 (a)
554 3754 671 3816 Scilicet
682 3754 720 3814 de
736 3751 910 3834 Ziqcnduin.

489 3855 530 3938 (b)
551 3861 672 3922 Rectius
689 3865 790 3920 tamen
804 3859 960 3938 legendum
972 3855 1201 3940 quadrcchmo.

484 4054 522 4127 (t)
542 4073 556 4107 «
569 4053 716 4126 imperator
728 4053 825 4127 Papiae
838 4035 940 4111 curiam
951 4055 1044 4112 babuit
1059 4056 1086 4112 in
1097 4071 1149 4128 qua
1161 4055 1287 4111 albertus
1303 4061 1331 4111 et
1346 4053 1475 4111 liudolfus
1488 4055 1585 4112 iratres
1596 4056 1708 4114 comites
1721 4057 1755 4114 de
1768 4057 1854 4114 Habs·

427 4187 429 4194 ·
447 4150 532 4226 purch
546 4150 615 4206 inter
629 4150 695 4208 alios
706 4151 792 4223 gentis
802 4152 933 4210 Suevicae
947 4152 1051 4210 nobiles
1062 4153 1205 4225 praecipue
1215 4151 1363 4209 doruemnt
1372 4159 1399 4208 et
1408 4152 1567 4210 militaribus
1579 4154 1710 4211 exercitiis
1724 4161 1751 4211 et
1764 4155 1855 4228 probis

446 4247 551 4306 actibus
565 4253 620 4303 tem
631 4247 669 4302 ibi
683 4263 764 4320 quum
777 4265 827 4322 per
836 4249 938 4306 ltaliam
952 4249 1162 4323 circumquaque
1175 4249 1342 4322 imperatoris
1355 4249 1458 4306 curiam
1474 4249 1635 4308 extulerunt.
1650 4271 1663 4304 n
1676 4253 1740 4309 los.
1756 4253 1852 4311 vimu-

447 4360 538 4403 ursus.
548 4346 856 4418 ap.Bossusa,Fontee,
866 4352 887 4403 t.
898 4347 1074 4419 l‚p.279,ubi
1085 4361 1225 4421 perperam
1234 4347 1328 4419 legitur
1337 4347 1549 4406 MCOXXXIII
1554 4365 1603 4423 pro
1613 4349 1849 4408 siccamus

462 4519 465 4528 Ι
482 4443 518 4516 (2)
533 4444 574 4499 lta
586 4444 751 4500 correximus
760 4449 837 4501 notas
846 4443 1054 4516 chronologicas,
1068 4444 1148 4516 paulo
1161 4443 1310 4501 accuratius
1323 4450 1353 4501 ut
1362 4444 1466 4502 videtur
1475 4447 1502 4502 in
1514 4445 1565 4504 hoc
1576 4451 1744 4521 transumpto
1755 4457 1783 4504 et
1793 4447 1852 4504 sine

446 4539 527 4598 dubio
539 4539 688 4597 inordinate
702 4541 877 4614 exemplatas,
893 4557 955 4597 cum
970 4541 1072 4612 legatur
1086 4560 1092 4596 :
1107 4542 1173 4598 lint.
1189 4544 1255 4616 l’np.
1271 4559 1337 4598 ann.
1351 4559 1439 4599 mense
1449 4541 1579 4616 januarii
1594 4553 1618 4603 et
1630 4542 1772 4602 undecimo
1788 4560 1851 4602 rcus

447 4637 630 4695 indictionum
640 4641 816 4712 prescriptis;
830 4645 857 4694 et
869 4645 970 4711 postea,
985 4639 1103 4710 Siquam
1115 4639 1221 4696 mini
1233 4641 1322 4696 nostri
1333 4639 1484 4710 Frt'dert'ct',
1498 4648 1551 4698 etc.
