4228 5892
482 529 542 594 ³52
979 525 1192 587 lalbsnlcl
1217 525 1392 588 SECUNDI
1704 531 1787 610 [dn.
1804 532 1887 596 12³9.

481 661 664 760 impediri,
689 669 725 758 et
745 659 829 755 qnia
847 669 921 734 erat
946 659 992 733 do
1009 661 1201 755 majoribus
1216 662 1371 736 Bononio
1387 669 1457 736 mm
1475 663 1641 738 militibus
1660 685 1767 760 quam
1785 666 1888 762 pedi-

481 787 574 860 tibus
599 783 866 870 ccmmunitum,
898 782 945 856 ad
966 785 1044 877 ejus
1067 785 1262 880 captionem
1290 783 1456 880 disposita
1478 797 1560 859 sunt
1588 787 1719 862 ibidem
1735 789 1889 864 victricia

481 919 593 982 castra
612 916 726 980 nostra
750 916 789 978 ιιι
812 905 871 980 via
894 915 1008 1002 posset
1033 907 1251 980 venientibus
1272 906 1432 1004 expediri
1455 917 1491 980 et
1512 911 1660 1002 majores
1677 911 1723 984 de
1737 913 1888 986 Bononia

481 1051 550 1104 non
567 1029 754 1104 evaderent
779 1050 900 1100 manns
919 1036 1064 1102 nostras.
1084 1028 1179 1102 Licet
1199 1029 1306 1123 igitur
1328 1030 1516 1125 aggeribus
1537 1041 1572 1104 et
1587 1033 1771 1127 profundis
1791 1035 1888 1107 iussis

481 1153 701 1227 multitudine
714 1173 882 1246 aquarum
899 1152 1051 1247 repletis,
1067 1152 1300 1226 bononienses
1315 1161 1351 1225 et
1366 1153 1423 1224 alii
1438 1151 1484 1226 de
1500 1163 1611 1227 castm
1624 1176 1745 1228 sorum
1761 1177 1888 1251 propn-

480 1275 636 1372 gnacnlis
678 1273 891 1348 confidentes
924 1274 1051 1347 nostris
1088 1274 1223 1348 viribus
1255 1275 1381 1348 irnstra
1421 1275 1579 1349 resistere
1609 1279 1884 1372 temptavissent,

480 1399 634 1474 exaustls
655 1397 880 1470 artificialiter
895 1398 982 1470 inira
1001 1396 1077 1470 dies
1099 1396 1254 1471 modicos
1274 1397 1375 1492 aquis
1396 1398 1514 1470 multis
1540 1409 1576 1472 et
1591 1401 1774 1474 confractis
1788 1402 1888 1474 castri

480 1525 633 1596 turribus
650 1521 817 1594 machinis
832 1520 981 1612 bellicis,
996 1520 1069 1594 die.
1091 1573 1100 1592 .
1124 1575 1134 1593 .
1165 1573 1175 1592 .
1206 1573 1216 1592 .
1246 1573 1257 1591 .
1285 1574 1295 1592 .
1317 1521 1400 1614 igno
1414 1522 1581 1618 premisso
1595 1523 1707 1619 primo
1722 1544 1887 1618 aggressu

480 1669 559 1720 cum
578 1647 733 1733 flamma,
760 1665 841 1716 cnm
863 1645 953 1716 ierro
973 1653 1090 1716 nostor
1111 1643 1200 1718 illud
1217 1643 1423 1718 victoriosus
1444 1645 1535 1740 oepit
1555 1646 1748 1734 exercitos,
1769 1647 1886 1740 maiori

479 1778 576 1868 parte
594 1767 784 1844 infidelium
801 1766 1032 1862 predictorum
1050 1788 1120 1838 non
1137 1766 1269 1862 absquo
1288 1763 1411 1840 divino
1424 1766 1558 1860 judicic
1578 1767 1660 1841 data
1675 1767 1711 1840 in
1727 1769 1887 1842 combus-

480 1895 605 1968 tionem
619 1902 654 1967 et
667 1890 801 1976 cedem,
816 1891 959 1984 reliquis
978 1898 1094 1962 nostro
1107 1889 1237 1962 carceri
1255 1889 1466 1984 consignatis
1480 1888 1546 1988 (l).
1565 1890 1683 1964 Castro
1700 1891 1807 1986 igitur
1821 1892 1887 1966 do-

477 2018 631 2114 plumato
646 2025 680 2089 et
693 2013 888 2103 combusto,
904 2015 1099 2110 plumarum
1113 2015 1148 2086 in
1164 2014 1223 2088 tali
1235 2013 1380 2088 viduata
1394 2015 1547 2090 Bunonia
1563 2015 1749 2111 pulvinari,
1763 2037 1886 2112 pruco-

478 2139 594 2214 dimus
605 2147 821 2233 prepotentes
838 2135 1049 2209 destruendo
1064 2136 1221 2232 undique
1240 2137 1379 2210 arbusta
1394 2133 1446 2234 (a)
1459 2159 1523 2210 sua
1538 2136 1724 2212 studeam
1739 2139 1885 2212 circum·

477 2282 617 2358 quaque
634 2261 670 2333 in
691 2261 792 2332 bonis
812 2259 885 2333 suis
898 2260 1063 2333 radicitus
1081 2261 1290 2356 dissipandis
1307 2261 1464 2333 cominus
1481 2258 1681 2353 vicinando,
1693 2271 1733 2332 nt
1752 2283 1830 2335 eam
1849 2263 1885 2334 in

478 2389 564 2463 lecto
577 2408 640 2459 sno
652 2384 796 2481 perfidie
810 2385 948 2480 penitus
960 2394 1232 2473 consuescamus,
1248 2392 1283 2458 et
1291 2385 1564 2458 consternatione
1574 2385 1611 2456 in
1619 2385 1718 2459 brevi
1732 2395 1881 2480 peracta,

479 2511 650 2606 congestis
661 2507 818 2601 undique
829 2516 1021 2580 nostrorum
1036 2506 1191 2580 fidelium
1203 2508 1350 2600 viribus,
1366 2507 1413 2581 ad
1423 2507 1670 2581 conterendum
1687 2519 1790 2604 caput
1807 2507 1884 2581 inli-

480 2633 628 2709 delitatis
653 2631 944 2706 Mediolanensem
963 2630 1137 2704 civitatem
1154 2630 1391 2726 disposuimus
1407 2632 1631 2726 personaliter
1649 2629 1884 2704 accedendum

482 2767 520 2831 ut
533 2755 660 2830 abinde
672 2755 859 2826 Cumanam
872 2753 1045 2827 civitatem
1055 2751 1185 2848 quoad
1199 2751 1401 2827 mandatum
1417 2763 1570 2827 nostrum
1585 2763 1622 2827 et
1633 2753 1883 2850 beneplacitum

481 2891 534 2956 cst
550 2899 704 2968 reversa,
724 2877 769 2950 ab
790 2878 942 2973 ipsomm
960 2877 1266 2951 Mediolanenainm
1288 2877 1485 2951 incursibus
1497 2879 1695 2970 liberamus,
1714 2887 1750 2952 et
1771 2878 1882 2974 impe·

481 3006 582 3078 riales
597 3002 778 3076 comitatus
796 3009 928 3073 nostros
941 3021 1061 3074 secura
1073 3009 1107 3072 et
1120 2999 1352 3074 llarcbisanos
1366 3002 1426 3096 qni
1440 3011 1594 3074 nostrum
1609 3001 1742 3074 felicem
1758 3023 1884 3098 expec-

482 3139 554 3200 tant
571 3127 773 3214 adventum‚
795 3125 830 3196 in
844 3133 999 3196 nostrum
1016 3123 1209 3196 dominium
1225 3123 1435 3218 redigamus.
1453 3123 1633 3198 Gaudeant
1649 3125 1755 3219 igitur
1770 3135 1884 3199 nostre

482 3250 562 3323 lidei
575 3250 736 3321 zelatores
748 3255 782 3317 et
799 3245 835 3316 in
852 3253 1044 3316 nostrorum
1063 3245 1221 3319 felicitate
1236 3267 1458 3319 successuum
1473 3248 1637 3344 reliquias
1651 3246 1801 3320 bostium
1812 3251 1883 3342 jam

480 3381 666 3470 prostratas
687 3379 723 3441 et
740 3368 776 3440 in
799 3367 899 3440 brevi
924 3389 971 3440 ex
992 3377 1063 3441 toto
1080 3369 1344 3464 prosternendus
1366 3369 1560 3462 attendant,
1585 3370 1759 3465 quianon
1783 3369 1884 3444 datur

481 3499 620 3572 ulterior
637 3492 826 3567 diffidentie
841 3490 920 3564 liliis
937 3492 1108 3566 evadendi
1120 3491 1248 3566 liducia
1261 3493 1322 3588 qui
1336 3493 1514 3565 brachium
1533 3493 1747 3566 defensionis
1763 3515 1882 3567 eorum

481 3625 518 3696 in
535 3641 649 3695 errore
660 3619 843 3692 dumtaxat
857 3625 892 3689 et
910 3615 1054 3711 perfidia
1071 3627 1272 3713 posuerunt,
1289 3627 1325 3690 ot
1338 3639 1401 3714 per
1417 3619 1549 3691 ultricis
1567 3618 1704 3692 flamm
1713 3617 1881 3712 judicium

480 3755 515 3820 et
527 3743 716 3818 vindictam
736 3739 843 3813 nostri
862 3737 1071 3814 moderatrix
1092 3740 1227 3836 imperii
1249 3762 1373 3813 manus
1399 3739 1553 3815 decrevit
1579 3741 1703 3815 nostris
1723 3740 1881 3814 manibus

480 3863 799 3962 condempnandos.

522 4011 563 4092 (c)
586 4013 622 4072 In
635 4007 870 4087 codleesntttro.

515 4241 551 4315 (ι)
572 4259 586 4292 ι
600 4237 701 4294 Eodem
714 4249 807 4294 mense
821 4233 886 4309 iulio
906 4235 1050 4308 imperator
1062 4248 1125 4291 cum
1141 4247 1192 4291 suc
1210 4231 1327 4291 exercitu
1348 4233 1420 4307 oepit
1439 4232 1466 4288 in
1480 4232 1635 4306 episcopatu
1649 4232 1809 4292 Bononimsi
1826 4249 1882 4292 cas-

478 4345 549 4397 trum
562 4335 694 4410 quoddam
708 4333 815 4392 iossatis
832 4337 862 4390 ct
876 4333 954 4406 aquis
966 4331 1099 4388 munitum
1117 4331 1188 4404 quod
1206 4329 1373 4388 Plumacinm
1387 4329 1545 4402 vocabatur,
1557 4329 1627 4402 quod
1642 4335 1727 4388 totum
1743 4329 1806 4403 igne
1819 4347 1882 4390 cre·

478 4443 579 4494 matum
592 4439 643 4492 est.
660 4433 745 4506 Atqm
758 4429 917 4505 principales
936 4443 1030 4486 eorum
1044 4428 1091 4500 qui
1109 4427 1182 4484 intus
1204 4432 1336 4485 steterunt
1355 4425 1424 4500 ignis
1443 4427 1589 4500 cremarit,
1604 4431 1632 4485 et
1651 4426 1707 4485 lere
1726 4427 1882 4501 quingentos

479 4535 524 4608 qui
536 4537 681 4590 evaserunt
693 4531 762 4604 ignis
782 4528 935 4587 incendium
947 4527 1092 4602 imperator
1110 4525 1188 4585 duxit
1201 4526 1332 4600 captivos.
1343 4543 1358 4580 a
1370 4525 1447 4586 nnc.
1458 4527 1533 4586 uss.
1550 4525 1689 4600 (isam,
1703 4525 1829 4586 mmo.
1847 4524 1882 4582 ad

478 4646 587 4687 annum.
