4242 5904
221 610 321 671 lenter.
339 607 399 693 IL]
669 609 866 671 HISTORIA
890 605 1181 670 uteeottartcs.
1577 599 1635 662 169

221 741 470 850 triumphalia
500 739 670 849 auspicia
696 739 779 850 ejus
801 751 927 824 ortum
950 737 1211 849 praevenerint
1237 747 1274 819 et
1299 735 1479 818 continuo
1507 743 1636 815 secuta

223 873 313 954 siut.

306 1068 430 1147 (Inedlt.
446 1085 483 1130 ex
498 1067 623 1130 codlclb.
633 1067 712 1132 Blbl.
727 1069 827 1132 Ceam.
842 1069 950 1142 Paris„
964 1067 1163 1148 ambosondr
1176 1066 1267 1146 latin,
1287 1077 1377 1143 tote,
1391 1065 1517 1148 etsondr
1528 1065 1637 1128 Sciat-

348 1173 486 1236 Gemuin
497 1171 621 1254 flarlep,
638 1184 707 1250 455,
729 1193 797 1254 pars
810 1176 867 1254 ΙΙΙ,
886 1187 919 1236 n⁰
935 1176 1044 1250 LVIII,
1058 1176 1110 1236 ubl
1130 1175 1275 1252 quaedum
1294 1175 1418 1236 mendae
1438 1175 1500 1235 slve
1517 1173 1638 1234 lacunae

345 1279 547 1359 deteguntur.)

275 1450 486 1538 blidericus,
502 1461 567 1524 ete.
584 1451 720 1524 Erelino
735 1449 780 1526 de
792 1453 960 1540 Romano,
977 1463 1040 1524 etc.
1063 1453 1146 1523 Cum
1165 1451 1210 1524 ad
1225 1451 1379 1524 notitiam
1396 1459 1511 1523 nostre
1527 1449 1639 1521 Iatioi-

227 1573 308 1646 tatis
329 1583 388 1646 tua
412 1575 574 1646 continno
595 1583 679 1647 vota
701 1575 873 1648 ferventer
890 1577 1042 1670 aspirent
1064 1585 1099 1648 et
1122 1575 1209 1646 illud
1230 1575 1378 1669 specIale
1396 1581 1535 1668 reputes
1552 1593 1638 1665 gau·

227 1695 327 1769 dium
352 1696 447 1790 quod
468 1698 593 1770 nostrIs
611 1697 830 1792 processibus
848 1699 981 1771 accedit
998 1699 1044 1771 ad
1060 1710 1203 1788 votum,
1226 1696 1459 1792 expectationi
1484 1707 1541 1768 tue
1561 1715 1639 1790 pm·

227 1819 357 1892 menda
373 1819 539 1892 duximus
556 1841 683 1912 genera
701 1815 926 1914 g‘audiomm,
943 1823 1025 1915 quia
1044 1823 1157 1916 prImo
1181 1821 1239 1892 die
1258 1840 1355 1891 sacre
1368 1817 1639 1910 Quadragesime

227 1943 351 2015 xv111·
366 1943 497 2026 scilicet
508 1943 665 2016 instantis
681 1945 807 2017 mensis
825 1947 988 2018 februarii
1003 1943 1073 2040 (l),
1094 1945 1297 2040 disponente
1313 1941 1531 2014 Providentia
1548 1941 1640 2033 regis

228 2086 351 2160 regum
368 2067 428 2160 qni
448 2067 509 2140 dat
528 2077 639 2139 ouum
660 2067 799 2161 regibus
814 2079 847 2140 et
865 2070 1031 2156 salutem,
1049 2079 1258 2158 exaugusto
1274 2065 1440 2139 consortIs
1458 2075 1573 2138 nostre
1591 2065 1641 2136 Ie·

229 2188 406 2262 canditate
420 2188 523 2262 datus
536 2200 587 2262 est
602 2191 703 2262 nobis
718 2189 811 2262 lilius
826 2201 861 2263 et
876 2213 940 2263 rex
958 2213 1071 2264 novus
1089 2203 1191 2263 natus
1206 2201 1258 2262 est
1269 2191 1381 2278 nobis,
1397 2191 1434 2260 in
1450 2209 1520 2282 quo
1536 2187 1642 2283 patris

230 2311 367 2383 exultat
391 2312 529 2384 animus
553 2321 588 2386 et
612 2312 833 2406 congaudent
861 2315 1068 2386 universitas
1091 2313 1322 2386 subditorum.
1352 2314 1441 2386 Ecce
1471 2309 1643 2406 prodeunt

230 2435 313 2506 novi
333 2435 424 2528 regis
436 2457 518 2507 cum
532 2435 1046 2530 patrisaxultationecunabnla
1060 2436 1485 2511 etsuccedentibnsnobis
1499 2436 1640 2507 initalia

227 2558 420 2653 prosperis,
439 2559 634 2654 prosperior
651 2559 789 2632 soboles
804 2559 968 2656 adoptata
984 2562 1162 2656 consurgit
1176 2583 1245 2655 que
1259 2572 1376 2633 nostro
1389 2561 1492 2651 longe
1505 2559 1641 2652 lateque

226 2681 409 2752 reformato
427 2681 473 2754 ad
495 2701 578 2754 suos
597 2682 759 2776 antiquos
777 2683 886 2755 fasces
905 2684 1069 2778 imperio,
1089 2693 1203 2779 optate
1218 2684 1314 2777 pacis
1332 2691 1367 2754 et
1383 2682 1520 2774 justicio
1536 2681 1642 2754 mbur

227 2802 301 2874 suis
325 2803 493 2898 promittit
516 2807 710 2900 augmentis
731 2806 777 2880 ad
798 2817 952 2902 posteros
972 2817 1007 2880 st
1027 2807 1120 2880 circa
1150 2807 1250 2902 primi
1273 2807 1408 2880 culmen
1438 2805 1578 2878 honoris
1607 2815 1662 2878 et

228 2925 463 3018 subjectorum
488 2928 686 3002 corroborat
712 2929 845 3002 animos
868 2932 1088 3026 populorum.
1117 2931 1174 3002 Sic
1202 2931 1295 3004 enim
1324 2930 1439 3002 lelioes
1460 2950 1642 3023 processus

227 3059 362 3122 nostros
381 3073 539 3124 summus
554 3073 668 3124 rernm
690 3053 807 3146 opilex
822 3063 857 3126 et
876 3063 999 3126 natura
1016 3052 1212 3148 magnIficat
1225 3065 1264 3126 ut
1284 3055 1409 3126 nostrIs
1425 3053 1519 3125 Italia
1533 3053 1642 3125 titulis

227 3171 337 3247 velud
353 3173 496 3267 antiqua
515 3173 648 3268 imperii
662 3174 835 3250 hereditas
848 3186 883 3250 et
900 3199 970 3270 que
987 3185 1114 3250 statum
1131 3177 1349 3270 singulariter
1363 3177 1494 3250 refovet
1513 3185 1547 3248 et
1560 3177 1641 3268 jura

228 3316 411 3388 regnorum
426 3296 477 3392 (a)
495 3299 663 3391 presentis
677 3299 819 3372 victorie
833 3312 947 3374 nostre
961 3303 1171 3396 temporibus
1187 3311 1303 3374 nostra
1318 3301 1500 3396 pmgenies
1511 3319 1641 3394 augea·

228 3427 297 3490 tur.
326 3419 432 3512 Cujus
452 3431 549 3492 ortus
573 3432 606 3494 te
625 3421 725 3516 plena
745 3421 911 3514 letificet,
936 3446 1040 3517 quem
1058 3425 1150 3496 Ielioi
1171 3423 1296 3519 sydera
1313 3433 1576 3518 preconoeptum
1591 3421 1640 3518 (2)

228 3551 279 3614 tot
302 3543 570 3636 acquisitionum
593 3544 852 3641 triumphalium
871 3557 1033 3620 eventum
1053 3559 1283 3642 prevenemnt
1303 3547 1457 3642 auspioIa
1474 3556 1509 3620 et
1528 3546 1642 3618 conti-

270 3688 312 3768 (α)
334 3691 430 3753 Locos
442 3692 576 3753 mntttue.

264 3927 302 4000 (t)
319 3927 446 3984 Maeonii
455 3927 513 3987 dies
521 3926 569 4002 qni
581 3926 662 4002 vulgo
673 3927 806 3988 cinerem
820 3929 877 3989 tae
891 3937 1013 4002 vocatur,
1026 3931 1158 3990 bocetum
1171 3932 1199 3990 in
1212 3932 1356 4006 septimum
1368 3931 1502 3991 decimum
1515 3930 1641 3990 februarii

229 4022 300 4080 dem
311 4023 455 4082 incidebat.

264 4119 301 4192 (Ι)
311 4119 397 4190 Quam
405 4120 486 4178 fidem
496 4120 531 4179 de
541 4121 681 4181 nativitate
690 4123 771 4198 hujus
782 4123 827 4182 tilii
837 4125 918 4183 astris
923 4131 950 4184 et
956 4125 1256 4198 asbologisFridericus
1264 4125 1423 4198 adhibuerit,
1433 4141 1484 4184 nos
1491 4125 1641 4185 Matthaeus

229 4215 389 4273 Parietensis
406 4223 512 4288 monet,
534 4233 614 4292 quem
628 4221 789 4279 audiamus:
807 4223 919 4281 «Nocte
938 4239 1004 4282 vero
1023 4223 1110 4298 prima
1129 4239 1183 4297 qua
1200 4221 1344 4282 concubuit
1361 4223 1505 4297 imperator
1523 4238 1585 4280 cum
1607 4237 1640 4280 ea

229 4311 297 4384 [cett.
312 4311 427 4370 Isabella
439 4313 511 4388 ragis
522 4314 667 4389 ludorum
680 4319 782 4390 sorore)
797 4319 882 4377 noluit
894 4335 954 4378 eam
967 4319 1110 4377 carnaliter
1123 4335 1297 4394 cognoscere,
1308 4319 1393 4377 donec
1406 4325 1560 4392 competens
1574 4319 1641 4376 bora

229 4407 265 4464 ab
278 4409 419 4482 astrologis
437 4409 463 4466 ei
477 4411 659 4470 nunciaretur.
680 4414 870 4474 Consummata
886 4422 977 4476 autem
995 4415 1094 4475 carnali
1112 4417 1300 4474 commtxtIone
1316 4431 1422 4474 summo
1442 4431 1537 4488 mane,
1555 4416 1639 4490 depo·

231 4505 296 4561 tavit
308 4521 369 4563 eam
383 4506 460 4579 quasi
476 4517 668 4582 praegnantem
679 4511 796 4585 diligenti
808 4514 953 4585 custodiae,
968 4514 1059 4572 dloens
1074 4515 1099 4571 ei
1115 4532 1122 4570 :
1138 4535 1151 4569 t
1167 4514 1275 4573 Custodi
1289 4519 1317 4570 te
1329 4513 1465 4586 sapienter
1477 4513 1541 4586 quia
1554 4511 1639 4570 habes

231 4599 258 4656 iu
271 4607 348 4660 utero
365 4603 547 4662 masculum...
562 4624 575 4658 ι
591 4605 625 4663 Iit
641 4607 679 4665 sic
696 4610 816 4684 contigit,
830 4612 936 4687 peperit
950 4611 1022 4668 enim
1037 4611 1186 4670 masculum
1204 4612 1280 4684 cujus
1293 4626 1390 4668 nomen
1403 4609 1533 4668 IIenricus
1551 4608 1610 4666 fuit.
1623 4629 1637 4658 υ

231 4695 335 4756 Hister.
349 4701 417 4774 oroi.
432 4700 557 4775 doctor„
568 4719 597 4777 p.
611 4707 673 4764 285.

307 4797 344 4859 V.
1460 4813 1497 4866 2²
