4242 5904
485 554 546 614 224
985 544 1200 604 releuaret
1224 545 1397 606 securim
1715 545 1792 630 [iiam
1812 537 1908 608 123&

486 695 732 786 prosequentes
746 692 781 756 et
798 691 837 754 ut
856 701 980 777 penam
1001 681 1280 754 inobedientibus
1301 681 1457 756 debitam
1480 703 1586 777 quam
1605 683 1748 756 incurrit
1763 693 1906 780 propter

487 835 586 886 suam
609 806 878 882 inobedientiam
906 825 977 878 non
1000 803 1143 895 evadat,
1165 806 1281 902 ipsum
1305 807 1468 879 omnibus
1490 807 1666 899 regalibus
1692 807 1902 902 privilegiis,

488 932 783 1020 concessionibus,
804 928 917 1002 leudis
930 939 965 1001 ot
976 929 1138 1002 omnibus
1150 951 1258 1024 quea
1279 931 1381 1004 nobis
1394 940 1429 1003 et
1447 930 1591 1025 imperio
1610 939 1703 1003 tenet
1724 939 1757 1003 et
1775 931 1903 1023 habet,

488 1059 676 1156 imperialis
692 1054 852 1128 culminis
870 1052 1073 1126 auctoritate
1088 1054 1268 1148 privamus
1284 1063 1320 1126 et
1340 1054 1516 1149 privatum
1533 1052 1579 1125 de
1598 1063 1711 1126 cetero
1727 1075 1803 1126 esse
1821 1075 1907 1126 cen-

488 1206 623 1272 semus;
638 1179 842 1252 mandantes
860 1176 921 1248 tibi
940 1176 1103 1270 quatinus
1113 1198 1195 1248 eum
1213 1175 1339 1249 amodo
1358 1185 1523 1270 tanquam
1534 1176 1715 1248 bannitum
1729 1197 1793 1271 pro
1806 1185 1905 1270 parte

489 1316 604 1380 nostre
622 1313 657 1377 et
672 1301 805 1397 imperii
820 1297 1036 1395 persequaris
1059 1307 1094 1370 et
1110 1298 1295 1381 denunties
1310 1299 1357 1372 ab
1379 1300 1541 1373 omnibns
1556 1297 1760 1374 evitandum
1778 1309 1814 1372 et
1830 1323 1908 1396 pu-

489 1423 865 1521 blioeollendendnm(
889 1421 918 1520 ).

1352 1710 1691 1724 auu-w

544 1982 773 2088 Friden'eus,
793 1982 1053 2064 Romanorum
1070 1980 1293 2088 imperator,
1313 1978 1498 2090 magistro
1514 1988 1553 2062 et
1570 1979 1751 2063 fratribus
1768 1980 1909 2064 domus

493 2115 814 2199 Tbeutonioorum
839 2112 1016 2195 concedit·
1035 2123 1080 2195 ut
1096 2139 1166 2220 pro
1195 2113 1312 2195 domo
1341 2138 1459 2222 quam
1481 2111 1624 2196 habent
1641 2115 1744 2222 apud
1771 2113 1911 2196 diten-

495 2248 595 2358 burg
617 2246 857 2355 ampliando,
878 2245 979 2328 bono
1005 2271 1105 2354 quae
1131 2244 1181 2328 ab
1208 2245 1313 2326 omni
1341 2243 1482 2327 serviti
1500 2269 1614 2329 onere
1631 2255 1806 2356 exempta
1832 2246 1912 2330 sint

493 2407 618 2464 emere
635 2406 705 2488 pro
722 2378 898 2463 trecentis
918 2379 1065 2488 argenti
1087 2377 1225 2460 mercis
1242 2379 1305 2460 eis¹
1317 2377 1441 2461 liceat.

577 2595 700 2675 (incdit.
717 2614 756 2656 ex
769 2597 853 2672 copta
864 2595 1032 2656 authentice
1044 2597 1077 2654 tn
1089 2595 1210 2656 arehlvo
1223 2593 1382 2668 Dresdensl
1395 2601 1545 2656 asservata
1558 2595 1614 2656 sub
1627 2605 1659 2656 n⁰
1675 2603 1750 2674 ule,
1766 2595 1803 2656 Δ.
1815 2595 1865 2674 Β.)

544 2782 755 2872 Fridericus‚
775 2778 838 2853 Dei
859 2782 970 2875 gratia
994 2783 1227 2854 Romanorum
1244 2781 1433 2876 imperator
1451 2805 1588 2879 semper
1603 2793 1790 2876 augustus,
1810 2783 1911 2855 iern-

498 2910 603 2980 salem
627 2918 660 2979 et
685 2907 800 2980 Sicilie
824 2928 903 2978 rex.
924 2907 1056 2979 Tenore
1080 2905 1292 3001 presentium
1317 2916 1438 2978 notum
1464 2905 1538 2979 fieri
1562 2907 1724 2981 volumus
1741 2905 1912 2980 universis

498 3028 593 3122 quod
612 3049 675 3100 nos
691 3027 909 3100 attendentes
928 3035 1024 3120 grata
1042 3035 1077 3098 et
1094 3025 1223 3098 devota
1241 3027 1383 3100 servitia
1404 3028 1558 3122 magistri
1575 3040 1609 3100 et
1625 3031 1768 3100 fratrum
1785 3029 1914 3102 domus

499 3153 786 3225 theutonicorum
809 3162 1006 3222 nostrorum
1027 3149 1231 3222 dilectorum
1264 3149 1418 3223 fidelium
1452 3151 1550 3225 nobis
1575 3152 1785 3225 incessanter
1808 3154 1915 3226 exhi-

500 3277 573 3348 bita
591 3285 708 3369 etque
725 3275 854 3368 jugiter
873 3274 1040 3346 exhibere
1062 3296 1133 3346 non
1159 3284 1313 3365 cessant,
1339 3275 1595 3350 considerantes
1613 3277 1716 3350 etiam
1738 3277 1915 3370 religionis

501 3402 632 3472 cultum
646 3409 679 3471 et
696 3399 963 3472 elemosinarum
977 3398 1174 3492 largitiones
1192 3398 1313 3492 quein
1333 3421 1374 3472 ea
1389 3396 1476 3471 fiunt
1494 3400 1705 3496 pauperibus
1719 3401 1913 3494 affluenter,

538 3690 573 3764 (l)
592 3691 648 3748 lloc
661 3688 750 3746 benno
762 3687 844 3763 paulo
861 3693 923 3761 post
935 3686 1047 3744 Paulum
1058 3685 1260 3743 Traversarium
1272 3685 1354 3744 tuisse
1370 3685 1488 3745 solutum
1501 3687 1603 3746 lucilius
1620 3689 1794 3760 crediderim,
1810 3689 1835 3747 si
1849 3687 1918 3748 fides

502 3787 658 3846 adhibeatur
673 3787 849 3843 instrumento
868 3785 938 3841 inter
952 3785 1023 3840 Petr.
1044 3782 1076 3840 de
1094 3783 1154 3840 Vin.
1173 3782 1302 3857 epistolas
1315 3783 1429 3855 inserto,
1444 3783 1490 3841 lib.
1506 3785 1552 3856 Vl,
1566 3799 1626 3859 cap.
1647 3786 1755 3856 xxlx;
1777 3786 1850 3858 quod
1869 3787 1918 3843 ad-

503 3885 600 3956 dimus,
614 3884 720 3941 nomine
732 3899 765 3940 ox
776 3881 912 3940 codicibus
928 3879 1108 3938 bibliothecae
1120 3881 1278 3938 Parisiensie
1291 3881 1437 3939 correctius
1452 3897 1523 3940 nunc
1536 3897 1664 3956 expresso
1678 3900 1684 3938 :
1703 3903 1717 3936 u
1731 3885 1836 3940 Tenere
1849 3899 1919 3956 pre-

504 3981 620 4040 sentium
634 3986 727 4038 notum
741 3978 854 4036 lecimus
865 3977 1016 4048 universis,
1032 3977 1105 4050 quod
1119 3993 1181 4033 cum
1194 3977 1378 4036 misericordie
1392 3979 1606 4052 superexaltante
1616 3979 1761 4052 judicium,
1778 3979 1920 4053 gloriosius

504 4085 661 4152 reputemus
674 4077 782 4134 offensis
799 4077 938 4148 ignoscere
950 4075 1147 4148 subjectorum,
1164 4090 1246 4146 quam
1262 4091 1356 4132 eorum
1375 4077 1491 4134 offensas
1507 4075 1614 4148 ulcisci3
1630 4077 1797 4135 attendentes
1813 4077 1918 4153 suppli-

504 4177 636 4234 cationem
648 4177 680 4232 P.
694 4174 858 4232 Traversarii
871 4187 901 4231 se
914 4173 948 4230 ad
962 4172 1159 4247 implorandum
1170 4172 1287 4243 gratiam
1300 4177 1420 4229 nostram
1430 4173 1568 4231 humiliter
1581 4175 1771 4244 convertentis,
1787 4174 1920 4232 babentes

504 4289 610 4346 quoque
633 4277 784 4346 respectum
800 4270 835 4327 ad
854 4284 904 4326 sue
927 4268 988 4325 fidei
1009 4267 1106 4326 merita
1123 4273 1269 4338 retroacta,
1285 4283 1338 4340 que
1356 4268 1478 4341 impensa
1499 4269 1576 4326 nobis
1594 4269 1629 4326 ab
1649 4284 1681 4326 eo
1701 4269 1811 4326 servitia
1828 4275 1920 4327 nomro

505 4369 658 4444 musmotui
668 4372 844 4441 representat,
855 4365 1027 4422 nibilominus
1036 4363 1201 4422 confidentes
1212 4363 1300 4438 ipsum
1313 4365 1342 4422 in
1351 4365 1535 4439 redemptione
1543 4367 1644 4423 offense
1654 4373 1764 4439 grataet
1775 4365 1851 4424 utilia
1864 4381 1920 4423 ser·

506 4469 569 4524 vitia
581 4475 674 4525 nostro
685 4465 792 4524 culmini
804 4464 994 4538 prestitumm;
1007 4461 1110 4518 dictum
1124 4462 1152 4518 Ρ.
1166 4461 1200 4517 ad
1216 4462 1326 4519 seruitia
1343 4468 1371 4519 et
1389 4462 1470 4521 iidem
1489 4469 1607 4520 nostram
1624 4468 1680 4521 tcta
1694 4463 1835 4520 devotione
1854 4477 1918 4520 cun·

506 4581 623 4634 uersum,
635 4565 662 4620 in
676 4563 869 4636 plenitudinem
881 4559 980 4618 latoris
989 4557 1075 4616 nostri
1086 4563 1114 4616 et
1125 4558 1210 4630 gratis
1222 4559 1372 4632 recepimus
1384 4565 1522 4632 consuete,
1537 4561 1702 4618 remittentes
1711 4560 1799 4618 eidem
1809 4575 1919 4618 omnem

505 4663 635 4720 olleusem
646 4665 675 4718 et
685 4659 802 4734 culpam,
816 4663 895 4715 etc.»
1624 4663 1626 4668 ·
