4262 5910
201 655 376 740 lrtnror.13.]
649 654 845 715 HISTORIA
871 651 1163 714 uluuottuulca.
1550 653 1609 716 607

249 792 468 882 Fredericus,
488 798 571 881 etc,
585 791 627 860 ll.
644 788 691 860 de
706 789 920 882 Montenigro
934 789 1119 882 justitiario
1134 789 1236 861 Taire
1246 788 1401 880 Laboris,
1423 797 1489 861 etc.
1510 789 1611 864 Fide·

201 918 287 988 litati
304 926 364 988 tne
376 912 603 1010 precipiendo
623 911 830 984 mandamus
848 922 1019 1004 quatenus
1038 911 1183 1006 receptis
1195 911 1262 1008 hys
1285 912 1428 1002 licteris,
1447 912 1612 985 ubicum-

201 1061 271 1133 que
290 1061 353 1134 por
366 1036 635 1130 justiciariatnm
649 1035 712 1107 tibi
732 1037 952 1108 commissum
972 1035 1097 1126 fucris,
1113 1042 1148 1108 ta
1167 1034 1346 1129 Neapolim
1358 1037 1512 1108 conferre
1531 1057 1613 1131 pro·

201 1183 301 1234 cures
324 1161 368 1233 ad
388 1157 592 1232 lliccardum
617 1158 663 1230 de
682 1159 932 1231 lllonteiusculo
954 1159 1183 1250 justiciarium
1208 1157 1397 1252 Capitinate
1416 1167 1450 1230 et
1471 1159 1613 1233 honoris

201 1286 329 1357 montis
346 1284 460 1358 Sancti
475 1283 618 1377 Angeli,
637 1280 773 1354 fidelem
791 1293 967 1373 nostrum,
984 1301 1054 1376 quo
1069 1303 1138 1355 non
1160 1282 1301 1354 invento
1321 1282 1489 1376 quicquid
1508 1305 1615 1378 super

202 1411 294 1480 iacto
313 1407 530 1502 captivorum
551 1416 587 1478 et
604 1403 767 1478 obsidum
787 1425 874 1498 quos
891 1425 972 1476 cnm
986 1405 1096 1496 galeis
1119 1403 1165 1476 ad
1188 1425 1328 1500 presens
1346 1405 1559 1478 destinamus
1576 1407 1612 1476 in

201 1552 361 1624 regnum,
380 1552 427 1603 ex
444 1539 541 1624 parts
556 1529 664 1600 nostri
682 1527 842 1601 culminis
860 1527 922 1600 tibi
939 1529 1030 1600 dicat
1044 1536 1217 1618 oretenus,
1233 1549 1337 1620 quam
1355 1549 1517 1624 supereo
1534 1551 1612 1624 spe·

202 1653 335 1726 cialiter
350 1652 577 1741 destinamus,
594 1673 657 1746 per
673 1651 835 1722 nuntium
854 1653 956 1724 atium
969 1653 1025 1725 vel
1043 1652 1177 1724 licteras
1194 1652 1257 1722 tibi
1273 1651 1403 1744 mictet,
1422 1663 1456 1724 et
1472 1651 1615 1724 indubi-

201 1787 314 1850 tanter
338 1776 479 1850 credere
502 1784 536 1847 et
557 1773 741 1846 efficaciter
761 1773 951 1869 adimplere
972 1795 1152 1870 procures;
1177 1795 1305 1849 cavens
1329 1795 1373 1846 ne
1395 1797 1458 1869 por
1482 1796 1615 1847 moram

201 1911 296 1971 tuam
314 1899 493 1972 servitium
508 1906 664 1970 nostrum
686 1897 753 1969 sibi
769 1898 989 1970 commissum
1007 1899 1225 1993 aliquatenus
1245 1896 1449 1970 retardetur.
1465 1899 1567 1984 Quod
1585 1899 1614 1972 si

202 2024 416 2116 contingeret
431 2021 599 2115 majestati
612 2030 727 2094 nostre
738 2021 925 2116 plurimum
940 2021 1149 2117 displiceret.

251 2141 375 2217 Datum
393 2145 488 2241 apud
500 2145 611 2238 Pisas,
632 2143 727 2218 XXV
744 2141 956 2232 decembris,
976 2146 1054 2218 xltt
1068 2144 1280 2220 indictionis.

251 2271 333 2340 item
346 2270 386 2340 de
399 2269 508 2340 codem
523 2267 680 2340 mundam
699 2268 829 2363 scripsit
848 2269 961 2339 idem:

251 2392 473 2480 Fredericus,
502 2401 587 2479 etc,
613 2393 797 2485 justitiario
826 2389 981 2486 Aprutii,
1011 2400 1076 2463 etc.
1108 2389 1279 2464 Fidelitati
1306 2401 1366 2464 tue
1396 2391 1614 2486 precipiendo

202 2516 409 2589 mandamus
428 2524 600 2612 quatenus
617 2513 787 2610 quicquid
811 2535 916 2610 super
940 2516 1028 2588 lucto
1050 2515 1264 2609 captivorum
1283 2525 1318 2587 et
1340 2515 1501 2588 obsidum
1525 2539 1615 2610 quos

202 2661 282 2712 cum
302 2639 410 2733 galeis
426 2640 462 2711 in
479 2661 624 2734 regnum
642 2649 797 2712 nostrum
820 2638 1034 2712 destinamus
1054 2637 1100 2711 ad
1119 2657 1277 2734 presens,
1296 2639 1337 2712 li.
1359 2638 1404 2712 de
1420 2641 1614 2714 Monteius-

202 2764 282 2835 culo
296 2763 501 2854 justitiarius
517 2763 705 2859 Capitinate
725 2770 760 2835 et
779 2761 918 2834 honoris
940 2762 1066 2834 montis
1087 2761 1202 2834 Sancti
1224 2759 1348 2856 Angeli
1372 2761 1484 2837 fidelis
1498 2775 1614 2838 noster

202 2895 364 2959 oretenus
387 2909 433 2959 ax
456 2895 551 2981 parte
576 2887 738 2958 culminis
760 2885 865 2958 nostri
888 2885 951 2957 tibi
970 2881 1082 2973 dicat,
1106 2907 1210 2980 quem
1234 2907 1399 2980 supereo
1422 2887 1614 2982 specialiter

203 3010 434 3099 destinamus,
452 3031 515 3104 par
533 3009 692 3081 nuntium
711 3008 814 3080 ctiam
828 3009 885 3080 vel
902 3009 1039 3082 neuras
1054 3008 1116 3081 tibi
1133 3008 1267 3101 mictet,
1285 3008 1523 3084 indubitanter
1538 3033 1614 3084 cre-

204 3131 286 3204 dere
304 3141 339 3202 at
352 3131 536 3203 efficaciter
550 3131 738 3226 adimplere
751 3151 932 3225 procures,
946 3139 986 3203 ut
998 3131 1145 3224 exinde,
1167 3139 1237 3204 etc.

251 3255 376 3326 Datum
396 3249 448 3350 [ut
462 3249 598 3350 supra}

251 3375 334 3447 ltam
355 3376 400 3448 de
419 3375 541 3447 eodem
558 3374 721 3446 mundato
746 3373 883 3470 scripsit
897 3373 990 3448 idem
1006 3375 1135 3447 similes
1151 3375 1288 3448 licteras
1302 3374 1348 3448 ad
1365 3377 1403 3447 L.
1423 3377 1468 3450 de
1485 3378 1614 3452 Franco

199 3499 423 3590 justitiarium
438 3509 529 3570 terre
544 3497 621 3569 Bari
635 3518 698 3592 per
712 3496 841 3569 omnia.

253 3623 349 3695 ltem.
368 3622 503 3695 Similes
519 3620 655 3716 scripsit
669 3619 715 3693 ad
727 3619 771 3693 Α.
792 3619 837 3694 da
853 3618 1037 3715 Aquaviva
1047 3620 1271 3713 justitiarium
1287 3632 1376 3695 terre
1389 3623 1537 3718 ldronti,
1552 3647 1615 3722 per

203 3744 332 3818 omnia.

252 3868 349 3940 ltem.
366 3866 502 3939 Similes
517 3865 654 3960 scripsit
667 3864 714 3938 ad
730 3863 900 3960 Angelum
913 3863 958 3937 de
970 3866 1098 3958 Murra,
1120 3887 1181 3962 per
1195 3867 1323 3939 omnia.

252 3991 300 4060 lle
317 3991 487 4084 imperiali
499 3989 656 4063 modulo
668 3992 756 4082 jacto
767 4011 831 4084 per
842 3989 1041 4084 mopistrum
1052 3991 1253 4062 Riccordum
1268 3989 1308 4062 da
1326 3991 1473 4085 llajccto
1485 3995 1615 4089 compsit

204 4113 246 4185 G.
266 4113 306 4184 de
324 4115 422 4184 Tocco
440 4137 455 4182 :
960 4101 963 4110 ’

251 4236 468 4330 Fredericus,
490 4245 575 4330 eto,
600 4235 774 4332 Diopnldo
798 4234 843 4307 da
864 4237 1042 4328 Dragone,
1061 4245 1128 4308 etc.
1149 4235 1356 4311 Mandamns
1379 4237 1535 4313 fidelitati
1556 4250 1617 4314 tua

204 4371 375 4454 quatenns
402 4383 471 4454 qno
498 4362 540 4434 ll.
569 4362 615 4434 de
640 4359 892 4433 lllonteiusculo
910 4358 1119 4450 justitiarius
1145 4359 1337 4455 Capitinate
1362 4360 1475 4436 fidelia
1501 4374 1615 4438 noster

204 4483 332 4571 dixerit
354 4484 416 4554 tihi
436 4505 540 4580 super
564 4485 653 4556 lacto
673 4483 888 4577 captivorum
913 4480 1183 4554 lombardorum
1208 4505 1297 4581 qnos
1314 4485 1350 4556 in
1369 4507 1517 4580 ragnum
1536 4509 1615 4562 nos·

203 4616 294 4678 uum
312 4606 426 4678 Sicilie
440 4606 673 4698 destinamus,
689 4605 809 4680 credas
825 4616 860 4677 et
880 4603 1064 4678 efficaciter
1079 4605 1220 4680 studeas
1238 4607 1441 4704 adimplere.

251 4729 374 4802 Datum
392 4729 488 4825 apud
501 4731 613 4818 Pisas,
634 4729 744 4803 XXVl
763 4729 973 4818 decembris,
991 4729 1070 4800 Xlll
1084 4729 1294 4804 indictionis.
