4242 5904
481 596 539 656 170
976 599 1191 662 llllllllillldl
1215 599 1389 660 sacuam
1699 598 1778 682 [Aac.
1796 599 1881 662 1238.

478 728 592 799 nuatis
612 731 806 802 accessibus
830 741 910 804 sunt
929 741 1059 806 secuta.
1081 734 1156 818 Que
1176 732 1255 806 licet
1269 729 1503 828 principaliter
1519 729 1650 802 videris
1666 730 1703 803 in
1716 741 1814 826 parte
1829 733 1884 807 vel

478 851 627 942 noveris,
641 852 723 925 utile
733 853 893 926 videmus
903 865 938 928 et
948 856 1145 930 necessario
1157 855 1367 928 delectamur
1380 855 1483 949 plene
1497 853 1557 924 tibi
1567 863 1663 944 gesta
1675 855 1881 948 describere,

478 981 516 1041 ut
532 972 634 1043 etiam
653 974 682 1045 si
696 975 839 1070 repetita
853 977 1027 1071 placeant,
1046 999 1137 1050 nova
1156 977 1325 1051 delectent
1337 985 1373 1050 et
1388 976 1501 1071 magis
1518 978 1697 1073 explerent
1713 979 1880 1070 seriatim,

476 1103 510 1166 et
527 1093 686 1168 diffusius
706 1099 867 1172 nunciata
886 1122 948 1194 per
967 1111 1001 1174 te
1020 1122 1161 1196 quoque
1175 1099 1375 1173 deriventur
1391 1099 1437 1173 ad
1452 1099 1536 1173 alios
1552 1105 1613 1194 qui
1629 1101 1754 1174 nostris
1769 1110 1802 1174 et
1815 1101 1881 1174 im·

476 1217 561 1312 perii
579 1219 796 1293 successibus
809 1223 1056 1314 jocundantur.

312 1959 335 1992 ,,
378 1963 400 1994 ,,
523 1892 756 2000 Fridericus,
785 1893 1045 1975 Romanorum
1069 1893 1290 2002 imperator,
1317 1892 1368 1974 ed
1395 1891 1709 2000 supplicationem
1739 1893 1882 1977 Solim-

471 2023 566 2108 berti
594 2023 743 2106 abbatis
769 2025 988 2108 monasterii
1017 2025 1188 2124 madii,
1212 2022 1453 2152 privilegium
1480 2049 1504 2104 a
1530 2049 1570 2106 se
1600 2023 1683 2132 ipso
1713 2035 1881 2134 tempore

468 2157 575 2264 regni
603 2156 662 2237 sui
687 2155 810 2239 eidem
839 2157 1069 2240 monasterio
1091 2157 1283 2240 indultum
1305 2165 1463 2244 renovat
1488 2163 1525 2238 et
1549 2155 1750 2240 inserendo
1778 2183 1879 2241 con-

468 2284 610 2366 firmat.

549 2507 665 2586 (Edidit
677 2509 779 2570 laicus
790 2510 1000 2582 Tamranrsrs,
1014 2509 1080 2569 liar.
1091 2513 1185 2588 patr„
1200 2509 1253 2570 lib.
1269 2483 1326 2582 111,
1338 2508 1458 2569 maort.
1474 2505 1509 2567 dc
1525 2507 1557 2566 8.
1579 2504 1704 2588 operta
1719 2507 1827 2587 pao.)

514 2699 728 2792 Friderieus,
752 2703 815 2774 Dei
836 2703 945 2796 gratia
962 2704 1190 2776 Romanorum
1211 2702 1394 2796 imperator
1411 2721 1548 2796 semper
1569 2708 1757 2794 augustus,
1775 2701 1877 2773 Jeru-

467 2823 572 2896 salem
589 2834 623 2896 et
640 2825 755 2896 Sicilie
777 2847 853 2898 rex.
870 2826 935 2898 Per
957 2847 1098 2921 presens
1116 2825 1281 2920 scriptum
1298 2835 1419 2897 uotum
1435 2823 1580 2896 lecimus
1596 2824 1769 2896 universis
1785 2823 1876 2898 lide-

466 2947 556 3019 libus
586 2949 693 3020 nostri
725 2949 859 3043 imperii
891 2957 961 3020 tam
995 2949 1208 3043 presentibus
1240 2969 1346 3042 quam
1377 2948 1501 3020 futuris
1532 2946 1629 3041 quod
1656 2947 1879 3020 Salimbertus

465 3072 673 3143 venerabilis
689 3071 796 3144 abbas
810 3071 1008 3144 monasterii
1022 3071 1123 3144 beate
1135 3073 1197 3145 Dei
1211 3071 1389 3164 genitricis
1401 3071 1510 3144 lilarie
1523 3069 1620 3164 quod
1634 3069 1761 3144 dicitur
1772 3072 1876 3144 Loue-

466 3195 582 3287 dium,
602 3195 713 3268 fidelis
735 3205 866 3288 noster,
885 3196 931 3268 ad
945 3197 1150 3290 presentiam
1170 3205 1324 3269 nostram
1344 3195 1512 3269 accedens
1531 3195 1740 3289 presentavit
1763 3193 1875 3289 quod·

466 3319 545 3392 dam
567 3320 787 3414 privilegium
814 3319 953 3392 Nicolao
980 3320 1166 3392 venerabili
1197 3319 1314 3392 abbati
1341 3318 1517 3414 quondam
1540 3319 1650 3414 ipsius
1678 3319 1874 3391 monasterii

465 3441 697 3538 predecessori
714 3464 777 3515 suo
790 3441 963 3514 indultum
975 3463 996 3514 a
1010 3445 1189 3536 majestate
1200 3453 1329 3533 nostra,
1342 3465 1422 3516 cum
1437 3463 1500 3514 rex
1515 3463 1652 3515 eramus
1663 3442 1872 3514 in'l'eutouia

465 3576 544 3639 ante
561 3576 758 3662 susceptum
773 3565 881 3638 nostri
895 3565 1028 3660 imperii
1049 3566 1209 3640 diadema
1223 3593 1231 3652 ;
1248 3569 1348 3660 quus
1362 3578 1459 3640 tenor
1471 3565 1549 3638 talis
1563 3573 1615 3638 est
1632 3591 1641 3636 ε

513 3688 690 3784 (Sequitur
710 3689 755 3762 de
778 3689 887 3762 verbo
912 3688 958 3761 ad
973 3689 1117 3761 verbum
1136 3689 1356 3784 privilegium
1374 3711 1466 3762 anno
1489 3690 1584 3763 42⁴5
1601 3709 1707 3783 supra
1721 3685 1872 3775 editum,

465 3823 491 3882 t.
507 3811 535 3899 l,
553 3833 590 3905 p.
614 3809 697 3902 l23,
713 3811 760 3884 ad
774 3811 870 3906 quod
888 3812 1048 3884 lectorem
1064 3812 1300 3908 remittimus.)

512 3934 640 4004 Verum
652 3935 734 4027 quia
747 3933 923 4029 predictus
935 3935 1044 4008 abbas
1057 3937 1252 4008 monasterii
1274 3936 1497 4032 suprascripti
1512 3934 1720 4030 supplicarit
1734 3932 1877 4006 celsitu·

464 4055 580 4130 dinem
599 4065 749 4130 nostram
773 4067 811 4128 ut
832 4057 1053 4152 privilegium
1077 4058 1191 4154 ipsum
1216 4059 1405 4132 faceremus
1431 4058 1612 4130 transcribi
1640 4061 1675 4130 e't
1698 4056 1785 4129 illud
1810 4055 1875 4128 sibi

465 4177 665 4252 confirmare
679 4177 724 4252 de
741 4189 858 4254 nostra
874 4181 984 4271 gratia
1003 4180 1244 4274 dignaremur,
1263 4203 1325 4256 nos
1341 4181 1651 4277 supplicationibus
1666 4179 1740 4251 suis
1753 4179 1875 4273 benig-

463 4302 543 4372 nius
562 4301 716 4374 iuclinati
733 4303 952 4398 privilegium
970 4305 1083 4400 ipsum
1103 4303 1148 4378 de
1166 4305 1273 4377 verbo
1289 4305 1495 4402 adverbum
1514 4302 1693 4375 transcribi
1707 4301 1870 4393 lecimus,

463 4423 703 4498 confirmantes
722 4425 835 4500 eidem
859 4429 1064 4501 munasterio
1078 4427 1122 4502 de
1138 4423 1350 4523 plenitudiue
1365 4429 1473 4524 gratie
1487 4437 1603 4500 nostre
1619 4425 1737 4498 omnia
1752 4447 1822 4520 que
1836 4424 1872 4495 in

464 4547 585 4620 eodem
599 4549 780 4644 privilegio
793 4552 1022 4638 continentur,
1036 4551 1124 4624 sicut
1138 4574 1180 4626 ea
1193 4551 1285 4644 juste
1297 4561 1389 4626 tenet
1406 4561 1440 4624 et
1450 4549 1603 4647 possidet
1620 4559 1653 4621 et
1670 4547 1736 4620 sibi
1753 4569 1774 4620 a
1788 4545 1873 4640 qui·

461 4671 612 4744 buslibet
621 4671 714 4764 juste
734 4681 768 4745 et
785 4673 1033 4748 rationabiliter
1046 4683 1126 4747 sunt
1141 4676 1280 4767 collata,
1297 4682 1443 4771 excepta
1457 4673 1640 4746 exactione
1657 4669 1747 4744 fodri
1760 4667 1870 4744 nostri
