4228 5892
171 559 273 622 lmrer.
291 553 352 640 12]
619 550 816 613 HISTORIA
842 551 1136 616 ntrtottnrlct
1522 547 1582 610 345

172 688 369 800 proposito
393 708 567 769 revocare
593 683 862 792 nonpossint,
887 684 1094 768 Chunrado
1115 693 1154 768 et
1177 683 1257 767 suis
1279 680 1446 766 multum
1473 679 1584 762 indi-

174 821 307 932 gnati,
336 817 522 902 soluentes
546 825 699 924 treugas
727 816 945 900 discessere.
974 816 1113 926 Magna
1141 815 1330 898 discordia
1361 813 1410 895 ab
1440 811 1586 922 hujus-

173 952 284 1037 modi
314 948 519 1059 colloquio.
553 946 638 1030 Dux
669 947 845 1032 lustriae
879 948 947 1058 qui
980 947 1057 1030 illis
1089 947 1224 1030 diebus
1259 946 1310 1029 ad
1340 943 1590 1028 obsidendam

173 1085 366 1169 Viennam
382 1105 453 1192 pro
469 1078 655 1163 militibus
676 1078 898 1186 laborabat,
917 1079 1069 1188 petebat
1086 1089 1129 1163 ut
1145 1104 1212 1161 rex
1229 1077 1432 1161 Bohemiae
1450 1103 1495 1158 ac
1512 1077 1591 1159 dux

175 1216 362 1301 Beuarine
399 1212 472 1298 sibi
499 1211 640 1295 auxilio
665 1210 854 1317 venirent3
881 1210 957 1294 alia
980 1221 1088 1321 parte
1112 1210 1278 1293 instabat
1303 1209 1443 1291 testum
1471 1208 1592 1290 sancti

177 1350 283 1436 Petri
310 1350 369 1457 (t)
397 1348 447 1430 ad
473 1345 579 1456 quod
603 1354 683 1428 tam
707 1370 774 1428 rex
797 1345 1001 1429 Bohemiae
1025 1369 1145 1455 quam
1167 1345 1281 1428 etiam
1308 1344 1387 1426 dux
1413 1341 1596 1424 Bauariae

181 1507 274 1564 cum
299 1479 410 1563 sociis
431 1475 665 1586 principibus
686 1477 815 1561 uenire
835 1477 1025 1560 debebant
1049 1479 1099 1559 ad
1118 1477 1339 1560 electionem
1358 1473 1448 1558 neri
1472 1474 1594 1584 regis,

181 1611 378 1721 cupientes
409 1617 617 1717 utrmnque
646 1608 842 1717 negotium
866 1607 983 1691 liniri.
1010 1608 1212 1692 Decretum
1236 1617 1280 1690 ut
1310 1607 1390 1690 dux
1416 1605 1597 1689 Bauariae

182 1768 275 1825 cum
306 1749 472 1851 quatuor
503 1737 674 1820 millibus
705 1739 793 1821 duci
826 1739 1000 1822 Austriae
1032 1739 1268 1845 subveniret,
1297 1764 1364 1821 rex
1394 1736 1598 1821 Bohemiae

182 1898 274 1956 curn
294 1872 470 1955 societate
486 1869 702 1980 principum
720 1879 759 1952 et
775 1869 888 1978 plene
905 1872 1088 1954 mandato
1105 1870 1214 1953 ducis
1230 1870 1412 1954 Bavariae
1429 1871 1479 1952 ad
1496 1869 1599 1952 elec-

183 2007 331 2089 tionem
359 2002 575 2086 faciendam
605 2003 655 2084 ad
684 2002 868 2085 indictum
898 2004 1103 2086 terminum
1132 2012 1365 2111 properaret.
1395 2003 1528 2112 Sperat
1557 2001 1599 2084 in

184 2137 286 2221 feste
304 2135 404 2218 beuti
422 2135 521 2218 Petri
539 2134 628 2244 eligi
645 2133 745 2217 circa
761 2134 958 2218 Poloniam
980 2135 1021 2216 in
1047 2135 1132 2218 loco
1158 2134 1289 2219 Lubus
1317 2133 1377 2245 (2)
1404 2135 1444 2215 in
1470 2159 1600 2244 regem

186 2269 451 2354 Romanorum
467 2292 597 2374 regem
615 2265 752 2349 Daciae
765 2265 957 2375 juniorem
977 2269 1051 2378 (5).
1073 2267 1170 2352 Petit
1186 2277 1315 2350 autem
1327 2267 1506 2350 deminus
1520 2268 1601 2350 dux

188 2400 394 2506 [bavariae]
412 2399 511 2480 mitti
528 2397 697 2508 legatum
719 2426 729 2478 ε
751 2398 916 2480 consulit
932 2409 970 2481 et
986 2399 1180 2483 Albertue.
1201 2399 1297 2483 Petit
1314 2401 1393 2482 dux
1410 2407 1602 2482 utcontra

190 2532 401 2617 avunculos
419 2557 510 2614 suos
526 2528 741 2638 Responem
758 2530 999 2639 Thuringum
1017 2541 1055 2615 et
1076 2531 1233 2614 fratrem
1250 2531 1334 2642 ejus
1353 2531 1602 2614 Chunradum

190 2689 419 2749 conuersum
438 2661 499 2772 (l)
518 2661 857 2745 excommunicatio
875 2663 1061 2745 mittatur.

276 2875 372 2955 (Edit.
388 2875 418 2934 ln
431 2871 569 2935 Auentini
590 2873 730 2950 except.
747 2877 804 2932 uct.
824 2868 892 2934 All.
908 2869 1038 2945 Beleia„
1053 2889 1103 2950 ap.
1119 2873 1247 2946 Onnum,
1263 2871 1387 2952 scope,
1398 2879 1422 2935 t.
1437 2874 1468 2951 1,
1483 2890 1514 2950 p.
1533 2880 1603 2948 787,

316 2986 345 3041 et
359 2995 407 3056 ep.
423 2975 559 3039 Bibliotd.
575 2974 729 3038 destiter.
744 2976 906 3037 Vereimie
919 2977 1086 3060 stuttgart,
1100 2984 1125 3040 t.
1141 2978 1224 3052 xvl,
1240 2995 1270 3056 p.
1286 2975 1333 3058 t.)

232 3301 273 3374 (t)
290 3299 396 3357 Scilicet
407 3301 442 3358 29
452 3297 532 3372 junii,
548 3295 600 3354 nisi
611 3302 706 3370 agetur
718 3297 753 3354 de
768 3295 835 3353 leste
847 3295 934 3353 sancti
948 3293 1021 3352 Petri
1035 3293 1072 3351 ud
1085 3293 1287 3369 viuculu,quod
1300 3296 1327 3353 in
1341 3297 1458 3370 primurn
1471 3298 1543 3356 diem
1555 3315 1607 3358 au-

197 3397 270 3471 gusti
284 3394 384 3452 incidit.

234 3493 272 3568 (2)
290 3491 396 3550 Scilicet
407 3487 488 3548 labus
499 3489 527 3544 in
540 3487 660 3544 marchia
673 3486 914 3560 Brandenburgica,
930 3487 1002 3545 haud
1013 3487 1090 3561 lenge
1104 3503 1120 3545 a
1133 3488 1307 3548 Francolurto
1318 3505 1399 3563 snper
1413 3491 1538 3550 Odorem.

235 3589 272 3664 (3)
290 3587 407 3646 Nomine
426 3585 503 3642 tbel.
524 3585 562 3641 De
576 3601 629 3656 quo
649 3584 811 3640 audiendum
830 3585 894 3657 quid
911 3585 983 3641 dicat
1002 3583 1143 3641 Albericus
1155 3583 1246 3640 trium
1258 3586 1382 3643 Fontium
1394 3587 1428 3644 ad
1439 3604 1501 3645 ann.
1517 3591 1582 3646 tttt
1598 3608 1605 3646 ι

202 3687 316 3744 «Istum
335 3683 401 3740 thet
414 3683 497 3740 voluit
516 3680 657 3752 aliquando
669 3695 741 3753 papa
759 3695 850 3752 regem
864 3680 1037 3738 Alemanniae
1056 3687 1148 3737 contra
1165 3681 1352 3754 imperatorem
1364 3686 1533 3745 constituere.
1548 3687 1608 3758 Quo

199 3787 346 3840 recusame
361 3795 423 3837 cnm
436 3795 490 3835 non
509 3776 622 3833 haberet
634 3781 674 3832 tot
691 3781 719 3833 et
730 3781 804 3832 tanta
819 3776 918 3849 quibus
935 3777 1131 3850 coimperatori
1144 3783 1306 3850 opponeret,
1327 3777 1395 3836 duce
1414 3779 1494 3838 etiem
1512 3782 1609 3842 Ottone

200 3879 235 3936 de
246 3876 390 3936 Brunswic
399 3874 519 3932 similiter
532 3879 673 3932 recusante
686 3878 713 3930 et
723 3873 828 3930 dcentc
839 3873 912 3945 quod
924 3873 1005 3930 nollet
1015 3873 1084 3931 mori
1095 3873 1174 3932 simili
1184 3880 1271 3932 morte
1281 3891 1335 3948 qna
1346 3882 1459 3949 patruus
1472 3893 1537 3938 suus
1554 3881 1608 3939 im·

200 3981 311 4050 perator
323 3973 385 4031 Otto
395 3971 482 4028 luerat
493 3976 629 4041 mortuus;
643 4011 650 4026 .
666 4010 693 4026 ..
706 4011 714 4027 .
729 3968 839 4026 tandem
852 3983 896 4025 res
909 3969 961 4026 iste
974 3968 1008 4026 de
1021 3971 1146 4028 mandato
1154 3985 1240 4044 papae
1257 3971 1347 4028 delata
1363 3971 1412 4030 luit
1424 3973 1458 4031 ad
1472 3975 1608 4035 dominum

201 4069 348 4128 liebertum
359 4066 469 4123 tratrem
481 4065 552 4138 regis
559 4065 703 4134 Franciae;
715 4063 763 4121 eed
771 4064 806 4120 de
815 4064 924 4121 consilio
936 4071 964 4121 et
972 4065 1113 4138 prudentia
1123 4065 1218 4123 metris
1230 4081 1297 4140 opus
1306 4068 1434 4126 intectum
1445 4073 1580 4130 remansit.
1592 4091 1606 4126 ι

201 4167 254 4239 Δρ.
272 4167 332 4222 lter.
348 4162 632 4235 cremasteras„
649 4161 764 4231 txxl,
776 4177 805 4234 p.
818 4164 880 4220 629.
897 4162 995 4234 «Papa
1007 4161 1153 4234 Gregorius
1165 4162 1320 4221 insolentias
1330 4165 1500 4238 imperatorie
1515 4175 1608 4229 cuntm

202 4261 353 4320 Ecclesiam
363 4265 493 4330 metuens,
503 4257 636 4332 principes
648 4273 729 4330 super
742 4258 870 4315 electione
884 4258 993 4315 alterius
1002 4258 1161 4316 sollicitavit.
1175 4259 1227 4318 Sed
1241 4260 1322 4317 nichil
1333 4262 1458 4335 proiecit,
1473 4265 1536 4338 quia
1549 4267 1608 4342 qui-

202 4359 267 4416 dam
278 4355 429 4430 principum
444 4354 469 4412 ei
482 4353 676 4426 rescripserunt
689 4370 697 4410 ε
711 4369 764 4410 non
774 4369 834 4411 esee
847 4354 889 4410 eui
900 4354 967 4426 juris
977 4355 1167 4428 imperatorem
1180 4356 1351 4428 substituere,
1363 4359 1413 4417 sed
1425 4365 1527 4418 tantum
1539 4361 1608 4421 elec·

203 4461 264 4512 tum
275 4470 292 4512 a
302 4453 465 4526 principibus
477 4466 615 4510 coronare.
628 4470 641 4504 r
652 4451 772 4508 tmnnr.
787 4451 882 4523 Sren„
895 4451 1033 4524 chronic,
1047 4453 1081 4510 ad
1094 4470 1156 4511 ann.
1172 4456 1252 4512 titt.

241 4552 281 4623 (t)
296 4549 370 4606 ldem
381 4549 427 4622 qui
440 4547 492 4605 hcc
501 4547 561 4622 ipso
574 4562 643 4605 anne
662 4553 777 4604 exeunte
792 4555 852 4620 pest
867 4555 982 4608 mortem
994 4551 1137 4609 llarmanni
1153 4551 1187 4610 de
1201 4549 1286 4624 Saltz,
1306 4552 1340 4611 ud
1354 4569 1491 4614 summum
1508 4559 1608 4620 ordinis

204 4645 429 4706 theutonicorum
439 4645 620 4719 magisterium
633 4650 742 4705 erectus
753 4651 804 4704 eet.

288 4744 328 4808 V.
1409 4759 1447 4812 ee
