4278 5920
475 565 534 626 154
968 565 1183 627 Flllllllllllll
1208 567 1379 628 sucoso!
1689 565 1768 649 [Anu.
1788 563 1871 626 19:38:

473 709 621 795 sperent.
640 699 779 791 Rejicito
801 699 919 792 itaqua
938 721 1041 772 omne
1064 701 1160 795 quod
1182 701 1285 774 fidem
1307 711 1457 787 vestram
1475 711 1621 796 occupat
1638 709 1872 795 tegumentum

473 834 507 896 et
531 825 567 918 in
590 804 709 895 eorum
732 823 936 895 offensiones
955 833 1273 919 quantumcumque
1291 825 1431 920 potestis
1456 825 1670 896 manifestius
1692 823 1874 919 insurgatis

473 957 511 1019 ut
524 948 718 1019 sentiantse
727 948 820 1039 juste
834 946 878 1018 ab
895 947 945 1019 eis
960 968 1140 1041 oppressos
1154 958 1189 1020 et
1207 949 1356 1040 graviter
1367 969 1455 1042 quos
1472 947 1615 1041 indigne
1631 947 1713 1020 olim
1731 955 1873 1019 eteuor·

474 1072 575 1142 miter
592 1077 847 1164 oppresserunt.
868 1069 1017 1140 Potentia
1032 1069 1173 1163 quidem
1189 1080 1303 1142 nostra
1320 1080 1433 1166 presto
1450 1079 1502 1142 est
1519 1069 1633 1158 vobis,
1649 1078 1684 1142 et
1696 1091 1777 1142 ecce
1794 1091 1876 1142 eon·

474 1195 565 1266 tritio
578 1193 735 1265 hostibus
756 1203 794 1264 ut
813 1191 907 1264 unda
919 1203 1100 1286 resurgant
1119 1217 1189 1266 non
1205 1195 1372 1278 habeaot3
1390 1194 1436 1267 ad
1456 1193 1672 1286 magnificam
1692 1193 1877 1267 relevatio-

474 1340 553 1390 nem
565 1332 715 1390 vestram
729 1317 977 1412 presentialiter
991 1327 1026 1390 et
1038 1319 1261 1413 personaliter
1274 1319 1478 1392 accedemus
1490 1340 1531 1421 ac
1544 1317 1764 1391 ostendemus
1779 1318 1877 1392 vobis

475 1463 544 1535 que
561 1441 605 1514 de
621 1442 721 1512 vobis
739 1443 957 1536 concepimus
976 1463 1036 1536 per
1052 1420 1224 1514 effectum.
1240 1443 1309 1515 Vos
1326 1443 1432 1535 igitur
1448 1441 1495 1514 ad
1512 1442 1592 1514 talia
1607 1442 1659 1513 sic
1675 1439 1823 1514 debono
1841 1442 1876 1512 in

475 1567 596 1638 melius
620 1587 685 1637 vos
708 1566 853 1658 geratis,
882 1575 1010 1638 uttam
1032 1567 1215 1661 specialem
1236 1567 1401 1662 populum
1424 1574 1580 1638 nostrum
1603 1563 1758 1638 redolere
1779 1565 1877 1638 nobis

474 1689 622 1783 speciale
633 1687 883 1760 firmamentum
895 1686 976 1760 fidei
994 1688 1221 1778 gaudeamus.

702 1946 849 1956 uun-oeni.-
856 1947 946 1956 -u--n
952 1947 1007 1956 ι..-
1014 1949 1035 1956 ..ι
1043 1949 1346 1958 ..u--u--n--n--n-
1355 1947 1640 1962 *uu—...uuun-

311 2199 340 2284 ,3
365 2199 404 2242 e.
527 2175 758 2285 Fridericns,
777 2175 1037 2260 Romanorum
1058 2177 1277 2286 imperator,
1300 2177 1351 2258 od
1369 2176 1680 2285 supplicationem
1699 2177 1876 2274 Amoldi‚

474 2309 623 2392 abbatis
652 2309 871 2393 monosterii
894 2309 1158 2417 VictoriensiS‚
1178 2309 1212 2392 ei
1234 2319 1271 2392 et
1294 2310 1495 2394 conventui
1517 2309 1599 2420 ejus
1624 2307 1824 2392 confirmat
1844 2320 1880 2392 et

474 2443 674 2526 inserendo
696 2453 852 2527 renovet
868 2443 1107 2552 privilegium
1131 2468 1260 2551 oregc
1286 2441 1460 2551 Philippu
1482 2451 1618 2551 patruo
1642 2466 1727 2550 suo,
1752 2442 1778 2524 8
1802 2466 1880 2524 au·

475 2577 576 2687 gusti
598 2577 714 2684 1207,
735 2575 864 2659 abbati
889 2576 1093 2659 Cbnnrado
1108 2574 1386 2684 praedecessori
1404 2573 1486 2684 ejus
1504 2573 1710 2658 indultum.

556 2795 657 2875 (Edld.
672 2795 774 2856 Mass.
792 2795 950 2869 Genusus,
969 2793 1038 2856 Cod.
1054 2793 1137 2874 epist.
1150 2789 1266 2872 Redolfi
1280 2792 1311 2869 1,
1324 2799 1437 2854 auclar.
1452 2793 1626 2871 Dlplomat.,
1641 2811 1672 2871 p.
1687 2801 1763 2868 208,
1775 2793 1879 2855 tuclus.

595 2905 626 2960 ln
641 2901 799 2978 diplomate
818 2899 935 2962 budolll
949 2901 965 2960 1
980 2919 988 2960 ε
1005 2901 1073 2960 Dat.
1092 2899 1237 2960 Wlennae
1257 2909 1273 2960 7
1292 2899 1354 2960 knl.
1371 2900 1516 2976 septemb.
1539 2908 1633 2974 1777,
1655 2900 1810 2963 lndlct.V.
1834 2897 1880 2960 Gi.

594 2999 825 3086 Wsunsuuncm‘,
839 3006 900 3068 Iter
913 3005 1073 3081 Amorion,
1088 3023 1119 3084 p.
1139 3015 1190 3086 77,
1202 3023 1250 3084 up.
1265 3003 1354 3066 Aret.
1366 3003 1467 3066 tuor.
1481 3022 1538 3068 ooo
1554 3005 1649 3080 wer,
1664 3011 1688 3066 t.
1702 3003 1799 3084 XIV.)

524 3185 562 3254 In
579 3182 718 3254 nomine
733 3189 850 3254 sancte
863 3189 898 3252 et
921 3180 1105 3254 individua
1123 3179 1310 3252 Trinitatis.
1328 3179 1523 3252 Fridericns
1540 3181 1589 3265 ll,
1608 3179 1730 3252 divina
1747 3181 1884 3252 favente

477 3306 656 3379 clementia
674 3305 902 3376 Romanorum
926 3305 1110 3400 imperator
1134 3324 1269 3398 semper
1295 3313 1483 3399 augustus,
1507 3305 1693 3376 Jerusalem
1715 3313 1751 3376 et
1773 3303 1884 3376 Sicilie

476 3449 551 3528 rex.
567 3428 754 3522 lmperlulis
772 3428 975 3500 excellentia
989 3437 1071 3499 tunc
1088 3428 1252 3523 precipue
1269 3427 1325 3499 sni
1340 3427 1489 3500 nominis
1505 3427 1622 3499 titulos
1634 3427 1787 3522 ampliat,
1805 3449 1883 3498 oum

478 3551 569 3621 illius
586 3551 712 3622 intuitu
731 3572 913 3645 perquem
931 3562 1044 3646 preest
1056 3551 1271 3648 principibus
1285 3551 1377 3623 orbis
1394 3560 1483 3623 terre
1502 3571 1667 3644 personas
1682 3559 1717 3624 et
1729 3551 1803 3624 loca
1815 3551 1884 3623 Deo

480 3674 591 3746 dicata
609 3675 667 3768 pio
682 3675 802 3747 lavore
820 3684 935 3748 tuetur
952 3697 993 3748 uo
1015 3675 1161 3770 protegit
1177 3683 1212 3747 et
1234 3677 1345 3768 justas
1362 3695 1482 3748 eorum
1503 3674 1732 3748 favorabiliter
1753 3673 1884 3768 suppli·

480 3797 630 3870 cationes
658 3798 808 3872 exaudit.
834 3798 884 3870 lla
904 3806 1043 3893 propter
1071 3805 1192 3870 notum
1214 3798 1358 3871 facimus
1379 3799 1550 3872 universis
1569 3798 1703 3894 imperil
1726 3796 1885 3872 fidelibus

482 3933 551 3992 tam
568 3921 785 4014 presentibus
800 3943 906 4014 quam
924 3921 1048 3992 futuris
1067 3921 1163 4016 quod
1177 3921 1349 3994 Arnoldus
1364 3922 1474 3994 abbas
1493 3931 1528 3994 et
1544 3931 1737 3994 conventus
1751 3942 1886 3994 monas·

482 4043 557 4116 terii
578 4042 795 4116 Victoriensis
818 4045 914 4138 quod
931 4054 982 4118 est
1001 4045 1089 4120 inter
1102 4045 1270 4118 Villuoum
1288 4053 1322 4118 et
1339 4045 1514 4118 Frisacum
1533 4045 1596 4142 (7),
1618 4043 1739 4118 fideles
1758 4045 1884 4134 nostri,

483 4169 659 4264 quoddam
683 4169 903 4264 privilegium
924 4170 1032 4244 felicis
1053 4169 1298 4244 recordationis
1317 4169 1463 4264 Philippi
1486 4169 1623 4262 angusti
1647 4169 1759 4266 patrui
1781 4167 1886 4242 nostri

482 4295 712 4366 Romanorum
729 4294 820 4386 regis
832 4293 946 4365 eidem
961 4294 1166 4368 monasterio
1179 4294 1359 4366 clementer
1373 4293 1545 4365 indultum
1563 4302 1677 4368 nostre
1695 4290 1886 4366 celsitudini

520 4581 556 4656 (t)
575 4581 647 4638 llaec
663 4581 746 4638 situm
767 4581 920 4638 monasterii
939 4579 1113 4640 Victoriensis
1125 4577 1270 4654 (Victriogl
1293 4581 1358 4638 satis
1371 4579 1496 4638 indicant.
1514 4581 1594 4639 Plora
1613 4579 1885 4656 potenttiorem,

484 4679 671 4754 Topopruplrr'o
680 4680 770 4739 Germ.
783 4679 886 4751 Aucto,
901 4677 932 4736 te
942 4678 1042 4738 ducato
1051 4677 1224 4750 cannatina,
1238 4695 1266 4752 p.
1285 4681 1330 4752 66,
1343 4679 1536 4754 suppeditabit.
