4242 5904
509 550 566 612 168
1006 546 1220 608 rotorttct
1244 548 1419 612 SECUNDl
1732 558 1813 636 [arr.
1831 559 1919 624 1238.

505 683 683 758 lummodo
698 683 857 756 nuntiam
872 680 1055 756 videamur
1072 682 1120 755 ad
1132 682 1320 775 gaudium,
1338 685 1466 758 rectius
1479 693 1594 762 tamen
1610 698 1645 762 et
1658 689 1799 785 dignius
1814 696 1920 768 reler-

506 820 561 882 tur
574 809 620 882 od
637 806 858 881 commodum
873 807 1100 878 communiter
1116 807 1293 896 omniurn,
1316 830 1377 903 per
1389 810 1486 904 quod
1501 812 1602 886 vobis
1614 814 1708 888 sulus
1719 829 1923 911 procuratur

503 944 538 1006 et
555 932 714 1027 posteris,
730 930 814 1003 dum
831 929 1041 1002 fecunditate
1058 930 1258 1024 propaginis
1272 933 1377 1006 nostri
1395 933 1572 1028 regiminis
1583 937 1710 1010 solium
1726 941 1918 1016 roboratur.

504 1056 636 1131 Etenim
655 1055 685 1126 si
705 1075 890 1146 regnorum
908 1053 1062 1126 omnium
1080 1061 1190 1125 status
1206 1063 1241 1126 et
1259 1055 1499 1130 demolitiones
1518 1059 1746 1152 attendimus,
1771 1067 1922 1158 prolecto

504 1179 702 1254 videbimus
727 1175 823 1272 quod
846 1185 973 1250 statum
1000 1177 1184 1270 cujuslibet
1208 1188 1324 1254 servat
1341 1188 1376 1252 et
1398 1180 1535 1254 roborat
1555 1184 1650 1276 regie
1667 1186 1920 1262 sobolisoonti·

503 1312 608 1376 nuata
626 1301 799 1375 successio
816 1322 877 1396 per
893 1322 998 1394 quom
1016 1301 1175 1395 provenit
1193 1301 1333 1398 populis
1347 1315 1515 1399 perpetua
1530 1308 1771 1401 tranquillitas,
1785 1331 1827 1382 uc
1844 1333 1922 1384 suo·

503 1449 676 1500 cessorum
702 1424 857 1514 delectos
877 1446 984 1519 regua
1010 1424 1215 1498 comminuit
1236 1436 1272 1498 et
1294 1427 1440 1522 imperia
1458 1426 1656 1502 demolitur.
1677 1431 1798 1506 letare
1815 1433 1922 1528 igitur

502 1575 624 1648 regum
650 1551 778 1646 patria,
808 1559 897 1622 terra
925 1547 1139 1638 dulcedinis,
1168 1548 1302 1643 experti
1332 1548 1507 1645 dispendii
1536 1551 1685 1626 vitatura
1711 1557 1918 1650 periculum.

501 1677 586 1772 Spes
608 1697 671 1749 vos
692 1672 921 1770 pulcherrima
947 1673 1062 1744 loveet
1082 1670 1179 1766 quod
1208 1671 1293 1745 dum
1311 1674 1507 1746 screnitatis
1525 1685 1640 1748 nostre
1662 1679 1832 1770 gremium
1853 1704 1919 1754 nu·

502 1821 634 1872 merose
652 1800 758 1894 prolis
769 1795 933 1869 fecundat
947 1795 1067 1886 editio,
1089 1794 1349 1890 dispendiosam
1361 1796 1433 1892 pati
1445 1798 1625 1892 penuriam
1637 1797 1683 1872 de
1695 1801 1836 1896 regibus
1850 1825 1919 1877 non

502 1923 651 2019 possitis.
670 1921 725 1993 Ad
744 1941 806 1992 vos
825 1917 976 2013 denique
991 1917 1185 2011 gratissima
1202 1918 1323 1991 veniat
1340 1920 1509 2030 presentis
1521 1919 1761 1995 insinuationis
1776 1925 1920 2020 epistola

501 2069 571 2142 que
590 2067 652 2118 vos
668 2045 704 2116 in
728 2043 934 2138 gaudiorum
954 2049 1148 2114 nostrornm
1164 2042 1375 2116 consortium
1396 2053 1520 2116 euocet
1536 2054 1571 2116 et
1586 2055 1739 2118 vestrum
1754 2047 1856 2121 vobis
1883 2049 1919 2122 in

502 2169 651 2242 solidum
678 2165 896 2240 commodum
921 2175 1145 2262 representat.
1175 2167 1247 2238 lmo
1271 2166 1445 2240 sirenum
1473 2167 1735 2264 inspicimuset
1751 2171 1921 2248 subtiliter

501 2296 688 2381 intuemur,
717 2313 763 2364 cx
786 2291 892 2363 nostri
914 2290 1093 2363 nativitate
1117 2287 1179 2361 lilii
1204 2311 1269 2362 vos
1292 2311 1314 2363 a
1340 2290 1440 2363 nobis
1467 2291 1612 2364 uberius
1636 2297 1856 2370 commodum
1885 2309 1921 2370 et

502 2419 651 2490 fructum
666 2415 840 2512 percipitis
851 2414 1068 2510 ampliorem.
1082 2413 1188 2486 Nobis
1201 2414 1294 2486 cnim
1307 2424 1341 2486 ot
1355 2414 1480 2486 ceteris
1492 2415 1586 2487 orbis
1602 2427 1690 2489 terre
1703 2418 1920 2514 principibus

501 2541 563 2614 lilii
578 2549 767 2614 nascuntur
785 2538 832 2612 ad·
844 2537 1029 2632 gaudium,
1046 2536 1110 2611 sed
1128 2535 1277 2610 subditis
1293 2537 1340 2611 ad
1358 2538 1518 2611 salutern.
1532 2540 1658 2611 Subest
1672 2551 1784 2614 temen
1803 2544 1920 2618 adbuc

501 2667 748 2741 communicet
766 2665 887 2736 ultima
905 2685 1009 2736 cansa
1033 2659 1147 2736 leticie
1164 2661 1261 2756 quod
1277 2662 1362 2735 dum
1386 2663 1454 2734 sub
1473 2664 1615 2736 victorie
1634 2675 1748 2770 nostre
1766 2677 1920 2764 ternpore

500 2813 605 2887 quam
625 2791 669 2862 de
687 2789 833 2886 publicis
845 2787 1011 2891 'hostibus
1027 2796 1062 2860 et
1079 2787 1174 2859 avita
1191 2785 1365 2860 discordia
1381 2785 1518 2882 gladius
1535 2789 1721 2882 imperialis
1745 2787 1916 2884 obtinuit,

500 2914 546 2990 de
575 2923 697 2987 nature
718 2912 850 3008 gremio
874 2932 1010 2984 summa
1035 2910 1187 3006 provisio
1208 2909 1336 3006 prodiit
1357 2910 1552 2998 bominem,
1573 2913 1796 2986 victoriosum
1820 2915 1919 2988 nobis

500 3039 610 3113 lilium
629 3047 665 3110 et
680 3036 783 3111 vobis
799 3057 915 3130 regern
934 3045 969 3108 et
986 3033 1167 3108 dominum
1189 3033 1396 3129 repromisit.
1422 3036 1519 3108 Votis
1539 3035 1643 3130 igitur
1660 3037 1815 3110 omnium
1828 3059 1919 3112 exo-

500 3163 631 3236 rabitur
643 3160 765 3234 divina
780 3158 960 3232 clementia
974 3168 1013 3230 ut
1028 3179 1134 3253 quern
1147 3158 1244 3230 nasci
1256 3157 1404 3254 prestitit
1422 3156 1484 3231 diu
1501 3159 1621 3232 virere
1634 3160 1795 3256 prebeat,
1811 3171 1846 3236 et
1859 3163 1918 3236 cui

499 3288 620 3360 vivere
638 3286 783 3358 contulit
799 3284 952 3358 conferat
969 3291 1004 3356 et
1017 3283 1176 3356 virtutes.

548 3411 673 3482 Datum
690 3407 849 3498 Taurini,
868 3405 926 3480 dic
942 3407 988 3478 lll
1004 3407 1139 3497 martii,
1158 3405 1206 3478 Xl
1223 3404 1425 3480 indictionis
1444 3405 1459 3502 (
1482 3403 1510 3502 l.

705 3697 1707 3712 ‚u——n-——a-——a--u-——ssu-...Q

535 3933 784 4035 fridericus,
813 3932 1074 4042 Romanorum
1094 3930 1318 4039 imperator,
1341 3927 1494 4046 Euelino
1516 3929 1566 4010 de
1591 3925 1765 4009 Romano
1786 3925 1916 4037 signi-

498 4066 588 4150 ficat
622 4076 756 4148 natum
787 4063 861 4146 sibi
888 4061 1012 4145 filium
1048 4087 1131 4146 esse
1163 4060 1265 4144 felici
1298 4061 1420 4145 sidere
1450 4071 1789 4169 praeconceptum,
1822 4058 1917 4142 dum

534 4381 571 4454 (t)
591 4379 714 4454 Sequitur
725 4381 752 4436 in
764 4378 855 4438 codiee
867 4377 998 4438 tothasc
1008 4382 1072 4436 notu
1087 4383 1125 4434 εἰ
1137 4376 1307 4434 Pnertanmn
1324 4381 1406 4435 natus
1422 4375 1472 4434 luit
1484 4377 1555 4450 apud
1566 4377 1722 4434 Ravennam
1733 4375 1777 4432 die
1789 4375 1915 4432 mercurii

499 4480 549 4538 xtt
561 4478 698 4537 febroarii.
715 4477 777 4534 elit
791 4477 819 4534 in
837 4477 929 4535 codice
950 4477 1020 4535 tort
1035 4493 1043 4532 ι
1059 4494 1073 4530 ι
1088 4476 1159 4532 Puer
1179 4479 1274 4530 umen
1292 4479 1374 4532 natus
1397 4473 1448 4530 luit
1469 4474 1540 4549 apud
1558 4474 1711 4530 Ravennam
1727 4471 1772 4530 die
1790 4471 1915 4528 meretrii

497 4579 526 4638 X
537 4578 672 4636 februarii.
688 4597 701 4630 r
714 4576 817 4634 lietera
833 4576 954 4634 decimus
966 4573 1093 4632 februarii
1113 4573 1172 4631 dies
1188 4572 1217 4628 in
1229 4572 1391 4630 mercurium
1406 4589 1477 4631 anuo
1494 4575 1563 4632 ⁴238
1580 4570 1722 4629 incidebat.
1736 4571 1809 4628 Nota
1826 4575 1914 4628 antem

498 4693 552 4734 non
560 4676 703 4734 concordat
711 4674 892 4750 cumopistola
902 4680 960 4732 tum
968 4671 1147 4748 praecedente
1156 4675 1216 4728 bom
1226 4679 1371 4745 sequente,
1380 4671 1425 4729 ubi
1436 4671 1596 4728 dichVlll
1605 4683 1733 4743 expresse
1740 4673 1912 4727 memoratur.
