4350 5922
267 589 362 650 lnnrcr.
381 588 445 666 le]
716 585 910 650 IIIS'I'OIIIA
934 587 1226 650 proconsules.
1425 585 1427 590 ’
1630 585 1672 648 75

314 717 548 819 Fr[Idsricus],
564 721 625 794 Dei
642 722 750 816 gratia
768 723 999 796 Ilouranornm
1019 724 1204 819 imperator
1215 743 1350 818 semper
1364 729 1551 814 augustus,
1570 721 1669 793 lern-

269 845 370 918 snlem
386 855 422 917 et
434 843 547 918 Sicilie
559 865 637 935 rex,
656 845 828 918 universis
842 846 1021 940 judicibus
1038 846 1111 920 suis
1125 869 1186 942 per
1196 845 1378 942 imperium
1392 843 1584 916 constitutis
1595 865 1671 940 pre-

268 979 378 1042 rentes
395 967 524 1042 litteras
547 968 754 1064 inspecturis
775 967 939 1042 fidelibus
964 969 1037 1042 suis
1062 971 1206 1064 gratiam
1226 991 1324 1042 suam
1345 977 1381 1040 et
1402 988 1505 1040 omne
1526 968 1667 1040 bonnm.

268 1091 436 1186 Exposuit
446 1090 642 1164 eelsitudini
656 1101 772 1166 nostre
786 1093 994 1166 venerabilis
1006 1092 1300 1188 BabenbergensIs
1316 1091 1512 1186 episcopus,
1526 1089 1671 1164 dilectus

268 1215 426 1312 princeps
443 1225 577 1307 noster,
601 1215 695 1310 quod
713 1237 777 1289 vos
795 1216 938 1290 clericos
953 1227 988 1289 et
1009 1216 1103 1289 cives
1125 1215 1274 1290 civitatis
1289 1236 1353 1288 sne
1368 1235 1501 1288 necnon
1516 1213 1670 1288 ministe-

268 1339 367 1412 riales
390 1338 686 1434 Babonbergensis
707 1339 851 1413 ecclesie
872 1339 918 1412 ad
939 1341 1052 1413 torum
1072 1349 1225 1414 vestrum
1246 1361 1306 1436 pro
1331 1358 1552 1434 quacumque
1566 1359 1671 1411 causa

268 1471 383 1536 eontra
400 1461 577 1557 antiquam
599 1463 790 1536 libertatem
807 1463 915 1558 ipsius
931 1463 1074 1536 ecclesIe
1093 1472 1128 1536 et
1145 1476 1262 1536 contra
1281 1461 1454 1556 justicium
1472 1460 1671 1533 auctoritate

268 1587 404 1684 propria
417 1596 618 1678 avocantes,
635 1587 728 1682 ipsos
743 1609 857 1660 coram
876 1587 976 1661 vobis
992 1588 1199 1682 respondere
1219 1588 1361 1680 cogatis.
1375 1587 1446 1660 Noe
1460 1585 1566 1678 Igitur
1583 1607 1672 1680 quo-

181 1739 184 1744 ·
268 1733 342 1783 rum
360 1711 501 1782 interest
516 1731 656 1784 servare
673 1711 818 1806 singulis
836 1711 991 1784 ecelesiis
1014 1733 1077 1784 sna
1089 1714 1188 1805 jura,
1211 1711 1426 1784 attendentes
1450 1710 1575 1783 devota
1598 1725 1671 1783 ser·

267 1833 356 1904 nicia
374 1832 459 1906 dicti
483 1831 648 1928 prinpris
670 1833 796 1922 nostri,
817 1833 947 1927 quibus
971 1835 1135 1906 instanter
1153 1833 1320 1906 devotum
1346 1853 1385 1906 ss
1402 1833 1671 1906 exhibetnostro

267 1955 409 2028 culmini
425 1962 459 2027 et
476 1963 651 2049 paratum,
670 1955 825 2028 nolentes
842 1965 880 2027 ut
902 1955 1197 2050 Babenbergensis
1218 1957 1363 2030 ecclesia
1381 1957 1418 2028 in
1439 1957 1593 2028 libertate
1607 1977 1670 2028 sun

266 2085 452 2174 prematur,
466 2076 552 2171 quin
567 2077 689 2171 pocius
701 2097 765 2173 pro
778 2077 851 2148 suis
861 2077 999 2170 juribus
1013 2079 1207 2174 amplietur,
1221 2077 1437 2152 universitati
1448 2086 1561 2151 vestre
1570 2099 1671 2150 man·

266 2200 389 2274 damus
405 2221 468 2296 per
481 2200 660 2272 obtentum
675 2200 784 2293 gratie
804 2209 920 2274 nostre
936 2198 1077 2273 firmiter
1099 2201 1325 2296 precipientes
1344 2209 1514 2295 quatenns
1531 2201 1672 2274 clericos

266 2332 299 2396 et
313 2325 409 2396 cives
430 2323 579 2396 civitatis
601 2324 897 2420 Babenbergensis
915 2346 1052 2398 necnon
1072 2325 1310 2398 ministeriales
1327 2324 1470 2398 ecclesie
1495 2325 1604 2418 Ipsina
1625 2323 1672 2397 ad

265 2455 379 2520 vestra
396 2445 528 2539 iudicia
550 2447 733 2541 exaliqua
757 2469 862 2522 causa
888 2457 1006 2521 eontra
1022 2449 1211 2522 libertatem
1229 2447 1374 2522 ecclesie
1398 2445 1552 2542 predicte
1576 2457 1671 2520 motu

266 2570 405 2664 proprio
416 2570 612 2643 nullatenus
625 2572 774 2648 evocetis
785 2592 851 2645 nec
864 2591 925 2645 cos
935 2570 1143 2668 respondere
1157 2591 1270 2643 coram
1286 2571 1387 2644 vohis
1404 2571 1564 2644 ammodo
1578 2593 1673 2644 com·

265 2693 411 2788 pellatis.
431 2693 556 2766 Scituri
575 2693 671 2790 quod
697 2703 833 2790 gratum
856 2693 985 2769 lrabcre
1008 2717 1077 2769 non
1094 2715 1272 2791 possemus
1296 2695 1325 2766 si
1347 2715 1453 2790 super
1473 2694 1540 2768 hoc
1557 2696 1673 2790 queri·

266 2817 378 2890 monia
391 2817 474 2890 dicti
492 2817 658 2915 principis
674 2821 780 2892 nostri
795 2819 956 2893 ammodo
966 2820 1179 2912 confingeret
1189 2839 1291 2892 aurea
1303 2829 1450 2894 nostras.

311 2942 398 3014 Data
415 2940 511 3037 apud
530 2941 747 3037 Giselingen,
764 2944 872 3016 XVIII
889 2943 1016 3035 madii,
1031 2943 1065 3016 X
1082 2942 1292 3016 indictionis.

479 3247 1461 3262 --n-——u-u—nunan—-nn--ffl

319 3521 523 3632 GregorIue
541 3547 642 3632 papa
666 3523 886 3632 inperatori
909 3525 1133 3632 nuntiatae,
1151 3525 1309 3633 receptis
1333 3523 1519 3636 magistro
1537 3522 1672 3607 Theu—
1777 3599 1800 3634 ῃ

153 3778 157 3784 ¹
267 3655 479 3739 lonicorum
500 3663 538 3738 et
554 3655 665 3740 Petro
689 3656 738 3739 de
755 3655 892 3763 Vinea,
912 3657 1131 3767 episcopum
1150 3655 1363 3744 Ostiensem
1388 3667 1426 3740 et
1442 3655 1673 3740 cardinalem

267 3787 428 3871 Sanctae
463 3786 627 3872 Sabinae
657 3787 697 3870 in
727 3788 996 3874 lombardiam
1027 3815 1116 3873 cum
1147 3789 1282 3899 plenae
1315 3787 1515 3900 legationis
1550 3787 1673 3873 officio

267 3918 431 4027 misisse,
450 3931 655 4030 monetque
681 3931 841 4031 atquae
867 3933 957 4006 sunt
981 3922 1106 4007 devoti
1133 3922 1201 4004 filii
1223 3922 1323 4006 circa
1339 3921 1547 4007 Ecclesiam
1573 3945 1671 4043 pro-

268 4061 460 4161 sequatur.

266 4265 273 4273 '
343 4255 446 4330 (Ildld.
459 4257 631 4333 armam,
642 4255 752 4320 donni.
767 4256 889 4334 Socha,
903 4265 926 4322 t.
944 4259 1029 4336 XIII,
1043 4257 1060 4340 fi
1072 4259 1112 4334 V,
1125 4273 1145 4322 'e
1158 4263 1258 4339 regist.
1271 4259 1408 4340 drogon,
1422 4259 1477 4324 lllr.
1491 4259 1548 4335 III,
1561 4268 1595 4320 u·
1607 4261 1671 4333 aa.)

316 4407 514 4525 Gregorius,
536 4441 618 4526 etc,
639 4435 829 4526 FridericO,
854 4446 920 4510 etc.
942 4437 1130 4530 Diligenter
1156 4436 1285 4510 auditis
1310 4458 1379 4532 que
1406 4435 1551 4510 dilectus
1581 4433 1672 4539 filius

269 4553 428 4646 magister
445 4553 621 4649 hospitalis
642 4559 765 4631 Sancte
786 4560 892 4634 Mario
911 4560 1198 4634 Thautonicorum
1213 4570 1248 4634 et
1272 4561 1433 4655 magister
1448 4559 1486 4630 P.
1503 4558 1549 4631 de
1565 4558 1673 4630 Vinea

270 4693 382 4747 coram
400 4676 500 4750 nobis
513 4688 549 4753 et
561 4680 722 4756 fratribus
737 4683 862 4756 nostris
873 4705 918 4757 ex
934 4691 1032 4778 parte
1048 4693 1108 4758 tue
1122 4683 1334 4759 celsitudInis
1349 4684 1552 4774 retulerunt,
1569 4681 1674 4775 digne
