4350 5922
492 599 531 660 10
989 597 1202 661 Fulnnulcl
1227 600 1400 662 sacuam
1713 601 1793 685 [Aa.
1811 603 1899 666 laer.

489 730 609 814 libem
637 729 827 812 mnductu
858 728 1079 814 victualium
1110 732 1281 842 ejusdem
1310 739 1518 818 conventus
1543 733 1752 842 concessit,
1776 734 1903 819 uenire

487 871 748 971 praesumant.

569 1112 707 1190 (Edtder.
726 1113 762 1173 B.
781 1115 840 1175 Ρη
858 1119 888 1175 et
907 1113 943 1176 P.
963 1115 1106 1189 numm,
1129 1113 1222 1176 dedic
1243 1113 1394 1196 diplomat.
1413 1114 1515 1178 dictor.
1534 1115 1632 1197 spec,
1645 1131 1716 1194 pars
1728 1115 1775 1194 11,
1796 1135 1828 1196 p.
1848 1127 1898 1193 92,

608 1219 786 1298 manvu.)

533 1454 858 1551 Fridericus(c)1lei
874 1455 984 1549 gratia
998 1439 1228 1530 Romanorum
1244 1457 1429 1553 imperator
1442 1479 1578 1552 semper
1594 1465 1787 1549 augustos,
1801 1461 1899 1532 loru·

484 1578 590 1650 salem
605 1559 641 1650 el
656 1579 770 1650 Sicilie
787 1600 864 1650 rex.
882 1579 945 1650 Per
959 1600 1101 1673 presens
1125 1580 1291 1675 scriptum
1308 1589 1433 1652 notum
1446 1579 1521 1652 lieri
1543 1581 1705 1652 volumus
1726 1581 1900 1654 universis

484 1700 619 1796 imperii
641 1702 802 1773 fidelibus
819 1712 888 1774 tam
911 1703 1128 1796 presentibus
1141 1725 1248 1798 quam
1265 1704 1390 1774 futuris
1407 1703 1504 1797 quod
1517 1703 1724 1775 venerabilis
1743 1704 1851 1776 abbas
1865 1715 1899 1777 et

484 1833 673 1898 conventus
688 1825 883 1896 monasterii
902 1827 1026 1897 Sancte
1047 1825 1165 1896 Crucis
1182 1825 1218 1897 in
1234 1823 1393 1918 dustria,
1412 1825 1531 1899 fideles
1555 1827 1682 1914 nostri,
1700 1827 1903 1900 celsitudini

483 1958 598 2020 nostre
626 1948 802 2020 humiliter
833 1948 1070 2042 supplicarunt
1096 1948 1193 2042 quod
1225 1971 1304 2020 cum
1336 1970 1383 2021 ex
1416 1948 1639 2022 concessione
1668 1948 1896 2042 quorumdam

483 2072 612 2145 ducum
639 2071 777 2144 Austris
803 2071 864 2164 qui
891 2072 1276 2165 ipsum'monasterium
1308 2071 1542 2146 fundaverunt
1571 2073 1709 2168 propria
1735 2073 1896 2145 victualia

482 2194 663 2269 domorum
682 2217 836 2285 suarum,
849 2195 1012 2268 videlicet
1023 2217 1209 2286 annonam,
1225 2196 1360 2287 vinum,
1376 2217 1507 2286 caseos,
1524 2196 1626 2286 salos,
1641 2195 1766 2290 pisces,
1782 2197 1896 2268 oleum

481 2329 517 2392 et
531 2319 701 2414 pecudes,
717 2318 763 2392 ad
775 2341 860 2391 usus
876 2341 957 2391 suos
978 2329 1109 2392 tantum
1128 2321 1204 2392 sine
1224 2321 1388 2412 teloneis,
1409 2320 1638 2413 vectigalibus
1653 2328 1688 2391 et
1700 2319 1777 2391 aliis
1793 2339 1896 2392 exac-

480 2441 634 2542 tipnibus
650 2451 718 2514 tam
733 2442 882 2514 interris
898 2464 1004 2536 quam
1028 2443 1064 2513 in
1081 2443 1182 2536 aquis
1194 2443 1302 2516 libero
1320 2443 1451 2517 ducere
1467 2451 1741 2528 consueverunt,
1768 2443 1896 2514 neseis

480 2564 672 2638 libertatem
695 2567 805 2661 ipsam
822 2565 1012 2639 concedere
1032 2567 1077 2640 de
1099 2575 1214 2639 nostra
1235 2567 1345 2660 gratia
1363 2565 1599 2658 dignaremur.
1618 2567 1687 2638 Nos
1707 2565 1813 2658 igitur
1834 2565 1894 2660 qui

480 2689 659 2780 religiosas
677 2684 842 2784 personas
857 2698 892 2761 et
907 2691 983 2762 loca
1003 2691 1078 2763 Deo
1097 2689 1210 2764 dicata
1228 2690 1336 2783 digno
1359 2691 1479 2764 favore
1494 2689 1752 2785 prosequimur,
1776 2709 1894 2762 eorum

479 2813 792 2908 supplicationibus
809 2813 976 2902 inclinati,
997 2815 1189 2887 libertatem
1210 2815 1321 2910 ipsam
1339 2814 1390 2886 eis
1407 2814 1452 2886 ds
1465 2813 1575 2907 gratia
1593 2824 1710 2886 nostra
1727 2811 1895 2885 concedi-

444 2971 449 2977 ·
478 2956 577 3022 mus,
595 2944 697 3030 prout
723 2957 770 3008 ex
795 2935 1018 3008 concessione
1034 2933 1205 3009 dictorum
1228 2935 1358 3008 ducum
1384 2945 1420 3009 et
1436 2958 1556 3009 eorum
1575 2934 1786 3030 temporibus
1804 2935 1893 3007 soliti

479 3057 715 3149 spectabere,
732 3058 923 3134 secundum
935 3059 1032 3153 quod
1047 3060 1151 3132 etiam
1165 3061 1202 3131 in
1218 3059 1400 3155 privilegio
1413 3069 1529 3133 nostro
1544 3059 1638 3134 dicto
1651 3057 1859 3131 monasterio
1872 3079 1893 3130 a

478 3182 579 3255 nobis
594 3182 729 3254 indulto
751 3185 846 3256 bulla
870 3205 974 3256 aurea
998 3184 1165 3278 impressa
1187 3185 1310 3279 tipario
1325 3185 1433 3257 nostri
1451 3183 1612 3256 culminis
1629 3182 1796 3276 insignito
1820 3183 1892 3277 ple·

478 3305 570 3378 niter
594 3307 800 3378 continetur.
817 3307 932 3392 Quare
958 3306 1165 3380 mandamus
1190 3317 1226 3379 et
1247 3308 1460 3403 precipimus
1487 3306 1644 3381 fidelitati
1665 3315 1780 3380 vestre
1804 3329 1893 3400 qua·

478 3439 579 3503 tenus
609 3431 725 3502 nullus
750 3431 796 3502 sit
821 3431 883 3525 qui
912 3431 1044 3503 dictum
1068 3431 1228 3504 abbatem
1254 3443 1289 3504 et
1314 3441 1524 3505 conventum
1550 3430 1747 3504 monasterii
1771 3431 1893 3502 Sancto

477 3552 595 3628 Crucis
610 3553 646 3624 in
667 3551 806 3627 dustria
830 3553 950 3628 fideles
971 3563 1104 3628 nostros
1131 3577 1237 3651 super
1259 3557 1435 3653 aliquibus
1461 3578 1550 3629 ausu
1571 3555 1754 3629 temerario
1776 3565 1892 3626 contra

475 3675 623 3774 predicti
639 3677 813 3771 privilegii
829 3688 864 3750 et
878 3677 1046 3773 presentis
1064 3679 1181 3773 scripti
1196 3653 1351 3751 tenorem
1362 3677 1539 3752 offendero
1556 3677 1613 3750 vel
1628 3675 1798 3773 impedire
1813 3697 1891 3771 pre·

475 3807 607 3891 sumat,
632 3799 721 3871 sicut
737 3821 863 3894 penam
885 3801 1068 3896 privilegio
1084 3802 1161 3898 ipso
1178 3801 1371 3897 impositam
1389 3811 1425 3875 et
1442 3799 1717 3895 indignationem
1741 3807 1891 3872 nostram

476 3922 650 3997 desiderat
684 3922 829 3996 evitare.
864 3923 920 3996 Ad
949 3925 1054 4017 hujus
1084 3925 1203 4018 itaque
1231 3925 1462 3998 concessionis
1488 3933 1604 3995 nostre
1632 3921 1832 3994 memoriam
1856 3931 1891 3992 et

474 4055 687 4121 constantem
708 4045 923 4137 firmitatem,
942 4070 1085 4144 presens
1111 4049 1276 4144 scriptum
1295 4048 1370 4122 fieri
1395 4057 1430 4121 el
1452 4047 1565 4139 sigillo
1584 4055 1700 4120 nostro
1723 4045 1891 4138 jussimus

473 4169 648 4263 insigniri.
709 4221 712 4228 -
1547 4181 1550 4190 ⁴

522 4296 647 4366 Datum
663 4291 760 4388 apud
773 4293 973 4385 Wiennam,
993 4315 1084 4366 anno
1102 4293 1275 4368 dominice
1290 4293 1538 4368 incarnationis
1558 4291 1739 4365 millesimo
1760 4291 1890 4364 dueen-

474 4417 596 4492 tesimo
607 4411 780 4490 tricesimo
794 4417 959 4511 septimo,
981 4438 1100 4491 mense
1112 4417 1293 4512 februarii,
1313 4418 1448 4492 decime
1466 4416 1675 4490 indictionis.

515 4689 559 4772 (c)
579 4691 616 4752 ln
628 4693 768 4769 impresso
780 4671 901 4751 addltur
916 4705 968 4752 occ
980 4687 1155 4753 attamen.
