4246 5906
196 612 294 672 lrnrm.
313 603 374 687 la]
643 593 841 655 tttsrottta
868 591 1161 655 utrnottartctt.

278 768 407 848 (Μαι.
419 763 523 842 imper.
538 755 657 820 lledm.
672 755 714 834 11,
728 753 783 816 iol.
798 761 837 814 29
850 759 945 827 metm
957 755 988 814 ln
1003 753 1075 816 edit.
1089 753 1227 833 Curcum,
1242 771 1272 831 p.
1289 755 1372 832 atu.)

246 954 295 1024 De
307 949 475 1046 imperiali
490 945 650 1018 mandato
663 945 751 1034 sacto
764 963 828 1034 per
846 940 1013 1011 minum
1025 942 1067 1010 ll.
1082 940 1121 1010 de
1138 941 1354 1012 Treoteuaria
1367 941 1497 1033 scripsit
1511 940 1550 1011 G.
1568 941 1608 1010 de

197 1077 383 1148 Gerontia:

244 1196 465 1284 Fredericus,
483 1201 566 1282 etc,
588 1186 962 1283 compalatioNeepolis
977 1183 1042 1282 (a).
1059 1186 1144 1258 Cum
1162 1187 1380 1260 Guillelmum
1399 1184 1444 1256 de
1462 1184 1608 1257 liezaria

197 1323 382 1396 vallectum
397 1316 583 1390 marescale
604 1320 739 1402 nostra,
759 1308 895 1384 fidelem
916 1318 1089 1398 nostrum,
1108 1309 1155 1382 ad
1173 1317 1288 1404 partes
1306 1309 1434 1404 Apulie
1448 1329 1511 1402 pro
1528 1330 1608 1381 nos-

194 1446 257 1518 tris
279 1443 429 1516 servitiis
460 1439 693 1524 destinemus,
719 1432 875 1506 fidelitati
903 1442 1017 1506 vestra
1037 1432 1260 1529 precipiendo
1284 1431 1490 1504 mandamus
1516 1453 1607 1525 qua-

193 1579 295 1642 tenus
319 1565 433 1638 eidam
456 1563 496 1634 G.
526 1581 590 1655 pro
620 1579 659 1630 se
684 1566 720 1629 et
744 1577 816 1629 uno
843 1577 934 1650 aquo
962 1577 1025 1652 pro
1048 1577 1164 1628 meuse
1185 1555 1335 1648 januarii
1356 1555 1467 1648 primo
1492 1555 1606 1626 futuro

193 1693 299 1784 hujus
314 1691 392 1762 Xlll
408 1682 629 1771 indictionis,
649 1703 730 1754 cum
748 1702 860 1776 usque
878 1691 961 1752 tunc
977 1701 1148 1775 expansas
1163 1679 1208 1752 de
1225 1701 1361 1752 camera
1377 1687 1493 1752 nostra
1506 1699 1606 1752 rece-

190 1815 298 1909 perit,
319 1813 365 1886 de
382 1809 608 1907 proventibus
630 1805 727 1879 curia
742 1813 859 1876 nostre
874 1804 936 1898 qui
959 1813 1039 1876 sunt
1056 1826 1116 1898 per
1138 1825 1262 1876 manus
1279 1813 1409 1874 vestras
1424 1804 1526 1894 juxta
1546 1823 1606 1874 as-

190 1939 295 2010 sisam
315 1937 411 2008 curie
428 1943 544 2006 nostre
560 1931 919 2024 tribuatisexpensas‚
936 1939 972 2000 et
989 1929 1071 2022 quia
1090 1927 1333 2000 mandavimus
1351 1949 1431 2000 eum
1450 1948 1512 2020 pro
1530 1948 1606 1998 ser-
1711 1998 1713 2004 ,

190 2061 287 2132 vitiis
308 2059 432 2132 uostris
452 2057 503 2129 iro
523 2053 617 2128 etad
632 2054 763 2126 curiam
779 2061 930 2124 nostram
949 2051 1062 2124 redire
1078 2051 1263 2140 velociter,
1283 2049 1488 2142 mandamus
1507 2049 1605 2122 vobis

191 2194 231 2256 ut
250 2183 281 2255 si
302 2184 388 2256 lorte
404 2180 570 2254 runcinus
587 2199 693 2272 quem
712 2176 860 2270 equitat,
879 2197 958 2247 eum
972 2176 1054 2247 illuc
1070 2176 1208 2266 veniet,
1232 2195 1302 2246 non
1321 2183 1412 2246 esset
1431 2173 1606 2246 sufficiens

190 2307 237 2380 ad
257 2315 411 2379 nostrum
437 2301 690 2398 beneplacitum
711 2299 977 2394 exequendum
999 2321 1064 2372 vos
1081 2307 1220 2393 recepto
1242 2319 1284 2370 eo
1307 2319 1370 2392 pro
1393 2307 1488 2390 parte
1510 2298 1604 2368 curie

191 2439 309 2504 nostre
319 2429 425 2502 alium
442 2427 487 2500 de
499 2423 647 2522 pecunia
665 2423 762 2496 curie
774 2431 890 2496 nostre
905 2423 1044 2512 ematis,
1059 2432 1094 2496 et
1108 2422 1197 2496 detis
1213 2421 1263 2514 ei,
1279 2441 1350 2516 quo
1365 2431 1482 2494 nostra
1497 2421 1604 2516 possit

190 2551 372 2626 commode
386 2550 532 2623 servitia
549 2547 795 2642 percomplere.

239 2676 366 2748 Datum
385 2672 567 2757 Cremona,
588 2670 713 2742 XXVII
727 2669 942 2757 novembris,
963 2668 1040 2740 Xlll
1058 2666 1272 2740 indictionis.

398 2960 646 2972 -ι-ι--ι--υ

242 3203 466 3287 Mandatum
493 3204 542 3286 ad
571 3203 834 3286 Alexandrum
861 3201 985 3285 filium
1011 3201 1162 3284 Henrici
1183 3204 1231 3285 de
1261 3202 1505 3313 inquisitione
1535 3202 1602 3284 fa·
1635 3227 1795 3328 „emeth

188 3335 323 3417 cienda
342 3361 456 3444 super
474 3334 588 3418 feudo
607 3335 724 3418 unius
749 3334 881 3416 militis
902 3335 1007 3444 quod
1033 3333 1252 3445 Raynaldus
1277 3336 1325 3418 de
1351 3335 1486 3419 Tursio
1504 3344 1604 3418 tenet

188 3466 229 3549 in
248 3467 405 3574 Tursio,
425 3467 475 3549 ud
498 3492 636 3549 manus
660 3467 805 3575 umiae,
827 3467 860 3548 si
875 3466 940 3576 jus
958 3467 1142 3576 exegerit,
1160 3468 1387 3550 revocando.

270 3687 398 3771 (licceat.
411 3689 514 3770 imper.
529 3689 650 3751 maer.
665 3689 706 3764 11,
723 3689 776 3750 lul.
793 3698 831 3752 tt
844 3705 945 3766 verso3
960 3691 992 3750 ln
1005 3691 1077 3752 edlt.
1090 3689 1226 3767 Curcum,
1242 3707 1273 3768 p.
1290 3691 1374 3770 nte.)

236 3887 283 3956 lte
300 3887 458 3959 mandato
483 3886 651 3982 imperiali
672 3889 762 3977 [acto
782 3906 846 3979 per
867 3886 1065 3978 mapietrrtm
1087 3888 1125 3956 T.
1145 3882 1186 3958 dc
1206 3886 1328 3960 Suessa
1346 3888 1481 3983 empsit
1496 3891 1534 3963 G.
1562 3891 1602 3961 de

190 4008 288 4080 Taceo
306 4033 319 4077 .·

233 4131 454 4222 Fredericus,
472 4142 554 4224 etc,
581 4131 779 4205 Alexandro
806 4130 877 4204 lilio
898 4133 1054 4222 Henrici,
1075 4142 1142 4206 etc.
1162 4134 1218 4205 llx
1236 4135 1467 4210 insinuatione
1483 4158 1600 4210 asser-

186 4255 269 4327 toris
289 4253 421 4342 fidelis,
439 4265 555 4329 nostra
578 4257 745 4329 serenitas
763 4256 934 4328 intellexit
950 4256 1046 4350 quod
1069 4257 1270 4352 Rayueldus
1292 4257 1338 4331 da
1361 4259 1483 4333 Tursio
1507 4269 1600 4333 tenet

185 4377 364 4471 pheudum
379 4379 485 4450 unius
504 4379 620 4452 militis
647 4379 683 4450 in
702 4379 843 4469 Tursio,
868 4379 904 4449 in
923 4380 1156 4475 prejudicium
1179 4382 1266 4474 juris
1291 4382 1414 4475 nostri,
1433 4383 1529 4477 quod
1551 4385 1598 4456 ad

226 4569 268 4650 (a)
291 4571 496 4632 Varislmlllter
506 4572 666 4652 legendum
685 4567 859 4651 compalatio
871 4577 899 4633 ct
913 4568 1017 4652 bajulis
1027 4570 1173 4653 Neapolis,
1185 4591 1252 4636 cum
1265 4545 1304 4636 ad
1314 4575 1411 4653 plures
1423 4569 1596 4640 mandatum

182 4695 248 4740 esse
260 4679 404 4740 dlrectum
417 4681 694 4743 animadvertamus.
