4228 5892
488 537 550 598 392
993 527 1199 589 sumuntur
1226 531 1399 594 sucounr
1711 537 1790 622 [an.
1808 543 1891 608 raas

487 673 554 746 bac
574 669 685 765 ppima
706 665 785 740 vice
806 663 842 736 iu
864 663 937 736 suis
959 662 1062 756 lignis
1082 671 1118 736 et
1137 663 1286 738 navibus
1306 665 1412 760 gratis
1432 675 1467 739 et
1490 667 1565 742 sine
1590 671 1694 744 naulo
1714 671 1786 746 duo
1804 676 1902 750 milia

487 794 644 892 peditum
662 800 697 866 et
712 789 919 885 quingentos
937 785 1234 879 balistarios'quos
1252 787 1349 862 dabit
1361 791 1512 864 Romana
1531 793 1697 866 Ecclesia.
1716 794 1800 868 ltem
1814 819 1902 891 pru-

488 919 653 990 mittimus
676 935 738 1009 per
764 910 1018 1006 stipulationem
1042 917 1078 983 et
1100 911 1329 984 convenimus
1347 912 1495 986 nomino
1513 925 1548 986 st
1567 915 1646 987 vice
1664 915 1899 1010 predictorum

488 1043 587 1115 ducis
599 1049 634 1112 et
650 1035 810 1112 comunis
826 1032 921 1129 quod
938 1032 1021 1106 dicti
1035 1030 1112 1105 dux
1128 1042 1163 1106 ot
1177 1054 1324 1107 comune
1343 1057 1415 1108 non
1435 1037 1558 1109 lanient
1577 1059 1699 1132 pacem
1717 1061 1797 1112 cnm
1812 1042 1899 1116 Fre-

489 1166 604 1240 dorioo
622 1162 714 1235 dicto
731 1160 935 1254 imperatore
956 1177 1022 1228 nec
1041 1154 1223 1228 admittent
1246 1165 1428 1230 tractatum
1453 1159 1549 1252 pacis
1571 1160 1646 1232 sine
1667 1161 1844 1237 voluntate
1867 1174 1902 1238 et

487 1308 653 1384 expressa
667 1283 803 1356 licentia
818 1280 949 1354 domini
964 1301 1065 1375 pape.
1081 1279 1164 1352 ltom
1180 1269 1413 1374 promittimus
1425 1303 1488 1378 por
1500 1283 1755 1376 stipulationem
1770 1295 1806 1359 et
1816 1307 1903 1361 oon·

486 1412 646 1486 venimus
670 1406 809 1480 nominc
835 1414 869 1478 et
891 1404 970 1477 vica
992 1402 1225 1498 predictorum
1253 1403 1353 1476 ducis
1377 1413 1412 1478 ot
1435 1407 1592 1478 comunis
1617 1407 1685 1480 sub
1713 1431 1805 1504 pena
1834 1433 1903 1484 sex

488 1537 621 1608 milium
647 1550 841 1604 marcarum
869 1527 1061 1622 argentiot
1088 1527 1297 1621 obligatione
1322 1529 1479 1602 omnium
1501 1530 1671 1604 bonorum
1698 1533 1900 1608 eorumdem

488 1660 587 1734 ducis
602 1667 638 1730 et
654 1653 829 1742 comunis,
846 1652 962 1742 vobis,
985 1651 1201 1724 sanctissimo
1220 1652 1309 1747 patri
1330 1651 1471 1726 domino
1490 1673 1580 1750 papo
1599 1654 1764 1749 Gregorio
1779 1667 1813 1731 et
1829 1659 1900 1732 Eo-

488 1784 591 1858 clesio
605 1783 776 1866 Romane,
795 1777 860 1849 bec
873 1775 991 1848 omnia
1007 1773 1205 1870 supradicta
1222 1785 1257 1848 et
1279 1776 1415 1870 singula
1437 1777 1634 1868 attondere,
1654 1779 1843 1876 adimplere
1864 1793 1900 1856 et

487 1907 630 1996 firmiter
644 1903 848 1990 observare,
868 1908 903 1970 ct
918 1920 1022 1994 super
1039 1899 1106 1972 biis
1120 1899 1283 1972 omnibus
1301 1899 1493 1974 subicimus
1516 1911 1552 1974 et
1569 1905 1801 1998 supponimus
1818 1906 1902 1979 dic-

487 2043 560 2104 tum
575 2029 699 2102 ducem
714 2035 749 2100 ot
760 2045 909 2099 comune
921 2016 1090 2098 sententie
1102 2024 1470 2098 excommunicationis
1484 2024 1617 2098 domini
1627 2048 1729 2123 pape.
1745 2028 1902 2104 Preteroa

488 2153 716 2251 promittimur
734 2169 797 2244 per
814 2147 1070 2242 stipulationem
1085 2156 1120 2220 ot
1134 2147 1359 2221 convenimus
1374 2149 1515 2222 nomine
1528 2157 1563 2222 et
1576 2149 1655 2223 ricc
1668 2151 1901 2244 predictorum

488 2277 588 2352 ducis
602 2285 637 2348 et
652 2272 844 2347 communis
864 2269 960 2365 quod
977 2271 1045 2367 ipsi
1061 2270 1137 2345 dux
1151 2271 1213 2366 qui
1232 2293 1328 2344 nunc
1348 2280 1401 2344 est
1419 2281 1454 2344 ct
1472 2273 1534 2366 qui
1548 2293 1610 2368 pro
1629 2283 1784 2368 tempore
1800 2277 1903 2349 luerit

488 2411 523 2474 et
537 2419 704 2488 comune,
722 2417 785 2492 pro
806 2416 848 2468 eo
867 2393 963 2490 quod
986 2393 1147 2468 dominus
1168 2415 1259 2490 papa
1281 2402 1317 2467 ot
1332 2393 1484 2468 Ecclesia
1507 2395 1660 2469 Romana
1685 2398 1850 2470 Barolnm
1867 2410 1902 2472 et

488 2525 606 2620 Salpas
626 2544 706 2596 cum
732 2519 945 2616 pertinentiis
968 2520 1040 2592 suis
1066 2529 1099 2592 ot
1125 2519 1269 2592 liberam
1295 2519 1429 2592 curiam
1454 2541 1496 2592 ac
1516 2519 1790 2613 jurisdictionem
1813 2523 1903 2595 iuter

488 2650 635 2722 Venetos
660 2662 794 2716 necnon
818 2643 958 2738 plenam
983 2642 1176 2714 libertatem
1202 2651 1237 2714 ot
1258 2642 1512 2716 immunitatem
1538 2651 1574 2715 et
1596 2641 1724 2716 habere
1744 2645 1903 2718 consules

489 2773 578 2844 iuter
594 2769 744 2842 Venetos
766 2765 811 2839 de
833 2766 906 2850 suis
924 2765 1126 2838 concivibus
1147 2765 1184 2834 in
1201 2785 1310 2858 regno
1328 2763 1462 2855 Sicilie,
1487 2764 1617 2838 ducatu
1638 2767 1780 2860 Apulis,
1801 2767 1902 2840 Gola-

489 2895 582 2980 bria‚
609 2891 803 2986 principatu
826 2889 943 2984 Gapue
965 2897 1001 2962 et
1021 2889 1057 2960 in
1078 2889 1173 2961 omni
1190 2887 1258 2962 alio
1285 2888 1360 2962 looo
1379 2889 1479 2980 regni
1499 2910 1605 2982 quem
1629 2909 1750 2964 eornm
1772 2891 1903 2964 auxilio

491 3015 693 3109 contingerit
722 3012 906 3106 occupari,
933 3009 1066 3084 eisdem
1091 3009 1173 3082 duci
1200 3019 1236 3082 ot
1262 3011 1401 3084 comuni
1431 3011 1668 3086 concedatad
1698 3023 1903 3108 perpetuum

493 3139 636 3214 feudum
651 3145 831 3232 postquam
843 3155 885 3206 ea
900 3135 1027 3206 luerint
1042 3141 1227 3228 occupata,
1248 3135 1374 3206 lanient
1391 3134 1489 3206 illum
1503 3135 1561 3208 vel
1575 3135 1652 3210 illos
1667 3136 1729 3230 qui
1741 3147 1904 3231 preerunt

492 3285 556 3361 per
567 3283 628 3336 cos
640 3257 801 3356 predictis
811 3257 908 3348 locis,
921 3257 1050 3330 scilicet
1059 3257 1180 3330 Barolo
1194 3265 1230 3328 et
1240 3255 1363 3350 Salpis,
1375 3256 1670 3352 quandocumque
1679 3267 1715 3332 et
1726 3243 1905 3353 quociens·

493 3407 644 3480 cumque
656 3382 915 3456 renovabuntur
927 3379 1077 3471 ibidem,
1088 3381 1206 3473 jurare
1220 3378 1315 3473 apud
1327 3381 1489 3454 venetius
1504 3381 1540 3452 in
1554 3383 1727 3476 presentia
1741 3383 1834 3456 illius
1846 3383 1904 3457 rol

494 3513 630 3584 illorum
643 3507 699 3580 oui
711 3506 768 3578 vel
777 3504 911 3598 quibus
921 3503 987 3576 boc
999 3503 1162 3576 dominus
1175 3524 1267 3598 papa
1278 3501 1420 3576 duxerit
1430 3504 1691 3596 nominandum,
1706 3504 1904 3580 fidelitatem

494 3635 634 3710 domino
649 3651 739 3726 pape
759 3629 924 3722 Gregorio
943 3637 977 3701 et
994 3628 1252 3702 successoribus
1269 3627 1342 3698 suis
1363 3635 1399 3700 ot
1418 3627 1572 3702 Ecclesie
1588 3629 1740 3702 Romane
1756 3639 1791 3702 ot
1809 3629 1905 3724 quod

495 3779 563 3832 non
579 3763 682 3829 erunt
697 3755 733 3824 in
751 3752 858 3844 dicto,
878 3751 982 3842 lacto,
1002 3750 1145 3824 consilio
1162 3750 1220 3824 vel
1237 3769 1408 3822 consensu
1427 3759 1467 3820 ut
1490 3749 1547 3822 ille
1564 3751 1622 3822 cui
1645 3753 1801 3844 regimen
1823 3773 1904 3848 pre-
2034 3745 2046 3764 '

495 3881 625 3955 dictum
653 3876 756 3950 luerit
784 3874 968 3948 adomino
993 3895 1083 3968 papa
1113 3881 1148 3946 et
1184 3872 1338 3946 Ecclesia
1370 3873 1523 3946 Romana
1552 3874 1737 3946 comissum
1766 3885 1801 3948 ct
1830 3877 1906 3967 eius

495 4021 710 4078 successores
731 3995 876 4094 perdant
900 3997 1008 4070 vitam
1035 3996 1092 4069 vel
1120 3995 1313 4068 membrum
1342 4003 1404 4068 aut
1428 3995 1609 4090 capiantur
1625 3973 1724 4070 ¹mala
1750 3998 1906 4093 captione

495 4147 557 4200 seu
574 4125 730 4198 amittant
746 4131 891 4206 terram,
910 4118 1075 4209 honores,
1097 4117 1282 4212 dignitates
1298 4127 1360 4190 aut
1374 4119 1442 4190 alia
1459 4118 1549 4191 bona
1566 4140 1630 4192 sue
1647 4141 1715 4212 quo
1730 4119 1906 4194 habebunt

497 4253 532 4322 in
550 4269 659 4341 regno
681 4246 829 4341 prelato;
856 4251 890 4314 et
909 4243 1034 4314 lanient
1050 4242 1153 4315 etiam
1172 4241 1279 4315 semel
1292 4244 1410 4334 jurare
1431 4261 1551 4314 omues
1572 4242 1719 4316 Venetos
1734 4243 1797 4338 qui
1815 4265 1906 4316 nunc

497 4373 654 4445 habitant
683 4369 740 4442 rel
771 4365 975 4439 habitabunt
1002 4366 1038 4436 iu
1067 4366 1151 4438 locis
1179 4363 1311 4438 eisdem
1342 4372 1377 4438 et
1403 4385 1521 4438 omnes
1547 4365 1632 4438 alios
1658 4365 1906 4440 cohabitatores

497 4517 617 4570 eorum
635 4491 731 4590 apud
747 4490 870 4564 eadem
896 4489 970 4562 loca
998 4487 1195 4562 fidelitatem
1212 4487 1355 4562 domino
1377 4507 1467 4583 pape
1487 4485 1651 4582 Gregorio
1673 4497 1708 4560 ot
1724 4509 1906 4562 successo-

498 4620 595 4693 ribus
620 4619 695 4710 ejus
722 4627 755 4688 at
786 4614 937 4687 Ecclesia
965 4614 1133 4704 Ilomane,
1156 4611 1192 4682 in
1215 4609 1401 4704 hujus-vel
1431 4630 1552 4684 eorum
1574 4611 1744 4707 presentia
1771 4612 1829 4684 cui
1852 4611 1906 4684 vel
