4224 5898
462 575 524 638 252
961 575 1174 636 Flllllllllllll
1200 575 1372 636 secuntur
1686 569 1763 654 [hun.
1783 570 1868 632 1238.

463 709 545 780 ralis
558 707 810 781 constitutionis
827 707 923 798 regui
944 730 1125 802 perquam
1143 711 1246 782 etiam
1264 709 1406 783 comites
1422 717 1455 780 et
1474 707 1619 778 barones
1640 713 1675 776 et
1693 725 1812 776 omnes
1829 703 1873 777 de

464 853 571 925 regno
590 832 745 904 homines
768 830 812 903 de
831 830 999 903 demaniis
1020 844 1184 904 revocant
1201 834 1410 926 ubicumque
1432 851 1491 904 eos
1508 829 1723 911 invenerint,
1741 828 1818 900 sive
1836 827 1872 898 iu

464 957 562 1030 terris
580 956 822 1045 ecclesiarum,
838 954 913 1027 sive
930 956 965 1026 iu
983 955 1182 1028 civitatibus
1201 957 1309 1052 ipsius
1334 953 1547 1050 imperatoris
1561 953 1626 1050 (l).
1645 951 1873 1024 Nihilominus

464 1091 579 1152 tamen
590 1101 694 1174 super
708 1079 762 1150 his
776 1080 883 1152 torma
898 1088 1023 1150 statuta
1039 1091 1091 1152 est
1106 1091 1141 1152 et
1154 1090 1244 1154 meta
1259 1079 1421 1174 temporis
1434 1079 1541 1172 posita
1551 1076 1603 1148 ad
1617 1075 1873 1170 requisitionem

465 1203 589 1276 summi
608 1201 779 1298 pontilicis
805 1211 996 1296 acceptata,
1019 1213 1119 1296 prout
1143 1213 1277 1276 constat
1298 1225 1344 1274 ex
1366 1203 1485 1274 litteris
1502 1199 1787 1273 testimonialibus
1808 1222 1874 1294 pa-

466 1321 611 1398 triarche
634 1325 874 1398 Antiochensis
899 1335 933 1398 ct
957 1326 1268 1398 Panormitanensis
1290 1337 1324 1398 et
1347 1325 1576 1398 Messanensis
1600 1324 1873 1418 archiepiscopo·

464 1472 555 1522 rum.
571 1452 668 1538 llam,
688 1449 874 1543 quodcum
891 1449 1035 1520 ecclesie
1051 1449 1239 1521 hlilctensis
1253 1460 1289 1522 et
1302 1450 1424 1520 Sancte
1438 1449 1593 1520 Eulemie
1606 1471 1685 1519 conr
1702 1449 1826 1520 abbate
1839 1457 1873 1518 ot

466 1573 641 1644 monachis
658 1573 760 1644 Terre
775 1572 912 1662 hlajoris
933 1572 1138 1665 permutatio
1165 1593 1317 1664 congrua
1337 1573 1425 1643 lacta
1441 1572 1484 1642 sit
1506 1571 1551 1643 de
1572 1573 1748 1643 voluntate
1763 1571 1874 1664 prela·

465 1706 578 1768 torum
595 1697 746 1791 ipsorum
762 1705 797 1768 ct
814 1705 1065 1786 conventuum,
1083 1696 1275 1767 secundom
1296 1697 1437 1768 formam
1452 1695 1539 1786 juris
1559 1703 1594 1766 et
1610 1695 1675 1788 ipsi
1692 1693 1796 1765 bodie
1820 1713 1875 1765 res

466 1828 581 1892 teuent
592 1829 626 1891 et
639 1819 813 1914 possident
826 1829 1046 1913 permutatas.
1063 1818 1240 1915 Casale(c)
1253 1841 1336 1890 vcro
1347 1819 1460 1890 Sancti
1473 1819 1591 1890 Severi
1606 1817 1700 1911 quod
1718 1839 1788 1889 non
1801 1827 1876 1890 erat

466 1941 502 2012 iu
529 1951 636 2014 totum
659 1941 793 2013 abbatis
817 1942 917 2012 Terre
938 1942 1074 2033 Maioris
1098 1941 1287 2014 Acoueusis
1303 1941 1349 2036 (h)
1368 1942 1417 2014 ibi
1443 1943 1593 2035 quedam
1614 1943 1692 2032 jura
1719 1939 1872 2014 habebat

466 2087 535 2159 que
559 2065 698 2137 tenebat
715 2065 751 2135 in
768 2065 910 2136 feudum
929 2064 975 2136 ab
993 2065 1069 2159 ipso
1087 2065 1306 2160 imperatore,
1330 2087 1391 2160 per
1404 2063 1576 2157 judicium
1594 2065 1659 2136 luit
1677 2066 1771 2158 juste
1788 2065 1875 2136 des-

467 2198 614 2259 tructum
629 2189 709 2280 quia
723 2187 878 2260 homiues
890 2188 981 2259 illius
997 2189 1061 2260 loci
1075 2198 1228 2284 tempore
1240 2189 1504 2283 perturbationis
1520 2189 1872 2261 occideruntPaulum

467 2312 512 2386 de
529 2312 713 2406 logotheta
724 2311 790 2408 (2),
807 2313 961 2405 bajulum
975 2312 1206 2408 imperatoris,
1223 2325 1259 2384 et
1272 2322 1426 2384 armenta
1439 2313 1629 2407 imperialia
1643 2312 1871 2408 diripuerunt,

466 2447 501 2508 et
516 2436 757 2520 nihilominus,
774 2446 813 2506 ut
826 2436 955 2508 dictum
970 2445 1037 2525 est,
1058 2436 1263 2530 permutatio
1278 2435 1358 2508 data
1371 2443 1423 2508 est
1436 2435 1552 2507 abbati
1569 2443 1603 2507 et
1616 2437 1801 2507 conventui
1813 2456 1875 2530 pro

468 2569 564 2656 parte
582 2581 645 2631 suu
659 2571 693 2631 et
710 2559 814 2632 hodie
830 2569 958 2632 tenent.
974 2559 1085 2630 Locus
1102 2560 1206 2632 Lame
1225 2560 1359 2631 cinctus
1381 2571 1432 2631 est
1456 2581 1516 2653 per
1529 2559 1731 2632 seutentiam
1746 2561 1791 2632 ab
1807 2560 1874 2630 ab·

467 2685 547 2756 bate
565 2685 677 2756 Sancti
692 2683 831 2756 loannis
850 2683 998 2756 Rotuudi
1014 2684 1074 2776 qui
1090 2683 1136 2755 de
1152 2705 1195 2755 eo
1211 2684 1305 2755 velut
1321 2683 1365 2756 de
1381 2705 1417 2754 re
1430 2683 1558 2756 feudali
1575 2685 1683 2778 potuit
1702 2695 1737 2756 et
1754 2682 1873 2755 debuit

468 2807 658 2880 secuudum
673 2810 731 2900 jus
747 2807 849 2879 civile
864 2817 900 2879 et
913 2807 1119 2879 canonicum
1131 2807 1167 2877 in
1187 2807 1354 2902 imperiali
1367 2807 1463 2880 curia
1482 2807 1670 2879 conveniri.
1691 2809 1876 2902 Propositio

440 2967 448 2984 ·
467 2931 820 3026 uccostes‘remplarii
837 2940 871 3002 et
883 2930 1100 3026 hospitalarii
1116 2931 1215 3002 bonis
1234 2932 1419 3003 mobilibus
1436 2941 1471 3003 ct
1488 2931 1724 3003 immobilibus
1741 2933 1876 3026 spoliati

464 3057 568 3147 juxta
591 3064 743 3128 tenorem
764 3055 857 3150 pacis
882 3077 950 3127 non
974 3063 1056 3128 sunt
1079 3055 1211 3150 integre
1235 3056 1392 3128 restituti.
1414 3057 1591 3149 Responsio
1615 3057 1802 3149 imperialis
1823 3057 1878 3128 :A

469 3178 667 3272 Templariis
685 3187 720 3250 et
731 3179 972 3275 ¹hospitalariis
989 3201 1109 3250 verum
1126 3179 1287 3272 estquod
1306 3179 1549 3274 perjudicium
1566 3189 1599 3252 et
1620 3201 1680 3274 per
1700 3179 1877 3272 antiquam

470 3302 748 3375 constitutionem
775 3303 873 3395 regui
898 3303 1011 3374 Sicilie
1036 3313 1197 3376 revocata
1222 3313 1304 3376 sunt
1336 3303 1486 3377 feudalia
1512 3313 1546 3375 et
1568 3304 1783 3397 burgasatica
1808 3324 1878 3398 que

470 3425 665 3498 habuerunt
677 3447 738 3520 per
753 3427 1006 3498 concessionem
1023 3427 1219 3500 invasorum
1238 3429 1356 3522 regni,
1379 3429 1508 3522 quibus
1528 3449 1654 3522 equos,
1671 3451 1786 3518 arma,
1805 3429 1878 3499 vic·

470 3549 575 3622 tualia
593 3559 627 3622 et
641 3549 763 3621 viuum
782 3561 817 3620 et
831 3551 946 3623 omnia
963 3551 1156 3622 necessaria
1175 3551 1412 3623 ministrabant
1429 3551 1569 3624 abunde
1584 3551 1725 3645 quando
1738 3553 1879 3623 infesta·

471 3673 554 3745 bant
574 3674 830 3768 imperatorem,
854 3684 889 3746 et
910 3674 1123 3770 imperatori,
1150 3683 1232 3746 tnnc
1254 3677 1326 3766 regi
1354 3675 1486 3771 pupillo
1509 3685 1543 3747 et
1568 3675 1752 3767 destituto,
1777 3696 1879 3748 omne

513 3861 554 3942 (a)
577 3863 613 3923 ln
626 3863 702 3922 libro
715 3865 855 3940 impresso
874 3859 999 3923 rassae.
1213 3927 1215 3931 ,

502 3965 554 4047 lh)
576 3969 654 4043 Quld
667 3975 751 4029 sonet
770 3968 827 4028 boc
846 3985 955 4028 nomen
973 3970 1072 4029 minua
1095 3969 1199 4046 liquet,
1221 3968 1345 4030 forsitan
1367 3965 1532 4048 apotecas,
1551 3973 1609 4032 ulsl
1631 3972 1670 4032 alt
1692 3971 1877 4048 interpolatio

473 4091 527 4154 pro
540 4075 592 4154 pal
604 4080 719 4135 motam
731 4075 812 4152 quod
824 4091 929 4136 sensus
942 4077 1025 4152 petit.

894 4270 951 4278 --
955 4269 1877 4287 ---—--—-----.--——·—-u.--—----—-n—--——-——-.-

508 4397 544 4469 tt)
561 4396 601 4455 Cl.
616 4396 730 4453 Corntlt.
747 4411 833 4466 rapa„
848 4394 896 4452 lib.
909 4394 953 4459 Ill,
964 4395 1004 4452 tit.
1021 4395 1053 4452 Vl
1070 4395 1098 4468 (t.
1111 4395 1155 4459 IV,
1170 4412 1197 4468 p.
1213 4395 1283 4468 ⁴23).

508 4493 547 4566 (ἲ)
565 4493 695 4551 Scribitur
706 4493 733 4549 in
746 4493 821 4549 Matt.
834 4493 910 4548 Paris
920 4491 952 4547 dc
960 4493 1127 4564 bonpotlruc.
1136 4492 1286 4548 tectionem
1299 4509 1363 4549 vero
1375 4493 1492 4549 lliccardi
1507 4494 1541 4550 dc
1553 4493 1582 4550 S.
1596 4493 1730 4551 Gennanc
1742 4495 1881 4566 sequimur

472 4593 519 4667 qui
531 4592 594 4648 dicit
607 4592 641 4648 ad
655 4606 718 4648 anu.
737 4591 806 4646 ttae
821 4607 827 4646 :
847 4610 859 4643 a
874 4589 904 4645 lu
917 4589 1014 4663 Apulia
1030 4589 1082 4646 illis
1097 4589 1193 4646 diebus
1206 4590 1315 4662 quidam
1330 4590 1429 4646 Paulus
1446 4590 1480 4646 de
1495 4591 1638 4662 Logotheta
1658 4591 1805 4665 imperialis
1822 4593 1879 4664 jos·

474 4689 771 4746 titiariuemembratim
784 4687 930 4745 trucidatus
944 4693 985 4743 est
1003 4685 1038 4743 ab
1052 4687 1085 4742 iis
1097 4686 1143 4760 qui
1157 4686 1217 4743 odio
1230 4688 1419 4760 imperatorem
1433 4689 1577 4746 habebant.
1591 4709 1604 4741 a
