4242 5904
197 610 294 670 tantur.
312 609 373 688 ta]
645 610 840 672 HISTORIA
865 609 1157 673 DlPLOllli'l'lCA.
1543 607 1604 670 235

197 744 232 815 in
243 744 377 818 eisdem
393 745 593 841 privilegiis,
607 745 769 818 videlicet
785 755 855 818 tam
870 745 1035 841 sepedicti
1048 745 1106 818 avi
1120 745 1227 818 nostri
1243 765 1348 838 qnam
1365 753 1481 816 nostro
1500 745 1603 818 etiam

195 868 431 958 continentur,
451 867 496 940 de
510 867 696 962 imperialis
713 869 938 964 preminentie
956 869 1065 962 gratia
1084 867 1339 958 confirmantes,
1359 868 1455 940 salva
1477 867 1512 938 in
1529 889 1603 940 om·

195 991 300 1063 nibus
317 1000 353 1064 et
369 1011 430 1086 per
447 991 561 1064 omnia
578 991 749 1087 imperiali
768 993 919 1084 justicia.
941 991 1128 1065 statuimus
1148 991 1254 1086 igitur
1266 1001 1300 1062 et
1318 991 1485 1086 imperiali
1505 1013 1604 1065 sanc·

194 1115 300 1187 timus
316 1114 431 1188 edicto
453 1117 600 1190 utnulla
617 1138 763 1211 persona
781 1119 850 1190 alta
864 1117 919 1189 rel
936 1116 1093 1207 humilis,
1110 1114 1340 1188 ecclesiastica
1353 1116 1410 1186 vel
1421 1115 1601 1206 secularis,

195 1246 423 1312 memoratum
441 1239 667 1313 flambertum
689 1239 920 1314 venerabilem
943 1239 1102 1311 Diensem
1124 1237 1324 1333 episcopum
1347 1238 1404 1310 vel
1426 1237 1604 1312 ecclesiam

193 1383 294 1434 suam
319 1372 381 1434 ant
399 1383 613 1436 successores
636 1363 791 1456 ejusdem
815 1374 932 1436 contro
950 1361 1119 1458 presentis
1139 1361 1311 1456 privilegii
1329 1361 1435 1434 nostri
1453 1370 1605 1435 tenorem

193 1505 281 1556 aosn
308 1484 489 1558 temerario
513 1485 705 1580 inquietare
722 1488 779 1561 vel
801 1488 981 1560 molestare
1003 1495 1190 1581 presumat.
1212 1485 1317 1570 Quod
1341 1485 1401 1579 qni
1425 1507 1606 1580 presump-

193 1611 275 1684 serit
294 1619 433 1682 centnm
453 1611 557 1684 libras
578 1612 654 1682 anri
670 1612 844 1706 purissimi
862 1633 924 1706 pro
944 1633 1033 1706 pena
1055 1619 1253 1705 componat,
1280 1607 1461 1682 medietate
1477 1611 1607 1683 scilicet

193 1753 329 1804 camere
347 1743 462 1806 nostre
477 1743 512 1806 et
527 1734 659 1828 reliqna
681 1734 863 1807 medietate
881 1735 990 1828 passis
1010 1733 1170 1826 injuriam
1187 1732 1404 1828 applicanda.
1424 1734 1467 1806 Ut
1490 1743 1606 1806 antem

193 1855 259 1928 hec
284 1867 400 1929 nostra
423 1856 599 1929 innovatio
625 1868 660 1930 et
681 1858 895 1934 confirmatio
922 1858 1028 1929 robur
1048 1841 1200 1951 optineat
1227 1866 1391 1951 perpetue
1415 1855 1603 1949 firmitatis,

198 2001 340 2074 presens
357 1979 574 2074 privilegium
590 1979 662 2053 Seri
678 1989 712 2053 et
726 1981 822 2054 bulla
841 2001 948 2053 aurea
970 1980 1093 2075 tipario
1110 1989 1225 2052 nostre
1240 1979 1427 2072 majestatis
1440 1979 1607 2076 impressa

194 2103 362 2194 jussimus
375 2105 594 2177 communiri.

245 2228 357 2320 Hujus
372 2229 423 2302 rei
448 2236 551 2302 testes
571 2237 652 2300 sunt
673 2228 831 2302 Sillridns
856 2228 1078 2322 Magantinus
1100 2226 1400 2324 archiepiscopus,
1425 2227 1608 2302 Bertuldus

198 2351 390 2446 patriarcha
402 2350 664 2448 Aquilegensis,
680 2355 897 2426 Hermannus
920 2351 1243 2448 Herbipolensis,...
1263 2350 1605 2450 Wormatiensis(a),

197 2474 236 2547 ll.
256 2475 470 2549 Patavtensis
490 2477 663 2572 episcopi,
681 2477 856 2550 lohannes
877 2477 1086 2550 Arelatensis
1107 2475 1405 2572 archiepiscopus,
1424 2475 1465 2548 G.
1482 2477 1608 2549 Valen-

197 2597 338 2670 tinensis
353 2599 500 2691 electus,
523 2601 565 2672 lt.
591 2600 784 2696 Papiensis,
803 2601 845 2674 G.
872 2601 1039 2674 Lunensis
1061 2600 1232 2694 episcopi,
1249 2599 1295 2674 B:
1317 2599 1393 2672 dux
1408 2599 1604 2691 Kariathic,

198 2721 366 2794 llcnricus
380 2743 494 2796 comes
513 2723 693 2814 Ascharie,
714 2725 755 2796 ll.
773 2745 889 2798 comes
903 2725 1095 2814 Provincia,
1113 2725 1152 2794 Β.
1172 2723 1324 2796 marchio
1345 2723 1605 2814 llontislerrati,

197 2843 396 2919 llanlredns
417 2847 568 2920 marchio
584 2848 712 2936 unna,
729 2868 844 2920 comes
861 2847 1061 2921 Gevcardus
1079 2845 1124 2920 de
1146 2848 1347 2920 llarnestein
1367 2847 1455 2920 sacri
1473 2847 1608 2942 imperii

197 2967 232 3040 in
244 2969 341 3042 ltalia
354 2970 504 3064 legatos,
519 2979 554 3044 et
564 2971 620 3043 alii
632 2972 867 3066 quamplures.

244 3093 389 3187 Signum
413 3091 545 3167 domini
568 3095 673 3168 nostri
693 3093 862 3168 Frsderici
886 3093 1051 3185 secundi,
1081 3093 1142 3166 Dei
1167 3091 1278 3188 gratia
1297 3091 1513 3164 invictissimi
1539 3095 1607 3166 llo·

198 3235 376 3288 manorum
394 3217 606 3312 imperatoria
617 3237 754 3313 semper
769 3218 926 3313 angusti,
944 3217 1154 3291 iherusalem
1168 3227 1202 3290 et
1215 3216 1330 3289 Sicilie
1346 3216 1450 3310 regis.

243 3342 331 3412 Acta
355 3350 437 3412 sunt
458 3341 523 3413 hec
546 3363 639 3414 anno
663 3341 833 3414 dominice
853 3341 1096 3414 incarnationis
1117 3341 1164 3413 ld·
1180 3341 1244 3412 CC'
1258 3340 1368 3411 XXX·
1380 3340 1473 3430 Vlll,
1489 3361 1608 3414 mense

199 3463 413 3557 septembris,
434 3465 496 3536 Xll
513 3464 727 3556 indictionis,
753 3465 942 3560 imperante
960 3465 1102 3539 dominc
1125 3462 1433 3538 nostroFrederioo
1454 3464 1607 3540 secundo

199 3585 257 3657 Dei
279 3586 390 3678 gratia
415 3587 640 3662 invictissimo
662 3589 892 3662 Romanorum
917 3589 1121 3684 imperatore
1140 3608 1275 3683 semper
1298 3597 1463 3681 angusto,
1483 3587 1607 3660 lhern-

199 3709 300 3782 salem
318 3718 353 3782 et
368 3710 483 3783 Sicilie
496 3732 591 3806 rege,
608 3713 743 3808 imperii
755 3715 831 3805 ejus
845 3733 937 3785 anno
954 3712 1088 3802 XVlll·,
1100 3711 1198 3804 regni
1216 3711 1485 3784 lernsalemitani
1501 3712 1603 3802 Xlll⁹,

199 3833 292 3926 regni
307 3855 392 3906 roro
409 3835 524 3908 Sicilie
541 3837 640 3925 xlc,
661 3837 815 3909 feliciter.
835 3835 957 3908 Amen.

244 3957 367 4028 Datum
385 3958 422 4029 in
439 3959 559 4032 castris
575 3960 610 4030 in
628 3959 808 4032 obsidione
825 3960 960 4050 Brixie,
980 3979 1089 4049 anno,
1113 3979 1230 4032 mense
1247 3967 1282 4032 et
1299 3958 1488 4032 indictione
1511 3980 1605 4056 pres·

207 4078 336 4174 criptis.

240 4291 279 4372 (a)
299 4295 336 4356 In
349 4295 449 4358 codtoa
468 4295 515 4359 W.
533 4295 733 4362 oasam
