4350 5922
245 624 424 702 lamet-10]
695 621 892 685 Htsronta
917 621 1209 684 DIPLOMATiCA.
1614 623 1655 686 65
1709 617 1717 634 “

245 759 423 832 Heinricns
441 756 487 832 de
503 755 655 846 Pronus,
676 757 844 832 Irniridns
859 755 911 854 (c)
932 757 978 831 de
998 759 1202 854 Hintperch,
1223 757 1417 832 Hadmarus
1434 761 1481 836 de
1496 763 1656 836 Snnnen·

245 884 339 974 berg,
354 891 390 955 et
407 881 466 955 alii
483 881 717 976 quamplures.

290 1006 434 1101 Signum
453 1004 586 1078 domini
601 1005 709 1077 nostri
723 1004 887 1078 Friderici
906 1003 1069 1096 secundi,
1093 1006 1154 1078 Dei
1172 1007 1282 1101 gratio
1299 1007 1513 1082 invictissimi
1532 1011 1655 1084 Roma·

248 1151 365 1205 norum
380 1129 595 1225 imperatoris
608 1150 743 1224 semper
757 1129 910 1224 augusti,
928 1129 1115 1202 Jerusalem
1130 1145 1165 1202 et
1179 1130 1292 1202 Sicilie
1306 1131 1408 1225 regis.

290 1254 374 1326 Acta
389 1263 472 1325 sunt
484 1252 550 1326 hcc
568 1273 660 1326 anno
674 1252 848 1326 dominice
863 1252 1111 1326 incarnationis
1130 1253 1310 1328 millesimo
1331 1253 1570 1329 ducentesimo
1591 1256 1655 1328 tri·

250 1377 369 1450 oesimo
395 1375 559 1471 septimo,
588 1396 706 1449 mense
728 1375 866 1472 aprilis,
892 1373 1027 1448 decime
1053 1374 1274 1468 indictionis,
1299 1379 1490 1474 imperante
1513 1379 1656 1454 domino
1773 1429 1775 1434 -

251 1511 357 1574 nostro
384 1499 558 1574 Friderioc
587 1499 760 1592 secundo,
790 1499 852 1572 Dei
882 1499 991 1594 gratia
1022 1499 1252 1574 Romanorum
1286 1501 1491 1598 imperatore
1520 1525 1656 1600 semper

256 1633 419 1720 augusto,
439 1624 626 1698 Jerusalem
654 1633 689 1697 et
709 1623 824 1697 Sicilie
848 1643 949 1718 rege,
972 1623 1107 1719 imperii
1136 1625 1212 1716 ejus
1233 1646 1325 1698 anno
1353 1639 1476 1700 octavo
1501 1624 1652 1720 decimo,

254 1750 340 1844 regni
366 1750 555 1822 Jemsalcm
584 1748 811 1841 duodecimo,
837 1749 934 1845 regni
960 1769 1043 1823 vem
1072 1749 1188 1822 Sicilie
1216 1750 1386 1824 tricesimo
1412 1761 1551 1844 octavo,
1579 1751 1655 1826 ieli-

255 1874 339 1947 citer.
356 1873 484 1946 Amen.

294 2000 416 2072 Datum
430 1996 527 2093 apud
541 1995 711 2090 dossum,
727 2017 832 2090 anno,
848 2017 968 2072 mense
980 2005 1015 2070 ot
1030 1997 1221 2072 indictione
1236 1997 1444 2095 prescriptis.

457 2305 796 2318 -t—-Ou—-u—

300 2548 528 2657 fridericus,
562 2547 823 2632 Romanorum
858 2546 1080 2656 imperator,
1108 2544 1314 2656 Wolvingo
1341 2547 1390 2630 dc
1417 2546 1658 2659 Stubenberg
1828 2649 1837 2674 ·

229 2681 463 2804 ¹facultatem
481 2679 653 2765 concedit
669 2679 779 2764 uxori
797 2703 915 2788 quam
932 2679 1083 2763 durent
1099 2679 1228 2762 dotem
1246 2678 1400 2788 qualem
1418 2689 1457 2762 et
1473 2691 1658 2790 quantam
1736 2687 1749 2720 ¹
1804 2705 1812 2719 ·

259 2815 406 2900 voluerit
424 2839 541 2924 super
558 2811 817 2923 proprietariis
835 2811 918 2922 ejus
936 2811 1052 2894 rebus
1070 2811 1292 2920 deputandi.

325 3029 429 3104 (lidtd.
443 3027 612 3106 Horma,
627 3027 771 3108 Beytrcpc
784 3043 840 3088 scr
853 3025 969 3107 Mmop
981 3023 1034 3087 der
1046 3024 1225 3107 Preissrnpe,
1240 3034 1297 3088 ato.
1309 3023 1411 3109 [th
1427 3023 1527 3110 18191.
1539 3045 1608 3106 pars
1618 3029 1657 3104 1¹,

363 3153 395 3213 p.
413 3142 483 3215 15⁹,
498 3137 591 3210 note)

294 3319 508 3408 indanicos,
529 3319 591 3392 Dei
606 3315 717 3414 gratia
737 3318 971 3391 Romanorum
991 3318 1176 3412 imperator
1193 3337 1329 3412 semper
1349 3329 1538 3412 augustus,
1557 3321 1657 3392 Jeru-

254 3445 350 3519 salem
372 3455 408 3518 et
431 3443 545 3518 Sicilie
569 3465 645 3516 rex.
675 3444 808 3516 Tenem
824 3442 1034 3537 presentium
1054 3451 1177 3514 notum
1203 3444 1463 3516 essevolumus
1487 3443 1659 3517 universis

253 3570 379 3668 imperii
397 3568 560 3643 fidelibus
578 3577 648 3642 tam
666 3567 885 3663 presentibus
903 3588 1008 3661 quam
1026 3566 1150 3638 tuturis
1165 3564 1263 3660 quod
1281 3567 1491 3662 Woivingus
1512 3566 1557 3640 de
1578 3569 1659 3639 Stu-

252 3693 396 3769 benberc
422 3692 533 3768 fidelis
564 3701 681 3766 noster
711 3701 827 3766 nostre
851 3689 1049 3764 celsitudini
1075 3689 1283 3786 supplicavit
1309 3699 1347 3762 nt
1374 3691 1441 3762 sibi
1468 3692 1658 3765 concedere

253 3816 470 3912 dignaremur
506 3815 604 3911 quod
637 3815 739 3888 liceat
768 3814 837 3886 sibi
872 3835 978 3909 super
1009 3813 1114 3886 rebus
1146 3813 1381 3908 proprietariis
1414 3815 1516 3887 uxori
1552 3837 1657 3910 quam

252 3938 387 4014 duxerit
404 3938 520 4012 dotem
535 3939 675 4034 qualem
698 3947 734 4011 et
754 3946 920 4032 quantam
942 3936 1092 4010 voluerit
1107 3935 1287 4031 deputare.
1306 3937 1377 4010 Nos
1398 3937 1507 4031 igitur
1523 3940 1657 4036 snppli-

253 4065 397 4137 conones
426 4063 535 4158 ipsius
562 4061 799 4136 formabiliter
825 4059 1067 4150 admittentes,
1093 4061 1330 4133 concessimus
1357 4061 1390 4133 ei
1414 4070 1454 4132 nt
1483 4065 1529 4135 sit
1555 4064 1587 4136 ei
1612 4063 1659 4138 de

254 4197 360 4261 cetero
371 4187 521 4278 licitum,
539 4185 682 4281 quando
696 4207 844 4260 uxorem
861 4186 1014 4274 duxerit,
1029 4184 1205 4257 ascribere
1219 4193 1254 4257 et
1268 4183 1436 4280 deputare
1451 4185 1518 4259 sibi
1536 4209 1657 4282 quam·

254 4332 395 4407 cumque
422 4311 571 4384 voluerit
601 4309 716 4384 dotem
748 4331 853 4406 snper
886 4309 1121 4405 proprietariis
1150 4308 1254 4381 rebns
1276 4310 1361 4382 suis.
1392 4309 1448 4383 Ad
1477 4313 1576 4406 cnjus
1606 4313 1655 4384 roi

254 4435 445 4508 memoriam
468 4443 661 4529 presentem
684 4434 848 4530 paginam
867 4433 934 4506 sibi
962 4433 1133 4506 conscribi
1161 4433 1306 4505 fecimus
1331 4435 1519 4527 majestatis
1543 4445 1657 4510 nostre

253 4557 356 4652 sigillo
371 4560 552 4633 munitam.

290 4730 329 4813 (a)
349 4733 407 4812 Ap.
422 4733 549 4798 Ronmot
561 4731 734 4796 transactos.

324 4839 362 4902 V.
