4278 5920
482 585 541 648 108
976 585 1190 646 lllllDElthl
1215 583 1388 646 sacuam
1703 584 1781 670 [llum
1800 585 1883 648 1237.

478 744 610 802 rarum
637 717 754 828 hujus
779 716 957 800 eeclesiae
983 718 1160 824 desistat,
1189 718 1357 828 alioquin
1381 743 1667 827 percensuram
1684 719 1885 803 ecclesius-

478 851 593 936 ticam
611 850 739 959 ipsum
756 848 1060 959 compellendum
1078 849 1161 933 fore
1178 861 1321 934 monet.

560 1069 684 1150 (Inedit.
700 1086 738 1132 ex
750 1069 850 1150 πρίει.
867 1067 986 1150 mapa.
1002 1069 1053 1137 IX,
1067 1085 1139 1131 nnn.
1153 1069 1208 1146 x1,
1222 1079 1258 1132 u·
1274 1079 1343 1150 let,
1356 1087 1406 1148 ap.
1422 1070 1537 1133 collect.
1551 1071 1677 1150 Luporte
1689 1072 1731 1134 du
1744 1072 1852 1152 Tbell.)

528 1265 712 1360 Gregorius
729 1273 813 1354 eto,
836 1263 945 1336 nobili
962 1263 1038 1336 viro
1056 1263 1203 1336 Henrico
1220 1262 1265 1337 de
1284 1265 1442 1354 Revello,
1460 1267 1656 1339 senescalco
1669 1265 1835 1362 imperiali
1850 1266 1886 1338 in

436 1391 439 1396 ’
478 1389 670 1479 Provincia,
688 1387 847 1484 spiritum
860 1387 993 1459 consilii
1008 1386 1168 1459 sanioris.
1186 1389 1226 1459 ln
1244 1386 1311 1460 hoo
1325 1388 1502 1484 potissime
1516 1389 1613 1482 signa
1626 1399 1766 1484 paterne
1781 1388 1887 1462 dilec-

478 1513 580 1587 tionis
597 1513 825 1607 exprimimus
847 1509 943 1606 quod
963 1510 1105 1583 cuilibet
1122 1509 1269 1582 filiomm
1287 1511 1431 1586 ecclesie
1447 1510 1601 1586 devitare
1623 1510 1744 1585 divine
1757 1513 1887 1585 volun-

477 1636 539 1709 tati
551 1635 721 1709 contraria
738 1656 976 1728 suggeramus.
994 1635 1080 1707 Cum
1099 1634 1217 1728 igitur,
1231 1633 1324 1706 siout
1340 1635 1548 1730 accepimus,
1563 1645 1599 1706 tu
1617 1656 1687 1707 non
1703 1633 1887 1708 advertens

477 1758 573 1855 quod
599 1760 671 1832 Deo
695 1767 872 1854 reputatur
896 1757 1092 1829 exhibitum
1117 1756 1285 1852 quicquid
1312 1757 1416 1831 alicui
1444 1779 1586 1830 snorum
1615 1759 1791 1852 contingat
1815 1757 1887 1831 fieri

477 1882 730 1973 ministrorum,
752 1879 983 1953 venerabilem
1001 1879 1137 1952 tratrem
1161 1889 1315 1952 nostrum
1333 1880 1631 1976 archiepiscopum
1656 1879 1887 1954 Amlatensem
1953 1931 1954 1934 =

477 2017 512 2082 et
529 2005 709 2080 ecclesium
732 2025 831 2076 suam
849 2023 891 2075 ac
909 2011 1016 2074 terras
1031 2001 1186 2093 ejusdem
1205 2023 1286 2074 cum
1332 2004 1518 2078 uibuedam
1535 2005 1611 2077 aliis
1629 2002 1751 2076 divino
1767 2005 1887 2078 timore

478 2129 673 2203 carentibus
688 2126 838 2222 graviter
862 2125 1101 2220 persequaris,
1123 2125 1335 2198 nobilitatem
1355 2135 1450 2199 tuam
1469 2149 1632 2222 rogamus
1655 2137 1690 2200 et
1715 2126 1888 2200 hortamur

477 2264 582 2348 atque
597 2249 804 2323 mandamus
816 2259 987 2344 quatenus
1004 2269 1026 2321 a
1041 2247 1272 2344 predictorum
1286 2249 1535 2346 archiepiscopi
1553 2259 1587 2324 et
1602 2251 1747 2324 ecclesie
1764 2273 1805 2324 ac
1820 2260 1887 2324 ter·

477 2397 594 2447 rarum
619 2374 775 2446 omnium
804 2393 942 2468 pmrsus
969 2371 1204 2444 molestatione
1231 2369 1417 2466 desistens,
1444 2374 1534 2446 sicut
1559 2373 1716 2447 divinam
1744 2375 1887 2468 gratiam

477 2499 614 2590 diligis,
638 2499 674 2570 in
692 2499 787 2571 nullo
808 2518 985 2592 presumas
1004 2495 1180 2569 offendere
1203 2504 1330 2569 statum
1347 2497 1575 2572 ecclesiastice
1589 2499 1768 2572 libertatis.
1789 2498 1914 2572 Alio··

477 2623 564 2718 quin
580 2621 769 2696 venerabili
784 2622 877 2696 tratri
891 2631 1007 2694 nostro
1021 2621 1182 2717 episcopo
1197 2622 1423 2695 Nemausensi
1443 2623 1565 2696 nostris
1578 2623 1703 2696 damus
1715 2623 1833 2696 litteris
1851 2623 1887 2694 iu

478 2745 651 2818 mandatis
673 2753 713 2816 ut
741 2755 775 2818 te
799 2743 845 2818 ad
874 2744 911 2818 id
934 2745 1122 2818 monitione
1144 2746 1312 2840 premissa
1335 2767 1396 2842 per
1423 2767 1603 2821 censuram
1625 2748 1889 2820 eeclesiasticam

478 2869 706 2965 appellatione
718 2877 849 2942 remota
862 2869 982 2963 previa
997 2870 1129 2942 ratione
1140 2869 1335 2964 compellat.

527 2995 651 3066 Datum
665 2991 827 3082 Viterbii,
844 3001 943 3065 sexto
963 2991 1043 3066 idus
1057 2993 1213 3086 angusti,
1230 3014 1323 3066 anno
1339 2993 1401 3066 Xl.

693 3297 822 3312 ..ψ
832 3299 1674 3314 -n-ffl-v—--n-——a--a-——n—-to———u—

531 3587 658 3683 Mense
678 3595 850 3707 augusti,
878 3593 1126 3678 demandato
1155 3593 1393 3704 imperatoris
1415 3595 1463 3704 dc
1490 3591 1647 3678 Luceria
1675 3593 1778 3703 opud
1803 3592 1888 3678 Ra·

477 3757 642 3816 vennam
668 3731 815 3814 vadunt
845 3729 977 3812 decom
1003 3725 1124 3810 millia
1154 3727 1450 3812 Sarracenorum
1477 3728 1517 3809 in
1545 3725 1759 3811 subsidium
1786 3725 1887 3836 ejus,

477 3890 566 3948 cum
584 3863 772 3947 civitatem
794 3861 918 3970 ipsam
942 3859 983 3941 in
1009 3859 1142 3944 odium
1159 3859 1398 3970 imperatoris
1418 3859 1528 3970 cujus
1549 3870 1696 3969 partem
1718 3857 1885 3964 fovebat,

338 4023 342 4034 ·
401 4071 403 4076 .
477 3997 672 4082 Ferentini
689 3996 757 4107 qui
775 4006 883 4078 erant
899 4019 946 4077 ex
966 4003 1073 4102 purte
1095 3993 1434 4080 Mediolanensium
1459 3993 1623 4104 graviter
1645 3991 1886 4096 infestarent,

476 4130 527 4214 ad
553 4128 663 4240 cujus
686 4127 800 4211 etiam
827 4127 1024 4212 defensam
1052 4136 1260 4210 accesserat
1284 4126 1416 4210 Simon
1447 4151 1575 4210 comes
1605 4123 1810 4208 Theatinus
1840 4122 1889 4206 de

475 4263 658 4348 mandato
684 4259 871 4370 imperiali
902 4283 991 4343 cum
1020 4259 1239 4370 quingentis
1268 4259 1468 4343 militibus.
1500 4257 1600 4342 llrcc.
1630 4283 1676 4338 ua
1708 4257 1749 4342 S.
1781 4256 1887 4340 Gun-

476 4423 596 4502 ulno,
614 4392 838 4492 euronium,
867 4392 917 4476 ad
940 4417 1031 4474 ann.
1060 4393 1179 4498 1257,
1204 4416 1266 4501 ap.
1287 4391 1493 4499 Musarum,
1523 4389 1728 4500 Scriptum,
1749 4397 1779 4471 t.
1799 4385 1886 4494 vll,

474 4559 515 4642 p.
540 4527 781 4612 mesmes.
