4226 5900
489 621 549 684 478
984 619 1199 681 rltlbnltlcl
1226 619 1401 682 SECUNDI
1714 616 1794 700 [An.
1811 617 1898 680 1239.

488 755 684 830 Bernardus
701 753 747 828 de
761 754 848 850 Lyes
864 750 914 848 (a)
932 763 1136 828 mercatores
1151 755 1382 830 Provinciales
1399 751 1632 826 vendiderunt
1650 759 1685 822 et
1701 752 1901 847 assignave-

487 890 570 954 runt
583 881 619 952 in
635 901 772 954 camera
788 888 904 955 nostm
916 901 1023 952 unam
1041 901 1204 974 magnam
1222 881 1400 954 scutellam
1415 878 1461 952 de
1473 875 1611 950 onicbio
1626 885 1662 950 et
1677 877 1763 950 alius
1780 878 1899 972 plures

485 1005 621 1101 johpas¹
642 1003 688 1078 de
702 1027 850 1098 quarum
864 1003 1064 1077 venditione
1079 1004 1208 1078 habere
1225 1004 1422 1078 debuerunt
1435 1023 1457 1076 a
1472 1002 1570 1076 ouria
1584 1010 1700 1074 nostra
1712 1001 1750 1072 in
1762 1023 1899 1075 summa

488 1128 608 1201 uncias
623 1127 716 1200 mille
731 1126 919 1200 ducentum
935 1135 970 1200 et
987 1128 1154 1222 trigenta,
1173 1128 1219 1204 ad
1237 1128 1396 1224 generale
1411 1124 1550 1222 pondus
1569 1125 1686 1220 regni,
1705 1125 1753 1197 de
1770 1125 1900 1219 quibus

488 1250 618 1341 unciis,
637 1250 876 1344 quincentum
896 1251 1112 1324 unciasauri
1132 1251 1178 1326 de
1199 1261 1314 1326 nostra
1338 1272 1472 1324 comem
1498 1257 1719 1344 receperunt,
1746 1247 1792 1321 de
1822 1249 1900 1322 reli·

487 1375 566 1468 quis
593 1373 686 1446 mille
704 1383 842 1447 eentum
860 1374 1008 1468 trigenta
1033 1376 1144 1447 unciis
1167 1376 1389 1471 promisimus
1408 1375 1459 1448 eis
1476 1383 1511 1446 et
1529 1373 1754 1446 convenimus
1773 1383 1813 1445 nt
1827 1372 1900 1446 An-

487 1497 586 1592 gelus
611 1496 778 1570 Frisarius
805 1497 967 1592 magister
993 1499 1198 1592 portulnnus
1224 1499 1340 1572 Sicilie
1362 1499 1447 1571 citra
1471 1497 1601 1570 ilumen
1625 1497 1761 1568 Salsum
1787 1495 1901 1570 fidelis

487 1630 602 1695 noster
619 1620 664 1693 de
678 1622 827 1717 pecunia
846 1622 1050 1696 victualium
1067 1621 1164 1696 curie
1181 1633 1297 1696 nostre
1311 1643 1381 1718 que
1399 1631 1451 1695 est
1467 1643 1528 1716 per
1541 1642 1665 1694 manus
1680 1643 1763 1694 suas
1776 1619 1900 1694 debeat

486 1747 660 1840 quietar03
684 1747 765 1818 etsi
783 1746 828 1820 de
845 1747 994 1842 pecunia
1013 1748 1089 1842 ipsu
1106 1747 1162 1820 vel
1177 1747 1222 1820 de
1238 1756 1336 1842 parte
1352 1748 1429 1838 ejus
1445 1746 1564 1840 aliqua
1582 1745 1754 1818 voluerint
1769 1745 1815 1819 de
1828 1749 1899 1819 irn-

486 1879 602 1942 mento
617 1870 714 1942 curie
724 1881 841 1942 nostre
855 1871 1019 1966 recipere,
1034 1871 1128 1944 idem
1140 1870 1296 1966 Angelus
1312 1871 1359 1944 de
1372 1869 1581 1944 victualibus
1595 1870 1690 1942 curie
1704 1879 1820 1944 nosue
1831 1893 1900 1966 que

485 1992 591 2066 babet
609 1995 761 2086 assignet
776 1993 909 2068 eisdem
930 1994 977 2067 ad
998 1996 1092 2068 illam
1106 1997 1272 2069 rationem
1286 2017 1357 2090 qua
1374 1994 1624 2068 mercatoribus
1641 1994 1719 2067 aliis
1736 1995 1899 2068 victualia

486 2117 582 2189 curie
609 2126 724 2190 nostre
751 2117 953 2190 venduntur
982 2141 1043 2213 per
1064 2141 1160 2192 eum.
1181 2119 1238 2192 Ad
1265 2119 1366 2211 cujus
1395 2120 1446 2192 rei
1471 2119 1673 2191 memoriam
1697 2127 1733 2190 et
1758 2117 1897 2213 predic·

485 2249 597 2312 torum
617 2249 844 2314 mercatorum
863 2243 1050 2335 cautelam,
1073 2253 1250 2338 presentes
1274 2243 1410 2316 licteras
1433 2241 1508 2316 lieri
1525 2251 1560 2316 et
1581 2243 1693 2338 sigillo
1713 2245 1898 2336 majestatis

485 2372 601 2438 nostre
614 2365 783 2457 jussimus
798 2366 1018 2438 communiri.
1162 2423 1172 2454 ,

535 2491 661 2560 Datum
688 2489 725 2561 in
750 2489 870 2562 castris
891 2499 972 2564 ante
995 2499 1136 2586 pontem
1160 2489 1349 2578 Placentie,
1375 2489 1420 2562 IV
1443 2489 1661 2582 novembris,
1685 2491 1763 2564 Xlll
1784 2489 1898 2564 indic-

486 2613 601 2685 tionis.

534 2739 617 2808 item
632 2739 791 2832 scripsit:

534 2859 752 2954 Fredericus,
781 2871 864 2954 eto,
888 2860 1021 2954 Angelo
1048 2860 1212 2954 Frisario,
1244 2871 1310 2935 etc.
1337 2862 1464 2934 Notum
1490 2862 1636 2933 facimus
1659 2859 1817 2934 fidelitati
1844 2871 1900 2934 tne

486 2983 582 3080 quod
610 2983 801 3058 Gusbertus
826 2985 874 3058 de
899 2987 1036 3058 Turano
1064 2993 1099 3058 et
1122 2969 1320 3058 Bernardus
1349 2984 1394 3058 de
1419 2987 1508 3082 Lyes
1531 2993 1736 3058 mercatores
1759 2985 1899 3058 Provin-

488 3109 593 3182 ciales
606 3131 667 3204 pro
686 3131 756 3181 una
775 3131 901 3203 magna
918 3109 1062 3182 scutella
1075 3107 1121 3183 de
1141 3109 1279 3182 onichio
1300 3119 1334 3182 et
1355 3110 1431 3182 aliis
1442 3109 1547 3205 jobys
1563 3131 1652 3204 quas
1669 3107 1900 3184 vendiderunt

488 3231 588 3306 nobis
603 3242 637 3306 et
657 3233 922 3328 assignaverunt
941 3233 978 3304 in
994 3255 1131 3306 camera
1147 3243 1283 3324 nostra,
1304 3233 1501 3308 debuerunt
1521 3233 1651 3306 babere
1671 3235 1793 3307 uncias
1808 3235 1900 3308 mille

488 3354 678 3430 ducentum
703 3366 738 3430 et
753 3357 964 3451 trigenta'ad
979 3357 1138 3452 generale
1155 3358 1294 3454 pondus
1309 3359 1423 3452 regni,
1449 3356 1639 3452 dequibus
1660 3357 1744 3452 quia
1763 3366 1899 3430 eentum

489 3479 609 3552 uncias
626 3481 702 3554 anri
721 3479 767 3554 de
786 3491 903 3554 nostra
918 3502 1053 3554 camera
1068 3491 1285 3577 receperunt,
1307 3481 1392 3554 alias
1411 3481 1504 3554 mille
1519 3489 1657 3554 uentum
1674 3481 1823 3575 trigenta
1836 3503 1899 3553 un·

490 3603 561 3677 cias
575 3603 737 3676 volumus
755 3604 800 3679 de
816 3606 964 3700 pecunia
981 3605 1185 3678 victualium
1201 3605 1296 3678 curie
1315 3613 1511 3699 nostreque
1524 3613 1578 3677 est
1595 3625 1655 3698 per
1669 3625 1792 3676 manns
1808 3613 1896 3694 tuus,

490 3728 577 3799 solvi
597 3727 749 3821 eisdem;
777 3727 931 3802 fidelitati
951 3739 1010 3801 tue
1029 3727 1254 3825 precipiendo
1275 3725 1482 3802 mandamus
1500 3741 1671 3822 melenus
1686 3727 1732 3800 de
1753 3727 1898 3822 pecunia

490 3852 694 3930 victualium
710 3853 807 3927 curie
822 3862 1021 3949 nostreque
1043 3863 1095 3927 est
1117 3876 1180 3950 per
1199 3877 1326 3928 manus
1350 3863 1444 3942 tuas,
1466 3851 1630 3948 predictis
1654 3851 1898 3924 mercatoribus

490 3976 611 4049 uncias
640 3977 735 4050 mille
758 3987 898 4051 centum
921 3987 956 4050 et
976 3979 1125 4072 trigenta
1149 3977 1195 4052 ad
1223 3978 1382 4072 generum
1404 3976 1541 4074 pondus
1555 3976 1655 4070 regni
1675 3976 1850 4070 assignes,
1865 3985 1898 4046 et

489 4101 520 4172 si
538 4100 583 4174 de
599 4099 753 4196 predicta
779 4103 971 4197 quantitate
986 4103 1133 4199 pecunie
1152 4103 1211 4176 vel
1229 4101 1274 4176 de
1289 4113 1387 4199 parte
1406 4102 1513 4197 ipsius
1529 4100 1645 4196 alique
1665 4099 1837 4174 voluerint
1855 4097 1899 4170 de

490 4223 661 4297 frumento
683 4225 779 4297 curie
794 4235 909 4300 nostre
932 4225 1097 4322 recipere,
1116 4235 1154 4298 tu
1171 4229 1223 4300 eis
1244 4227 1289 4300 de
1306 4229 1477 4300 frumento
1500 4226 1595 4298 curie
1615 4235 1730 4298 nostre
1747 4223 1899 4313 assignes

491 4345 537 4418 ad
563 4347 657 4420 illam
680 4334 849 4424 rationem
876 4374 947 4448 qua
971 4351 1218 4426 mercatoribus
1243 4351 1319 4425 nbis
1344 4349 1510 4424 victualia
1532 4350 1628 4422 curie
1650 4357 1763 4422 nostre
1782 4367 1843 4444 per
1867 4355 1899 4416 te

490 4469 705 4546 venduntur.
728 4475 780 4550 De
803 4475 973 4550 solutione
995 4485 1111 4550 autem
1130 4477 1205 4572 ipsa
1223 4475 1296 4549 lieri
1322 4477 1429 4550 facias
1455 4483 1651 4570 competens
1674 4474 1838 4570 seriptum
1854 4467 1898 4542 ad

490 4599 659 4671 cautelam
678 4601 775 4674 curie
791 4611 919 4695 nostro,
940 4610 975 4674 et
992 4602 1128 4676 lieteras
1149 4611 1286 4678 nostras
1305 4609 1460 4698 patentes
1476 4621 1564 4696 quus
1586 4599 1672 4696 ipsis
1687 4598 1733 4672 de
1752 4595 1897 4694 pecunia

532 4735 574 4818 (a)
595 4739 632 4801 ιιι
645 4741 747 4804 ono
759 4743 911 4822 rumpas
927 4743 1009 4823 raa.
