<?xml version="1.0" encoding="UTF-8"?>
<!DOCTYPE html PUBLIC "-//W3C//DTD XHTML 1.0 Transitional//EN"
    "http://www.w3.org/TR/xhtml1/DTD/xhtml1-transitional.dtd">
<html xmlns="http://www.w3.org/1999/xhtml" xml:lang="en" lang="en">
 <head>
  <title>
</title>
<meta http-equiv="Content-Type" content="text/html;charset=utf-8" />
  <meta name='ocr-system' content='tesseract 3.04.00' />
  <meta name='ocr-capabilities' content='ocr_page ocr_carea ocr_par ocr_line ocrx_word'/>
</head>
<body>
  <div class='ocr_page' id='page_1' title='image "./historiadiploma02fredgoog_0111.png"; bbox 0 0 4278 5920; ppageno 0'>
   <div class='ocr_carea' id='block_1_1' title="bbox 491 576 1932 678">
    <p class='ocr_par' dir='ltr' id='par_1_1' title="bbox 491 576 1932 678">
     <span class='ocr_line' id='line_1_1' title="bbox 491 576 1932 678; baseline 0.015 -40"><span class='ocrx_word' id='word_1_1' title='bbox 491 576 532 638; x_wconf 87' lang='grc'>98</span> <span class='ocrx_word' id='word_1_2' title='bbox 993 585 1207 648; x_wconf 72' lang='lat' dir='ltr'>rulunnlcl</span> <span class='ocrx_word' id='word_1_3' title='bbox 1233 589 1409 654; x_wconf 75' lang='lat' dir='ltr'>suenum</span> <span class='ocrx_word' id='word_1_4' title='bbox 1716 593 1794 678; x_wconf 76' lang='lat' dir='ltr'>[Anu.</span> <span class='ocrx_word' id='word_1_5' title='bbox 1810 597 1898 658; x_wconf 67' lang='lat'>1257.</span> <span class='ocrx_word' id='word_1_6' title='bbox 1931 669 1932 672; x_wconf 8' lang='grc' dir='ltr'><strong>Ἴ</strong></span> 
     </span>
    </p>
   </div>
   <div class='ocr_carea' id='block_1_2' title="bbox 481 715 1900 2788">
    <p class='ocr_par' dir='ltr' id='par_1_2' title="bbox 488 715 1900 1300">
     <span class='ocr_line' id='line_1_2' title="bbox 490 715 1900 827; baseline 0.018 -47"><span class='ocrx_word' id='word_1_7' title='bbox 490 715 658 807; x_wconf 83' lang='lat' dir='ltr'>presentis</span> <span class='ocrx_word' id='word_1_8' title='bbox 673 715 940 790; x_wconf 87' lang='lat' dir='ltr'>confirmationis</span> <span class='ocrx_word' id='word_1_9' title='bbox 959 729 1075 792; x_wconf 89' lang='lat' dir='ltr'>nostre</span> <span class='ocrx_word' id='word_1_10' title='bbox 1098 730 1249 796; x_wconf 90' lang='lat' dir='ltr'>tenorem</span> <span class='ocrx_word' id='word_1_11' title='bbox 1270 727 1389 800; x_wconf 85' lang='lat' dir='ltr'>venire</span> <span class='ocrx_word' id='word_1_12' title='bbox 1408 738 1591 823; x_wconf 77' lang='lat' dir='ltr'><strong>presumat.</strong></span> <span class='ocrx_word' id='word_1_13' title='bbox 1612 728 1714 814; x_wconf 85' lang='lat' dir='ltr'>Quod</span> <span class='ocrx_word' id='word_1_14' title='bbox 1737 733 1798 825; x_wconf 89' lang='lat' dir='ltr'>qui</span> <span class='ocrx_word' id='word_1_15' title='bbox 1821 753 1900 827; x_wconf 91' lang='lat' dir='ltr'>pre-</span> 
     </span>
     <span class='ocr_line' id='line_1_3' title="bbox 489 837 1898 948; baseline 0.017 -42"><span class='ocrx_word' id='word_1_16' title='bbox 489 837 674 931; x_wconf 77' lang='lat' dir='ltr'><strong>sumpserit</strong></span> <span class='ocrx_word' id='word_1_17' title='bbox 697 839 925 930; x_wconf 79' lang='lat' dir='ltr'>indignationi</span> <span class='ocrx_word' id='word_1_18' title='bbox 948 853 1063 916; x_wconf 89' lang='lat' dir='ltr'>nostrc</span> <span class='ocrx_word' id='word_1_19' title='bbox 1081 847 1204 939; x_wconf 87' lang='lat' dir='ltr'>poterit</span> <span class='ocrx_word' id='word_1_20' title='bbox 1223 849 1413 940; x_wconf 78' lang='lat' dir='ltr'>subJacere.</span> <span class='ocrx_word' id='word_1_21' title='bbox 1433 850 1489 924; x_wconf 87' lang='lat' dir='ltr'>Ad</span> <span class='ocrx_word' id='word_1_22' title='bbox 1508 851 1613 944; x_wconf 87' lang='lat' dir='ltr'>hujus</span> <span class='ocrx_word' id='word_1_23' title='bbox 1633 854 1749 948; x_wconf 85' lang='lat' dir='ltr'>itaque</span> <span class='ocrx_word' id='word_1_24' title='bbox 1771 855 1898 930; x_wconf 89' lang='lat' dir='ltr'>conlir-</span> 
     </span>
     <span class='ocr_line' id='line_1_4' title="bbox 489 959 1897 1074; baseline 0.016 -45"><span class='ocrx_word' id='word_1_25' title='bbox 489 959 648 1032; x_wconf 83' lang='lat' dir='ltr'>motionis</span> <span class='ocrx_word' id='word_1_26' title='bbox 658 972 773 1036; x_wconf 87' lang='lat' dir='ltr'>nostre</span> <span class='ocrx_word' id='word_1_27' title='bbox 781 965 979 1037; x_wconf 88' lang='lat' dir='ltr'>memoriam</span> <span class='ocrx_word' id='word_1_28' title='bbox 990 975 1025 1037; x_wconf 91' lang='lat' dir='ltr'>et</span> <span class='ocrx_word' id='word_1_29' title='bbox 1037 967 1237 1042; x_wconf 87' lang='lat' dir='ltr'>inviolabile</span> <span class='ocrx_word' id='word_1_30' title='bbox 1249 970 1517 1067; x_wconf 86' lang='lat' dir='ltr'>firmamentum,</span> <span class='ocrx_word' id='word_1_31' title='bbox 1529 996 1671 1070; x_wconf 85' lang='lat' dir='ltr'>presens</span> <span class='ocrx_word' id='word_1_32' title='bbox 1680 977 1897 1074; x_wconf 80' lang='lat' dir='ltr'>privilegium</span> 
     </span>
     <span class='ocr_line' id='line_1_5' title="bbox 488 1081 1900 1195; baseline 0.016 -42"><span class='ocrx_word' id='word_1_33' title='bbox 488 1081 560 1154; x_wconf 86' lang='lat' dir='ltr'>lieri</span> <span class='ocrx_word' id='word_1_34' title='bbox 589 1085 734 1158; x_wconf 80' lang='lat' dir='ltr'>fecimus</span> <span class='ocrx_word' id='word_1_35' title='bbox 751 1099 786 1160; x_wconf 89' lang='lat' dir='ltr'>et</span> <span class='ocrx_word' id='word_1_36' title='bbox 803 1110 909 1161; x_wconf 86' lang='lat' dir='ltr'>aurea</span> <span class='ocrx_word' id='word_1_37' title='bbox 932 1089 1025 1162; x_wconf 88' lang='lat' dir='ltr'>bulla</span> <span class='ocrx_word' id='word_1_38' title='bbox 1053 1091 1175 1187; x_wconf 89' lang='lat' dir='ltr'>tipario</span> <span class='ocrx_word' id='word_1_39' title='bbox 1197 1105 1312 1169; x_wconf 89' lang='lat' dir='ltr'>nostre</span> <span class='ocrx_word' id='word_1_40' title='bbox 1335 1097 1523 1190; x_wconf 84' lang='lat' dir='ltr'>majestatis</span> <span class='ocrx_word' id='word_1_41' title='bbox 1548 1099 1716 1195; x_wconf 83' lang='lat' dir='ltr'>impressa</span> <span class='ocrx_word' id='word_1_42' title='bbox 1734 1101 1900 1194; x_wconf 88' lang='lat' dir='ltr'>jussimus</span> 
     </span>
     <span class='ocr_line' id='line_1_6' title="bbox 488 1207 1269 1300; baseline 0.01 -22"><span class='ocrx_word' id='word_1_43' title='bbox 488 1207 660 1300; x_wconf 77' lang='lat' dir='ltr'>insigniri.</span> <span class='ocrx_word' id='word_1_44' title='bbox 1266 1225 1269 1230; x_wconf 85' lang='lat'>&#39;</span> 
     </span>
    </p>

    <p class='ocr_par' dir='ltr' id='par_1_3' title="bbox 484 1331 1899 2046">
     <span class='ocr_line' id='line_1_7' title="bbox 536 1331 1896 1441; baseline 0.011 -40"><span class='ocrx_word' id='word_1_45' title='bbox 536 1331 700 1424; x_wconf 88' lang='lat' dir='ltr'>Cujusrei</span> <span class='ocrx_word' id='word_1_46' title='bbox 713 1341 815 1407; x_wconf 70' lang='lat' dir='ltr'>meles</span> <span class='ocrx_word' id='word_1_47' title='bbox 828 1343 908 1407; x_wconf 84' lang='lat' dir='ltr'>sont</span> <span class='ocrx_word' id='word_1_48' title='bbox 921 1336 1078 1410; x_wconf 85' lang='lat' dir='ltr'>Siliridus</span> <span class='ocrx_word' id='word_1_49' title='bbox 1096 1341 1304 1416; x_wconf 85' lang='lat' dir='ltr'>venerabilia</span> <span class='ocrx_word' id='word_1_50' title='bbox 1319 1345 1543 1436; x_wconf 81' lang='lat' dir='ltr'>Moguntinus</span> <span class='ocrx_word' id='word_1_51' title='bbox 1556 1345 1896 1441; x_wconf 63' lang='lat' dir='ltr'>archiepiscopus...</span> 
     </span>
     <span class='ocr_line' id='line_1_8' title="bbox 485 1451 1899 1566; baseline 0.013 -39"><span class='ocrx_word' id='word_1_52' title='bbox 485 1457 741 1552; x_wconf 87' lang='lat' dir='ltr'>Herbipolensis</span> <span class='ocrx_word' id='word_1_53' title='bbox 767 1460 1013 1556; x_wconf 58' lang='lat' dir='ltr'>episcopus..</span> <span class='ocrx_word' id='word_1_54' title='bbox 1039 1515 1047 1534; x_wconf 92' lang='lat'><strong><em>.</em></strong></span> <span class='ocrx_word' id='word_1_55' title='bbox 1074 1451 1304 1560; x_wconf 75' lang='lat' dir='ltr'>augustensis</span> <span class='ocrx_word' id='word_1_56' title='bbox 1329 1471 1576 1564; x_wconf 84' lang='lat' dir='ltr'>epiecopus,..</span> <span class='ocrx_word' id='word_1_57' title='bbox 1603 1525 1612 1542; x_wconf 93' lang='lat'>.</span> <span class='ocrx_word' id='word_1_58' title='bbox 1639 1471 1899 1566; x_wconf 82' lang='lat' dir='ltr'>Bambergeusie</span> 
     </span>
     <span class='ocr_line' id='line_1_9' title="bbox 486 1580 1899 1682; baseline 0.011 -30"><span class='ocrx_word' id='word_1_59' title='bbox 486 1580 685 1676; x_wconf 87' lang='lat' dir='ltr'>episcopus,</span> <span class='ocrx_word' id='word_1_60' title='bbox 704 1584 806 1655; x_wconf 84' lang='lat' dir='ltr'>irater</span> <span class='ocrx_word' id='word_1_61' title='bbox 826 1585 1042 1659; x_wconf 84' lang='lat' dir='ltr'>Hermannns</span> <span class='ocrx_word' id='word_1_62' title='bbox 1064 1589 1227 1682; x_wconf 83' lang='lat' dir='ltr'>magister</span> <span class='ocrx_word' id='word_1_63' title='bbox 1249 1591 1375 1665; x_wconf 87' lang='lat' dir='ltr'>domus</span> <span class='ocrx_word' id='word_1_64' title='bbox 1398 1595 1521 1666; x_wconf 83' lang='lat' dir='ltr'>Sancta</span> <span class='ocrx_word' id='word_1_65' title='bbox 1544 1594 1651 1667; x_wconf 86' lang='lat' dir='ltr'>Maris</span> <span class='ocrx_word' id='word_1_66' title='bbox 1667 1595 1899 1668; x_wconf 86' lang='lat' dir='ltr'>Theutonico-</span> 
     </span>
     <span class='ocr_line' id='line_1_10' title="bbox 485 1706 1899 1812; baseline 0.012 -37"><span class='ocrx_word' id='word_1_67' title='bbox 485 1728 580 1794; x_wconf 89' lang='lat' dir='ltr'>rum,</span> <span class='ocrx_word' id='word_1_68' title='bbox 595 1707 698 1776; x_wconf 86' lang='lat' dir='ltr'>irater</span> <span class='ocrx_word' id='word_1_69' title='bbox 713 1706 917 1780; x_wconf 86' lang='lat' dir='ltr'>Bertholdus</span> <span class='ocrx_word' id='word_1_70' title='bbox 930 1709 976 1782; x_wconf 91' lang='lat' dir='ltr'>de</span> <span class='ocrx_word' id='word_1_71' title='bbox 992 1712 1169 1805; x_wconf 85' lang='lat' dir='ltr'>Tamuda,</span> <span class='ocrx_word' id='word_1_72' title='bbox 1184 1737 1299 1790; x_wconf 89' lang='lat' dir='ltr'>comcs</span> <span class='ocrx_word' id='word_1_73' title='bbox 1310 1717 1404 1812; x_wconf 88' lang='lat' dir='ltr'>Popo</span> <span class='ocrx_word' id='word_1_74' title='bbox 1419 1717 1464 1790; x_wconf 88' lang='lat' dir='ltr'>de</span> <span class='ocrx_word' id='word_1_75' title='bbox 1478 1719 1693 1806; x_wconf 73' lang='lat' dir='ltr'>decmbere,</span> <span class='ocrx_word' id='word_1_76' title='bbox 1710 1717 1899 1792; x_wconf 87' lang='lat' dir='ltr'>Gottlridns</span> 
     </span>
     <span class='ocr_line' id='line_1_11' title="bbox 485 1827 1897 1935; baseline 0.011 -37"><span class='ocrx_word' id='word_1_77' title='bbox 485 1827 530 1900; x_wconf 93' lang='lat' dir='ltr'>de</span> <span class='ocrx_word' id='word_1_78' title='bbox 557 1829 730 1922; x_wconf 86' lang='lat' dir='ltr'>Hohenlo,</span> <span class='ocrx_word' id='word_1_79' title='bbox 759 1831 983 1904; x_wconf 85' lang='lat' dir='ltr'>burccravius</span> <span class='ocrx_word' id='word_1_80' title='bbox 1011 1833 1057 1907; x_wconf 87' lang='lat' dir='ltr'>de</span> <span class='ocrx_word' id='word_1_81' title='bbox 1079 1836 1312 1935; x_wconf 84' lang='lat' dir='ltr'>Nuremberg,</span> <span class='ocrx_word' id='word_1_82' title='bbox 1335 1840 1500 1935; x_wconf 79' lang='lat' dir='ltr'>pincerna</span> <span class='ocrx_word' id='word_1_83' title='bbox 1515 1840 1560 1914; x_wconf 91' lang='lat' dir='ltr'>dc</span> <span class='ocrx_word' id='word_1_84' title='bbox 1579 1841 1837 1934; x_wconf 86' lang='lat' dir='ltr'>Wintersteten,</span> <span class='ocrx_word' id='word_1_85' title='bbox 1863 1851 1897 1915; x_wconf 91' lang='lat' dir='ltr'>et</span> 
     </span>
     <span class='ocr_line' id='line_1_12' title="bbox 484 1951 1010 2046; baseline 0.013 -26"><span class='ocrx_word' id='word_1_86' title='bbox 484 1951 601 2046; x_wconf 86' lang='lat' dir='ltr'>plures</span> <span class='ocrx_word' id='word_1_87' title='bbox 616 1951 674 2022; x_wconf 86' lang='lat' dir='ltr'>alii</span> <span class='ocrx_word' id='word_1_88' title='bbox 693 1953 755 2044; x_wconf 91' lang='lat' dir='ltr'>qui</span> <span class='ocrx_word' id='word_1_89' title='bbox 769 1953 1010 2028; x_wconf 82' lang='lat' dir='ltr'>iuterfuerunt.</span> 
     </span>
    </p>

    <p class='ocr_par' dir='ltr' id='par_1_4' title="bbox 481 2075 1897 2788">
     <span class='ocr_line' id='line_1_13' title="bbox 532 2075 1896 2161; baseline 0.01 -15"><span class='ocrx_word' id='word_1_90' title='bbox 532 2075 619 2148; x_wconf 79' lang='lat' dir='ltr'>Acta</span> <span class='ocrx_word' id='word_1_91' title='bbox 635 2085 716 2148; x_wconf 88' lang='lat' dir='ltr'>suut</span> <span class='ocrx_word' id='word_1_92' title='bbox 730 2075 794 2150; x_wconf 91' lang='lat' dir='ltr'>hec</span> <span class='ocrx_word' id='word_1_93' title='bbox 814 2099 905 2151; x_wconf 86' lang='lat' dir='ltr'>nuno</span> <span class='ocrx_word' id='word_1_94' title='bbox 925 2078 1097 2155; x_wconf 91' lang='lat' dir='ltr'>dominice</span> <span class='ocrx_word' id='word_1_95' title='bbox 1114 2084 1358 2160; x_wconf 79' lang='lat' dir='ltr'>incarnationis</span> <span class='ocrx_word' id='word_1_96' title='bbox 1376 2087 1558 2161; x_wconf 87' lang='lat' dir='ltr'>millesimo</span> <span class='ocrx_word' id='word_1_97' title='bbox 1581 2087 1818 2161; x_wconf 87' lang='lat' dir='ltr'>ducentesimo</span> <span class='ocrx_word' id='word_1_98' title='bbox 1835 2089 1896 2160; x_wconf 90' lang='lat' dir='ltr'>tri-</span> 
     </span>
     <span class='ocr_line' id='line_1_14' title="bbox 484 2200 1896 2307; baseline 0.008 -37"><span class='ocrx_word' id='word_1_99' title='bbox 484 2200 613 2271; x_wconf 88' lang='lat' dir='ltr'>cesima</span> <span class='ocrx_word' id='word_1_100' title='bbox 631 2201 795 2294; x_wconf 87' lang='lat' dir='ltr'>septimo,</span> <span class='ocrx_word' id='word_1_101' title='bbox 820 2224 938 2277; x_wconf 84' lang='lat' dir='ltr'>mense</span> <span class='ocrx_word' id='word_1_102' title='bbox 960 2216 1127 2298; x_wconf 80' lang='lat' dir='ltr'>augusto,</span> <span class='ocrx_word' id='word_1_103' title='bbox 1156 2208 1291 2283; x_wconf 91' lang='lat' dir='ltr'>decime</span> <span class='ocrx_word' id='word_1_104' title='bbox 1309 2211 1525 2304; x_wconf 82' lang='lat' dir='ltr'>indictionis,</span> <span class='ocrx_word' id='word_1_105' title='bbox 1546 2213 1736 2307; x_wconf 82' lang='lat' dir='ltr'>imperante</span> <span class='ocrx_word' id='word_1_106' title='bbox 1755 2210 1896 2283; x_wconf 91' lang='lat' dir='ltr'>domino</span> 
     </span>
     <span class='ocr_line' id='line_1_15' title="bbox 483 2323 1897 2432; baseline 0.009 -38"><span class='ocrx_word' id='word_1_107' title='bbox 483 2333 600 2396; x_wconf 86' lang='lat' dir='ltr'>nostro</span> <span class='ocrx_word' id='word_1_108' title='bbox 618 2323 789 2398; x_wconf 86' lang='lat' dir='ltr'>Friderioo</span> <span class='ocrx_word' id='word_1_109' title='bbox 803 2327 864 2398; x_wconf 89' lang='lat' dir='ltr'>Dei</span> <span class='ocrx_word' id='word_1_110' title='bbox 883 2329 994 2422; x_wconf 83' lang='lat' dir='ltr'>gretia</span> <span class='ocrx_word' id='word_1_111' title='bbox 1013 2329 1240 2406; x_wconf 87' lang='lat' dir='ltr'>invictissimo</span> <span class='ocrx_word' id='word_1_112' title='bbox 1261 2334 1493 2409; x_wconf 83' lang='lat' dir='ltr'>Romanorum</span> <span class='ocrx_word' id='word_1_113' title='bbox 1516 2335 1740 2432; x_wconf 85' lang='lat' dir='ltr'>imperatore,</span> <span class='ocrx_word' id='word_1_114' title='bbox 1762 2357 1897 2432; x_wconf 89' lang='lat' dir='ltr'>semper</span> 
     </span>
     <span class='ocr_line' id='line_1_16' title="bbox 482 2447 1897 2554; baseline 0.008 -34"><span class='ocrx_word' id='word_1_115' title='bbox 482 2458 651 2538; x_wconf 78' lang='lat' dir='ltr'>augusto,</span> <span class='ocrx_word' id='word_1_116' title='bbox 683 2447 998 2546; x_wconf 82' lang='lat' dir='ltr'>Hierosolymorum</span> <span class='ocrx_word' id='word_1_117' title='bbox 1027 2463 1062 2526; x_wconf 90' lang='lat' dir='ltr'>et</span> <span class='ocrx_word' id='word_1_118' title='bbox 1091 2455 1206 2528; x_wconf 90' lang='lat' dir='ltr'>Sicilie</span> <span class='ocrx_word' id='word_1_119' title='bbox 1233 2479 1332 2550; x_wconf 80' lang='lat' dir='ltr'>rege,</span> <span class='ocrx_word' id='word_1_120' title='bbox 1361 2459 1504 2531; x_wconf 86' lang='lat' dir='ltr'>Romani</span> <span class='ocrx_word' id='word_1_121' title='bbox 1536 2459 1671 2554; x_wconf 90' lang='lat' dir='ltr'>imperii</span> <span class='ocrx_word' id='word_1_122' title='bbox 1700 2459 1775 2551; x_wconf 86' lang='lat' dir='ltr'>ejus</span> <span class='ocrx_word' id='word_1_123' title='bbox 1803 2479 1897 2532; x_wconf 85' lang='lat' dir='ltr'>anno</span> 
     </span>
     <span class='ocr_line' id='line_1_17' title="bbox 481 2570 1896 2677; baseline 0.009 -34"><span class='ocrx_word' id='word_1_124' title='bbox 481 2580 603 2643; x_wconf 81' lang='lat' dir='ltr'>octavo</span> <span class='ocrx_word' id='word_1_125' title='bbox 624 2570 779 2656; x_wconf 85' lang='lat' dir='ltr'>decimo,</span> <span class='ocrx_word' id='word_1_126' title='bbox 798 2575 897 2666; x_wconf 80' lang='lat' dir='ltr'>regni</span> <span class='ocrx_word' id='word_1_127' title='bbox 913 2575 1148 2673; x_wconf 80' lang='lat' dir='ltr'>Hierosolymo</span> <span class='ocrx_word' id='word_1_128' title='bbox 1166 2579 1370 2673; x_wconf 91' lang='lat' dir='ltr'>undecimo,</span> <span class='ocrx_word' id='word_1_129' title='bbox 1389 2582 1487 2677; x_wconf 78' lang='lat' dir='ltr'>regni</span> <span class='ocrx_word' id='word_1_130' title='bbox 1504 2603 1586 2655; x_wconf 89' lang='lat' dir='ltr'>vero</span> <span class='ocrx_word' id='word_1_131' title='bbox 1598 2581 1713 2655; x_wconf 89' lang='lat' dir='ltr'>Sicilie</span> <span class='ocrx_word' id='word_1_132' title='bbox 1725 2582 1896 2656; x_wconf 83' lang='lat' dir='ltr'>tricesimo</span> 
     </span>
     <span class='ocr_line' id='line_1_18' title="bbox 481 2695 905 2788; baseline 0.009 -20"><span class='ocrx_word' id='word_1_133' title='bbox 481 2717 591 2788; x_wconf 90' lang='lat' dir='ltr'>nono,</span> <span class='ocrx_word' id='word_1_134' title='bbox 609 2695 762 2768; x_wconf 89' lang='lat' dir='ltr'>lelioiter.</span> <span class='ocrx_word' id='word_1_135' title='bbox 781 2695 905 2772; x_wconf 85' lang='lat' dir='ltr'>Amen.</span> 
     </span>
    </p>
   </div>
   <div class='ocr_carea' id='block_1_3' title="bbox 529 2819 1733 2928">
    <p class='ocr_par' dir='ltr' id='par_1_5' title="bbox 529 2819 1733 2928">
     <span class='ocr_line' id='line_1_19' title="bbox 529 2819 1733 2928; baseline 0.01 -36"><span class='ocrx_word' id='word_1_136' title='bbox 529 2821 651 2894; x_wconf 88' lang='lat' dir='ltr'>Datum</span> <span class='ocrx_word' id='word_1_137' title='bbox 671 2819 766 2916; x_wconf 89' lang='lat' dir='ltr'>apud</span> <span class='ocrx_word' id='word_1_138' title='bbox 780 2819 995 2918; x_wconf 81' lang='lat' dir='ltr'>Augustam,</span> <span class='ocrx_word' id='word_1_139' title='bbox 1011 2847 1121 2917; x_wconf 90' lang='lat' dir='ltr'>anno,</span> <span class='ocrx_word' id='word_1_140' title='bbox 1138 2849 1259 2901; x_wconf 82' lang='lat' dir='ltr'>meme</span> <span class='ocrx_word' id='word_1_141' title='bbox 1274 2837 1309 2902; x_wconf 91' lang='lat' dir='ltr'>et</span> <span class='ocrx_word' id='word_1_142' title='bbox 1321 2829 1510 2904; x_wconf 89' lang='lat' dir='ltr'>indictione</span> <span class='ocrx_word' id='word_1_143' title='bbox 1523 2831 1733 2928; x_wconf 88' lang='lat' dir='ltr'>proscriptis.</span> 
     </span>
    </p>
   </div>
   <div class='ocr_carea' id='block_1_4' title="bbox 313 3334 1895 3846">
    <p class='ocr_par' dir='ltr' id='par_1_6' title="bbox 313 3334 1895 3846">
     <span class='ocr_line' id='line_1_20' title="bbox 314 3334 1895 3459; baseline 0 -40"><span class='ocrx_word' id='word_1_144' title='bbox 314 3413 329 3444; x_wconf 66' lang='lat'>„</span> <span class='ocrx_word' id='word_1_145' title='bbox 364 3361 376 3392; x_wconf 74' lang='lat'>¹¹</span> <span class='ocrx_word' id='word_1_146' title='bbox 420 3432 428 3459; x_wconf 41' lang='lat'>¹</span> <span class='ocrx_word' id='word_1_147' title='bbox 531 3335 766 3442; x_wconf 66' lang='lat' dir='ltr'>indeficue,</span> <span class='ocrx_word' id='word_1_148' title='bbox 800 3334 1063 3418; x_wconf 88' lang='lat' dir='ltr'>Romanorum</span> <span class='ocrx_word' id='word_1_149' title='bbox 1090 3337 1313 3446; x_wconf 86' lang='lat' dir='ltr'>imperator,</span> <span class='ocrx_word' id='word_1_150' title='bbox 1337 3347 1461 3419; x_wconf 88' lang='lat' dir='ltr'>ratam</span> <span class='ocrx_word' id='word_1_151' title='bbox 1489 3336 1606 3420; x_wconf 87' lang='lat' dir='ltr'>hahet</span> <span class='ocrx_word' id='word_1_152' title='bbox 1630 3347 1668 3420; x_wconf 91' lang='lat' dir='ltr'>et</span> <span class='ocrx_word' id='word_1_153' title='bbox 1693 3335 1895 3421; x_wconf 89' lang='lat' dir='ltr'>confirmat</span> 
     </span>
     <span class='ocr_line' id='line_1_21' title="bbox 313 3467 1895 3582; baseline 0.002 -32"><span class='ocrx_word' id='word_1_154' title='bbox 313 3467 341 3498; x_wconf 76' lang='lat'>⁸⁰</span> <span class='ocrx_word' id='word_1_155' title='bbox 394 3469 417 3502; x_wconf 79' lang='lat'>⁶·</span> <span class='ocrx_word' id='word_1_156' title='bbox 478 3469 709 3578; x_wconf 89' lang='lat' dir='ltr'>emptionem</span> <span class='ocrx_word' id='word_1_157' title='bbox 738 3467 880 3552; x_wconf 80' lang='lat' dir='ltr'>factam</span> <span class='ocrx_word' id='word_1_158' title='bbox 911 3495 980 3579; x_wconf 90' lang='lat' dir='ltr'>per</span> <span class='ocrx_word' id='word_1_159' title='bbox 1013 3469 1231 3553; x_wconf 86' lang='lat' dir='ltr'>Conredum</span> <span class='ocrx_word' id='word_1_160' title='bbox 1258 3471 1478 3580; x_wconf 90' lang='lat' dir='ltr'>episcopum</span> <span class='ocrx_word' id='word_1_161' title='bbox 1507 3469 1895 3582; x_wconf 84' lang='lat' dir='ltr'>Osnaburgensema</span> 
     </span>
     <span class='ocr_line' id='line_1_22' title="bbox 479 3601 1894 3714; baseline 0 -28"><span class='ocrx_word' id='word_1_162' title='bbox 479 3603 615 3686; x_wconf 90' lang='lat' dir='ltr'>comite</span> <span class='ocrx_word' id='word_1_163' title='bbox 637 3601 966 3713; x_wconf 84' lang='lat' dir='ltr'>chkneburgensi</span> <span class='ocrx_word' id='word_1_164' title='bbox 988 3603 1038 3685; x_wconf 92' lang='lat' dir='ltr'>de</span> <span class='ocrx_word' id='word_1_165' title='bbox 1059 3601 1264 3686; x_wconf 84' lang='lat' dir='ltr'>aduocatiis</span> <span class='ocrx_word' id='word_1_166' title='bbox 1291 3603 1468 3688; x_wconf 86' lang='lat' dir='ltr'>ecclesiae</span> <span class='ocrx_word' id='word_1_167' title='bbox 1490 3602 1681 3714; x_wconf 86' lang='lat' dir='ltr'>ejusdem,</span> <span class='ocrx_word' id='word_1_168' title='bbox 1709 3603 1894 3712; x_wconf 88' lang='lat' dir='ltr'>scriptum</span> 
     </span>
     <span class='ocr_line' id='line_1_23' title="bbox 478 3735 1418 3846; baseline 0.001 -26"><span class='ocrx_word' id='word_1_169' title='bbox 478 3735 704 3820; x_wconf 83' lang='lat' dir='ltr'>venditionis</span> <span class='ocrx_word' id='word_1_170' title='bbox 723 3735 841 3846; x_wconf 85' lang='lat' dir='ltr'>hujus</span> <span class='ocrx_word' id='word_1_171' title='bbox 858 3735 898 3818; x_wconf 93' lang='lat' dir='ltr'>in</span> <span class='ocrx_word' id='word_1_172' title='bbox 917 3735 1001 3846; x_wconf 88' lang='lat' dir='ltr'>ipso</span> <span class='ocrx_word' id='word_1_173' title='bbox 1019 3736 1216 3846; x_wconf 82' lang='lat' dir='ltr'>privilegio</span> <span class='ocrx_word' id='word_1_174' title='bbox 1233 3737 1418 3821; x_wconf 86' lang='lat' dir='ltr'>inserens.</span> 
     </span>
    </p>
   </div>
   <div class='ocr_carea' id='block_1_5' title="bbox 557 3921 1888 4007">
    <p class='ocr_par' dir='ltr' id='par_1_7' title="bbox 557 3921 1888 4007">
     <span class='ocr_line' id='line_1_24' title="bbox 557 3921 1888 4007; baseline -0.005 -17"><span class='ocrx_word' id='word_1_175' title='bbox 557 3923 653 4007; x_wconf 79' lang='lat' dir='ltr'>(lldlt.</span> <span class='ocrx_word' id='word_1_176' title='bbox 669 3943 718 4005; x_wconf 85' lang='lat' dir='ltr'>ap.</span> <span class='ocrx_word' id='word_1_177' title='bbox 733 3927 853 4006; x_wconf 77' lang='lat' dir='ltr'>Mosen,</span> <span class='ocrx_word' id='word_1_178' title='bbox 871 3923 998 3990; x_wconf 77' lang='lat' dir='ltr'>Omullr.</span> <span class='ocrx_word' id='word_1_179' title='bbox 1016 3921 1127 3998; x_wconf 70' lang='lat' dir='ltr'>cccl„</span> <span class='ocrx_word' id='word_1_180' title='bbox 1145 3934 1175 3987; x_wconf 80' lang='lat' dir='ltr'>a·</span> <span class='ocrx_word' id='word_1_181' title='bbox 1188 3941 1274 4004; x_wconf 82' lang='lat' dir='ltr'>paru,</span> <span class='ocrx_word' id='word_1_182' title='bbox 1286 3925 1407 3987; x_wconf 88' lang='lat' dir='ltr'>docum.</span> <span class='ocrx_word' id='word_1_183' title='bbox 1422 3935 1456 3986; x_wconf 81' lang='lat' dir='ltr'>n⁰</span> <span class='ocrx_word' id='word_1_184' title='bbox 1471 3933 1538 4002; x_wconf 80' lang='lat' dir='ltr'>m,</span> <span class='ocrx_word' id='word_1_185' title='bbox 1553 3923 1700 3986; x_wconf 78' lang='lat' dir='ltr'>oschcdls</span> <span class='ocrx_word' id='word_1_186' title='bbox 1713 3922 1888 4000; x_wconf 82' lang='lat' dir='ltr'>Hensclerl.)</span> 
     </span>
    </p>
   </div>
   <div class='ocr_carea' id='block_1_6' title="bbox 477 4083 1891 4555">
    <p class='ocr_par' dir='ltr' id='par_1_8' title="bbox 477 4083 1891 4555">
     <span class='ocr_line' id='line_1_25' title="bbox 526 4083 1891 4182; baseline -0.004 -23"><span class='ocrx_word' id='word_1_187' title='bbox 526 4087 720 4161; x_wconf 86' lang='lat' dir='ltr'>Fridaricus</span> <span class='ocrx_word' id='word_1_188' title='bbox 733 4087 964 4160; x_wconf 84' lang='lat' dir='ltr'>Romanorum</span> <span class='ocrx_word' id='word_1_189' title='bbox 982 4087 1165 4182; x_wconf 87' lang='lat' dir='ltr'>imperator</span> <span class='ocrx_word' id='word_1_190' title='bbox 1177 4107 1312 4181; x_wconf 83' lang='lat' dir='ltr'>semper</span> <span class='ocrx_word' id='word_1_191' title='bbox 1326 4095 1511 4180; x_wconf 80' lang='lat' dir='ltr'>angustus,</span> <span class='ocrx_word' id='word_1_192' title='bbox 1529 4085 1716 4158; x_wconf 85' lang='lat' dir='ltr'>Jerusalem</span> <span class='ocrx_word' id='word_1_193' title='bbox 1727 4093 1761 4156; x_wconf 87' lang='lat' dir='ltr'>et</span> <span class='ocrx_word' id='word_1_194' title='bbox 1776 4083 1891 4156; x_wconf 90' lang='lat' dir='ltr'>Sicilie</span> 
     </span>
     <span class='ocr_line' id='line_1_26' title="bbox 478 4206 1890 4308; baseline -0.004 -24"><span class='ocrx_word' id='word_1_195' title='bbox 478 4235 554 4286; x_wconf 85' lang='lat' dir='ltr'>rex.</span> <span class='ocrx_word' id='word_1_196' title='bbox 571 4213 635 4284; x_wconf 88' lang='lat' dir='ltr'>Per</span> <span class='ocrx_word' id='word_1_197' title='bbox 648 4232 791 4308; x_wconf 86' lang='lat' dir='ltr'>presens</span> <span class='ocrx_word' id='word_1_198' title='bbox 803 4212 969 4306; x_wconf 89' lang='lat' dir='ltr'>scriptum</span> <span class='ocrx_word' id='word_1_199' title='bbox 984 4221 1102 4284; x_wconf 92' lang='lat' dir='ltr'>notum</span> <span class='ocrx_word' id='word_1_200' title='bbox 1118 4209 1191 4284; x_wconf 85' lang='lat' dir='ltr'>fieri</span> <span class='ocrx_word' id='word_1_201' title='bbox 1211 4211 1372 4284; x_wconf 87' lang='lat' dir='ltr'>volumus</span> <span class='ocrx_word' id='word_1_202' title='bbox 1389 4210 1562 4283; x_wconf 86' lang='lat' dir='ltr'>universis</span> <span class='ocrx_word' id='word_1_203' title='bbox 1574 4207 1709 4304; x_wconf 90' lang='lat' dir='ltr'>imperii</span> <span class='ocrx_word' id='word_1_204' title='bbox 1728 4206 1890 4280; x_wconf 87' lang='lat' dir='ltr'>fidelibus</span> 
     </span>
     <span class='ocr_line' id='line_1_27' title="bbox 478 4331 1891 4432; baseline -0.004 -24"><span class='ocrx_word' id='word_1_205' title='bbox 478 4347 546 4408; x_wconf 88' lang='lat' dir='ltr'>tam</span> <span class='ocrx_word' id='word_1_206' title='bbox 570 4336 786 4432; x_wconf 84' lang='lat' dir='ltr'>presentibus</span> <span class='ocrx_word' id='word_1_207' title='bbox 810 4356 915 4430; x_wconf 90' lang='lat' dir='ltr'>quam</span> <span class='ocrx_word' id='word_1_208' title='bbox 943 4336 1066 4408; x_wconf 88' lang='lat' dir='ltr'>luturis</span> <span class='ocrx_word' id='word_1_209' title='bbox 1093 4335 1188 4430; x_wconf 91' lang='lat' dir='ltr'>quod</span> <span class='ocrx_word' id='word_1_210' title='bbox 1213 4337 1361 4409; x_wconf 88' lang='lat' dir='ltr'>dilectus</span> <span class='ocrx_word' id='word_1_211' title='bbox 1384 4335 1544 4430; x_wconf 88' lang='lat' dir='ltr'>princeps</span> <span class='ocrx_word' id='word_1_212' title='bbox 1570 4341 1685 4406; x_wconf 85' lang='lat' dir='ltr'>noster</span> <span class='ocrx_word' id='word_1_213' title='bbox 1711 4331 1891 4404; x_wconf 87' lang='lat' dir='ltr'>Conradus</span> 
     </span>
     <span class='ocr_line' id='line_1_28' title="bbox 477 4454 1886 4555; baseline -0.006 -22"><span class='ocrx_word' id='word_1_214' title='bbox 477 4459 751 4555; x_wconf 79' lang='lat' dir='ltr'>Osnaburgensis</span> <span class='ocrx_word' id='word_1_215' title='bbox 781 4459 965 4555; x_wconf 89' lang='lat' dir='ltr'>episcopus</span> <span class='ocrx_word' id='word_1_216' title='bbox 995 4457 1172 4554; x_wconf 91' lang='lat' dir='ltr'>quoddam</span> <span class='ocrx_word' id='word_1_217' title='bbox 1202 4459 1367 4554; x_wconf 83' lang='lat' dir='ltr'>scriptum</span> <span class='ocrx_word' id='word_1_218' title='bbox 1397 4459 1492 4531; x_wconf 92' lang='lat' dir='ltr'>curie</span> <span class='ocrx_word' id='word_1_219' title='bbox 1518 4465 1634 4530; x_wconf 84' lang='lat' dir='ltr'>nostre</span> <span class='ocrx_word' id='word_1_220' title='bbox 1660 4454 1886 4551; x_wconf 85' lang='lat' dir='ltr'>presentavit,</span> 
     </span>
    </p>
   </div>
   <div class='ocr_carea' id='block_1_7' title="bbox 477 4584 1889 4807">
    <p class='ocr_par' dir='ltr' id='par_1_9' title="bbox 477 4584 1889 4807">
     <span class='ocr_line' id='line_1_29' title="bbox 477 4584 875 4679; baseline -0.013 -20"><span class='ocrx_word' id='word_1_221' title='bbox 477 4589 576 4679; x_wconf 85' lang='lat' dir='ltr'>cujus</span> <span class='ocrx_word' id='word_1_222' title='bbox 589 4594 687 4658; x_wconf 89' lang='lat' dir='ltr'>tenor</span> <span class='ocrx_word' id='word_1_223' title='bbox 702 4584 778 4656; x_wconf 80' lang='lat' dir='ltr'>talis</span> <span class='ocrx_word' id='word_1_224' title='bbox 794 4595 847 4656; x_wconf 87' lang='lat' dir='ltr'>ost</span> <span class='ocrx_word' id='word_1_225' title='bbox 865 4608 875 4653; x_wconf 90' lang='lat'>:</span> 
     </span>
     <span class='ocr_line' id='line_1_30' title="bbox 526 4700 1889 4807; baseline -0.004 -27"><span class='ocrx_word' id='word_1_226' title='bbox 526 4708 704 4807; x_wconf 84' lang='lat' dir='ltr'>Coprudns</span> <span class='ocrx_word' id='word_1_227' title='bbox 714 4708 931 4782; x_wconf 86' lang='lat' dir='ltr'>miseratione</span> <span class='ocrx_word' id='word_1_228' title='bbox 943 4705 1063 4781; x_wconf 89' lang='lat' dir='ltr'>divina</span> <span class='ocrx_word' id='word_1_229' title='bbox 1073 4705 1350 4802; x_wconf 78' lang='lat' dir='ltr'>Osnabrogonuis</span> <span class='ocrx_word' id='word_1_230' title='bbox 1358 4701 1705 4801; x_wconf 86' lang='lat' dir='ltr'>episcopuaecclesie,</span> <span class='ocrx_word' id='word_1_231' title='bbox 1716 4700 1889 4774; x_wconf 87' lang='lat' dir='ltr'>universis</span> 
     </span>
    </p>
   </div>
   <div class='ocr_carea' id='block_1_8' title="bbox 0 0 2144 5920">
    <p class='ocr_par' dir='ltr' id='par_1_10' title="bbox 0 0 2144 5920">
     <span class='ocr_line' id='line_1_31' title="bbox 0 0 2144 5920; baseline 0 6"><span class='ocrx_word' id='word_1_232' title='bbox 0 0 2144 5920; x_wconf 95' lang='lat' dir='ltr'> </span> 
     </span>
    </p>
   </div>
  </div>
 </body>
</html>
