4224 5898
505 583 565 646 288
1007 584 1219 646 rutueutct
1239 584 1414 645 securint
1727 585 1806 668 [dux.
1825 588 1912 650 1239.

504 719 645 810 niensis,
664 721 923 816 squillacensis,
947 731 982 796 et
996 721 1145 816 quedam
1164 720 1385 808 monasteria,
1406 718 1567 792 videlicet
1582 719 1776 811 llilitensis,
1792 723 1916 794 Sancte

504 843 679 934 Eniemie,
700 847 802 919 Terre
819 847 959 939 llajoris
981 857 1015 918 et
1036 846 1150 919 Sancti
1173 845 1313 918 loannis
1327 846 1363 916 in
1381 844 1512 931 lamis,
1532 845 1632 918 bonis
1652 846 1725 918 suis
1740 847 1911 940 spoliavit.

504 969 586 1040 ltem
611 970 954 1043 excommunicamus
977 980 1012 1042 et
1032 969 1360 1042 anathematizamus
1374 968 1535 1042 eumdem
1553 991 1615 1063 pro
1633 991 1675 1041 eo
1691 969 1787 1064 qnod
1809 971 1916 1042 multe

504 1094 646 1165 ecclesie
664 1094 877 1167 cathedrales
900 1105 935 1167 et
957 1094 1025 1165 alie
1049 1094 1192 1166 ecclesie
1214 1103 1249 1165 et
1266 1092 1473 1166 monasterie
1490 1091 1535 1164 de
1549 1113 1655 1184 regno
1676 1115 1738 1188 per
1760 1094 1914 1188 iniquam

503 1216 759 1311 inquisitionem
789 1219 930 1289 luerunt
957 1221 1028 1290 lere
1053 1218 1154 1290 bonis
1182 1216 1344 1288 omnibns
1372 1217 1527 1310 spoliate.
1561 1217 1642 1288 ltem
1670 1217 1915 1288 exeommuni-

503 1363 622 1413 camus
640 1351 674 1413 et
696 1343 1024 1416 anathematizamus
1050 1341 1211 1414 eumdem
1235 1363 1298 1434 pro
1317 1361 1360 1412 eo
1375 1339 1471 1434 quod
1495 1341 1530 1410 in
1555 1362 1661 1432 regno
1679 1341 1864 1436 Templarii
1882 1353 1916 1412 et

504 1463 721 1559 Hospitalarii
746 1467 931 1538 mobilibus
955 1475 991 1537 et
1016 1464 1249 1537 immobilibus
1274 1463 1411 1559 spoliati
1435 1485 1506 1536 non
1531 1474 1613 1536 sunt
1636 1465 1738 1555 juxta
1764 1475 1912 1537 tenorem

503 1589 598 1683 pacis
628 1589 761 1682 integre
789 1591 947 1662 restituti.
980 1592 1063 1662 ltem
1091 1613 1152 1684 pro
1178 1611 1220 1662 ee
1246 1588 1341 1683 qnod
1378 1588 1472 1660 lallie
1502 1599 1537 1662 et
1566 1587 1765 1662 exactiones
1797 1599 1914 1662 contra

498 1715 647 1786 'formam
668 1716 763 1810 pacis
780 1716 825 1786 ab
842 1715 994 1787 ecclesiis
1007 1723 1041 1786 et
1054 1715 1268 1787 monasteriis
1280 1736 1342 1809 per
1353 1715 1466 1810 ipsum
1481 1721 1727 1807 extorquentur
1738 1713 1774 1784 in
1790 1733 1910 1804 regno.

505 1839 589 1909 Item
600 1840 946 1912 excommunicamus
961 1847 996 1910 el
1007 1838 1333 1910 anathematizamus
1344 1836 1507 1910 eumdem
1519 1858 1580 1932 ρτο
1592 1857 1634 1908 eo
1647 1837 1742 1930 quod
1756 1839 1791 1907 in
1807 1858 1915 1929 regno

505 1961 726 2034 ecclesiarum
745 1963 863 2056 prelati
880 1971 914 2035 et
931 1963 1073 2034 abbates
1094 1962 1333 2034 Cistercienses
1354 1972 1389 2033 et
1408 1961 1553 2034 aliorum
1575 1959 1736 2034 ordinum
1759 1962 1915 2054 compel-

505 2084 623 2154 luntur
647 2107 710 2180 per
725 2087 881 2180 singulos
899 2107 1034 2157 menses
1052 2085 1135 2159 dare
1156 2095 1282 2157 certam
1301 2106 1471 2156 summam
1492 2085 1640 2178 pecunie
1658 2105 1719 2178 pro
1736 2093 1915 2158 construc-

505 2209 598 2281 tione
623 2219 812 2281 castrorum
844 2230 1027 2281 novorum.
1052 2211 1136 2281 ltem
1161 2209 1504 2281 excommunicamus
1529 2219 1563 2281 et
1588 2209 1915 2282 anathematizamus

505 2332 665 2404 cumdem
690 2356 753 2429 pro
771 2356 813 2406 eo
835 2333 931 2430 quod
951 2343 1066 2405 contra
1088 2344 1239 2406 tenorem
1263 2335 1357 2427 pacis
1382 2334 1489 2428 siqui
1514 2333 1725 2422 adheserunt
1738 2333 1911 2424 Ecclesia,

504 2457 603 2528 bonis
625 2459 787 2530 omnibus
806 2459 943 2552 spoliati
969 2461 1112 2530 exulare
1134 2466 1306 2552 coguntur
1334 2465 1499 2551 tanquam
1519 2458 1717 2553 proscripti,
1746 2459 1916 2530 uxoribus

506 2591 542 2652 et
566 2581 681 2653 liberis
709 2581 904 2677 captivatis.
938 2583 1021 2653 ltem
1044 2581 1385 2654 excommunicamus
1405 2591 1440 2653 et
1466 2581 1793 2654 anathematizamus
1814 2603 1918 2653 eum-

507 2703 586 2776 dem
605 2725 666 2799 pro
690 2726 732 2776 eo
750 2703 846 2797 quod
866 2727 926 2798 per
948 2705 1061 2799 ipsum
1089 2702 1276 2799 impeditur
1297 2705 1476 2798 negotium
1495 2705 1597 2777 'l'erre
1616 2706 1740 2776 Sancte
1758 2714 1794 2776 et
1815 2725 1917 2798 repa·

507 2827 594 2900 ratio
610 2825 661 2923 (a)
678 2829 813 2922 imperii
831 2829 1008 2901 Romanie.
1029 2829 1156 2900 Omnes
1172 2837 1288 2899 antem
1310 2829 1371 2922 qui
1391 2829 1588 2920 juramento
1615 2827 1790 2901 fidelitatis
1809 2829 1842 2902 ei
1866 2839 1918 2901 te-

508 2961 633 3022 nentur
651 2952 776 3023 astricti
798 2951 843 3022 ab
866 2951 1021 3044 ejusdem
1037 2951 1277 3024 observatione
1291 2951 1477 3044 juramenti
1489 2949 1707 3024 decernimus
1725 2952 1915 3040 absolutos,

509 3097 554 3147 ne
578 3075 643 3147 sibi
667 3074 864 3148 fidelitatem
883 3077 1070 3148 observent
1098 3075 1286 3148 districtius
1307 3075 1501 3147 inhibentes
1521 3075 1688 3168 quamdiu
1715 3075 1817 3148 luerit
1839 3077 1919 3148 vin-

509 3201 588 3272 culo
604 3199 973 3272 excommunicationis
988 3201 1158 3272 astrictus.
1174 3203 1285 3295 Super
1302 3199 1586 3294 oppressionibus
1602 3220 1685 3272 vero
1697 3207 1732 3272 el
1746 3199 1823 3272 aliis
1834 3221 1919 3293 gra·

509 3323 705 3396 vaminibus
730 3321 921 3412 nobilium,
940 3345 1150 3419 pauperum,
1172 3324 1375 3414 viduamm,
1395 3322 1627 3418 orphanorum
1653 3333 1688 3395 et
1710 3323 1855 3395 aliorum
1873 3323 1920 3396 de

509 3470 633 3541 regno,
654 3469 716 3542 ρτο
740 3447 868 3541 quibus
888 3447 980 3520 idem
996 3448 1197 3522 Fredericus
1217 3449 1301 3522 alias
1315 3447 1447 3542 juravit
1460 3457 1551 3520 stare
1566 3447 1736 3520 mandatis
1749 3448 1915 3536 Ecclesie,

509 3572 622 3666 ipsum
639 3572 851 3644 intendimus
869 3571 1055 3644 admonere
1067 3572 1114 3668 (b)
1130 3581 1165 3643 et
1180 3573 1216 3643 in
1234 3571 1311 3666 ipso
1329 3572 1480 3663 negotio,
1500 3571 1606 3644 dante
1620 3572 1777 3662 Domino,
1797 3591 1919 3667 proee-

509 3693 633 3767 demus
662 3695 752 3766 sicut
778 3698 872 3785 iuste
896 3697 996 3768 luerit
1026 3695 1297 3789 procedendum.
1318 3696 1423 3768 Porro
1448 3716 1510 3790 pro
1535 3695 1696 3767 omnibus
1717 3705 1752 3768 et
1773 3695 1921 3788 singulis

509 3817 717 3913 supradictis
742 3839 805 3913 pro
827 3819 955 3912 quibus
981 3819 1102 3914 dictus,
1120 3819 1321 3892 Fredericus
1339 3841 1361 3892 a
1379 3819 1479 3891 nobis
1504 3817 1687 3910 diligenter
1710 3818 1775 3890 init
1797 3817 1920 3891 admo-

510 3943 603 4014 nitus
620 3953 655 4014 et
673 3944 868 4036 frequenter
889 3965 953 4015 nec
973 3965 1092 4038 parere
1114 3944 1267 4032 curavit,
1288 3941 1451 4015 eumdem
1471 3941 1690 4015 Fredericnm
1710 3964 1919 4016 exeommu-

511 4065 691 4137 nicationis
708 4073 742 4136 et
766 4065 993 4138 anathematis
1010 4067 1149 4140 vinculo
1169 4063 1387 4138 innodamus.
1409 4065 1566 4138 Ceterum
1581 4065 1665 4160 qnia
1680 4063 1773 4136 idem
1789 4065 1918 4138 Frede-

510 4190 602 4260 ricus
625 4189 669 4261 de
692 4188 794 4260 dictis
819 4198 853 4261 et
881 4191 977 4262 lactis
1001 4191 1093 4275 suis,
1116 4191 1231 4262 multis
1256 4189 1485 4261 clamantibus
1508 4209 1569 4283 per
1593 4189 1792 4260 universum
1820 4189 1920 4282 quasi

508 4313 628 4386 orbem
646 4312 742 4406 quod
762 4311 806 4385 de
830 4313 996 4388 calholica
1017 4313 1086 4386 lide
1102 4323 1193 4388 recte
1211 4315 1432 4404 consentiat,
1454 4322 1507 4384 est
1527 4311 1676 4406 graviter
1699 4311 1921 4404 diffamatus,

552 4561 594 4643 (a)
615 4563 672 4641 Ap.
689 4562 834 4640 Rayneld.
852 4563 1038 4642 recuperatio.

552 4667 593 4749 (l)
614 4671 672 4746 Ap.
689 4669 775 4730 blatt.
791 4669 888 4730 Parte.
907 4685 1046 4742 ameum,
1062 4669 1159 4728 mlnne
1171 4673 1271 4728 nosue
1284 4667 1427 4728 sententia
1438 4671 1528 4728 recte.
