<?xml version="1.0" encoding="UTF-8"?>
<!DOCTYPE html PUBLIC "-//W3C//DTD XHTML 1.0 Transitional//EN"
    "http://www.w3.org/TR/xhtml1/DTD/xhtml1-transitional.dtd">
<html xmlns="http://www.w3.org/1999/xhtml" xml:lang="en" lang="en">
 <head>
  <title>
</title>
<meta http-equiv="Content-Type" content="text/html;charset=utf-8" />
  <meta name='ocr-system' content='tesseract 3.04.00' />
  <meta name='ocr-capabilities' content='ocr_page ocr_carea ocr_par ocr_line ocrx_word'/>
</head>
<body>
  <div class='ocr_page' id='page_1' title='image "./historiadiploma02fredgoog_0420.png"; bbox 0 0 4228 5892; ppageno 0'>
   <div class='ocr_carea' id='block_1_1' title="bbox 232 509 1640 596">
    <p class='ocr_par' dir='ltr' id='par_1_1' title="bbox 232 509 1640 596">
     <span class='ocr_line' id='line_1_1' title="bbox 232 509 1640 596; baseline -0.002 -19"><span class='ocrx_word' id='word_1_1' title='bbox 232 517 332 577; x_wconf 73' lang='lat' dir='ltr'>lenior.</span> <span class='ocrx_word' id='word_1_2' title='bbox 352 512 409 596; x_wconf 78' lang='lat' dir='ltr'>la]</span> <span class='ocrx_word' id='word_1_3' title='bbox 676 509 874 572; x_wconf 76' lang='lat' dir='ltr'>HISTORIA</span> <span class='ocrx_word' id='word_1_4' title='bbox 900 510 1191 572; x_wconf 77' lang='lat' dir='ltr'>DIPLOMthCll.</span> <span class='ocrx_word' id='word_1_5' title='bbox 1580 513 1640 576; x_wconf 78' lang='lat' dir='ltr'>tor</span> 
     </span>
    </p>
   </div>
   <div class='ocr_carea' id='block_1_2' title="bbox 229 646 1642 1112">
    <p class='ocr_par' dir='ltr' id='par_1_2' title="bbox 229 646 1642 1112">
     <span class='ocr_line' id='line_1_2' title="bbox 230 646 1641 742; baseline -0.002 -18"><span class='ocrx_word' id='word_1_6' title='bbox 230 651 334 724; x_wconf 87' lang='lat' dir='ltr'>hatur</span> <span class='ocrx_word' id='word_1_7' title='bbox 348 647 446 722; x_wconf 90' lang='lat' dir='ltr'>adire</span> <span class='ocrx_word' id='word_1_8' title='bbox 462 646 667 742; x_wconf 80' lang='lat' dir='ltr'><strong>presentiam</strong></span> <span class='ocrx_word' id='word_1_9' title='bbox 689 646 916 740; x_wconf 76' lang='lat' dir='ltr'>neglexisset,</span> <span class='ocrx_word' id='word_1_10' title='bbox 936 647 1052 720; x_wconf 90' lang='lat' dir='ltr'>omnia</span> <span class='ocrx_word' id='word_1_11' title='bbox 1069 646 1161 719; x_wconf 90' lang='lat' dir='ltr'>bona</span> <span class='ocrx_word' id='word_1_12' title='bbox 1181 655 1215 717; x_wconf 94' lang='lat' dir='ltr'>et</span> <span class='ocrx_word' id='word_1_13' title='bbox 1228 647 1307 738; x_wconf 87' lang='lat' dir='ltr'>jura</span> <span class='ocrx_word' id='word_1_14' title='bbox 1326 667 1390 718; x_wconf 91' lang='lat' dir='ltr'>sua</span> <span class='ocrx_word' id='word_1_15' title='bbox 1406 647 1507 718; x_wconf 92' lang='lat' dir='ltr'>nobis</span> <span class='ocrx_word' id='word_1_16' title='bbox 1525 656 1559 718; x_wconf 91' lang='lat' dir='ltr'>et</span> <span class='ocrx_word' id='word_1_17' title='bbox 1577 648 1641 722; x_wconf 93' lang='lat' dir='ltr'>im·</span> 
     </span>
     <span class='ocr_line' id='line_1_3' title="bbox 229 767 1641 870; baseline -0.004 -22"><span class='ocrx_word' id='word_1_18' title='bbox 229 774 328 870; x_wconf 88' lang='lat' dir='ltr'>perio</span> <span class='ocrx_word' id='word_1_19' title='bbox 343 779 536 863; x_wconf 88' lang='lat' dir='ltr'>cesserant,</span> <span class='ocrx_word' id='word_1_20' title='bbox 559 791 601 843; x_wconf 91' lang='lat' dir='ltr'>eo</span> <span class='ocrx_word' id='word_1_21' title='bbox 619 769 665 842; x_wconf 90' lang='lat' dir='ltr'>ab</span> <span class='ocrx_word' id='word_1_22' title='bbox 683 770 776 842; x_wconf 92' lang='lat' dir='ltr'>omni</span> <span class='ocrx_word' id='word_1_23' title='bbox 790 771 869 861; x_wconf 88' lang='lat' dir='ltr'>jure</span> <span class='ocrx_word' id='word_1_24' title='bbox 890 778 924 842; x_wconf 91' lang='lat' dir='ltr'>et</span> <span class='ocrx_word' id='word_1_25' title='bbox 942 770 1108 866; x_wconf 90' lang='lat' dir='ltr'>petitione</span> <span class='ocrx_word' id='word_1_26' title='bbox 1127 767 1308 842; x_wconf 81' lang='lat' dir='ltr'>decidente</span> <span class='ocrx_word' id='word_1_27' title='bbox 1322 768 1590 842; x_wconf 82' lang='lat' dir='ltr'>irrevocabiliter</span> <span class='ocrx_word' id='word_1_28' title='bbox 1605 772 1641 842; x_wconf 91' lang='lat' dir='ltr'>iu</span> 
     </span>
     <span class='ocr_line' id='line_1_4' title="bbox 230 891 1642 989; baseline -0.003 -19"><span class='ocrx_word' id='word_1_29' title='bbox 230 899 404 986; x_wconf 78' lang='lat' dir='ltr'>futurum3</span> <span class='ocrx_word' id='word_1_30' title='bbox 431 893 495 968; x_wconf 90' lang='lat' dir='ltr'>sed</span> <span class='ocrx_word' id='word_1_31' title='bbox 513 891 668 984; x_wconf 86' lang='lat' dir='ltr'>tandem,</span> <span class='ocrx_word' id='word_1_32' title='bbox 698 901 776 988; x_wconf 90' lang='lat' dir='ltr'>post</span> <span class='ocrx_word' id='word_1_33' title='bbox 799 893 907 966; x_wconf 90' lang='lat' dir='ltr'>multa</span> <span class='ocrx_word' id='word_1_34' title='bbox 925 893 1098 966; x_wconf 89' lang='lat' dir='ltr'>curricula</span> <span class='ocrx_word' id='word_1_35' title='bbox 1120 901 1334 987; x_wconf 88' lang='lat' dir='ltr'>temporum,</span> <span class='ocrx_word' id='word_1_36' title='bbox 1355 892 1509 987; x_wconf 80' lang='lat' dir='ltr'>simplice</span> <span class='ocrx_word' id='word_1_37' title='bbox 1533 894 1642 989; x_wconf 92' lang='lat' dir='ltr'>ipsius</span> 
     </span>
     <span class='ocr_line' id='line_1_5' title="bbox 229 1014 1641 1112; baseline -0.002 -19"><span class='ocrx_word' id='word_1_38' title='bbox 229 1019 361 1093; x_wconf 88' lang='lat' dir='ltr'>nuncio</span> <span class='ocrx_word' id='word_1_39' title='bbox 376 1017 423 1091; x_wconf 92' lang='lat' dir='ltr'>ad</span> <span class='ocrx_word' id='word_1_40' title='bbox 440 1024 594 1090; x_wconf 89' lang='lat' dir='ltr'>nostram</span> <span class='ocrx_word' id='word_1_41' title='bbox 604 1015 736 1088; x_wconf 92' lang='lat' dir='ltr'>curiam</span> <span class='ocrx_word' id='word_1_42' title='bbox 753 1015 789 1087; x_wconf 92' lang='lat' dir='ltr'>in</span> <span class='ocrx_word' id='word_1_43' title='bbox 803 1015 929 1112; x_wconf 84' lang='lat' dir='ltr'>Apulia</span> <span class='ocrx_word' id='word_1_44' title='bbox 937 1017 1114 1108; x_wconf 90' lang='lat' dir='ltr'>veniente,</span> <span class='ocrx_word' id='word_1_45' title='bbox 1128 1014 1358 1088; x_wconf 90' lang='lat' dir='ltr'>mansuetudo</span> <span class='ocrx_word' id='word_1_46' title='bbox 1371 1023 1485 1088; x_wconf 89' lang='lat' dir='ltr'>nostra</span> <span class='ocrx_word' id='word_1_47' title='bbox 1498 1037 1567 1090; x_wconf 94' lang='lat' dir='ltr'>non</span> <span class='ocrx_word' id='word_1_48' title='bbox 1580 1018 1641 1091; x_wconf 89' lang='lat' dir='ltr'>de·</span> 
     </span>
    </p>
   </div>
   <div class='ocr_carea' id='block_1_3' title="bbox 229 1129 1761 1238">
    <p class='ocr_par' dir='ltr' id='par_1_3' title="bbox 229 1129 1761 1238">
     <span class='ocr_line' id='line_1_6' title="bbox 229 1129 1761 1238; baseline -0.002 -21"><span class='ocrx_word' id='word_1_49' title='bbox 229 1144 296 1217; x_wconf 80' lang='lat' dir='ltr'>fuit</span> <span class='ocrx_word' id='word_1_50' title='bbox 308 1143 394 1238; x_wconf 92' lang='lat' dir='ltr'>quin</span> <span class='ocrx_word' id='word_1_51' title='bbox 412 1142 614 1237; x_wconf 91' lang='lat' dir='ltr'>abrogatum</span> <span class='ocrx_word' id='word_1_52' title='bbox 629 1139 696 1212; x_wconf 90' lang='lat' dir='ltr'>sibi</span> <span class='ocrx_word' id='word_1_53' title='bbox 706 1140 767 1232; x_wconf 85' lang='lat' dir='ltr'>jns</span> <span class='ocrx_word' id='word_1_54' title='bbox 784 1139 977 1234; x_wconf 88' lang='lat' dir='ltr'>ingratiam</span> <span class='ocrx_word' id='word_1_55' title='bbox 993 1149 1249 1231; x_wconf 74' lang='lat' dir='ltr'>convertentes,</span> <span class='ocrx_word' id='word_1_56' title='bbox 1264 1162 1310 1214; x_wconf 85' lang='lat' dir='ltr'>ex</span> <span class='ocrx_word' id='word_1_57' title='bbox 1323 1140 1493 1234; x_wconf 88' lang='lat' dir='ltr'>insperate</span> <span class='ocrx_word' id='word_1_58' title='bbox 1506 1143 1642 1214; x_wconf 88' lang='lat' dir='ltr'>rostitu·</span> <span class='ocrx_word' id='word_1_59' title='bbox 1749 1129 1761 1154; x_wconf 76' lang='lat'>‘</span> 
     </span>
    </p>
   </div>
   <div class='ocr_carea' id='block_1_4' title="bbox 228 1261 1642 2969">
    <p class='ocr_par' dir='ltr' id='par_1_4' title="bbox 228 1261 1642 2969">
     <span class='ocr_line' id='line_1_7' title="bbox 228 1261 1641 1360; baseline -0.002 -19"><span class='ocrx_word' id='word_1_60' title='bbox 228 1267 333 1341; x_wconf 91' lang='lat' dir='ltr'>tionis</span> <span class='ocrx_word' id='word_1_61' title='bbox 341 1263 510 1338; x_wconf 88' lang='lat' dir='ltr'>beneficio</span> <span class='ocrx_word' id='word_1_62' title='bbox 518 1263 618 1337; x_wconf 93' lang='lat' dir='ltr'>nobis</span> <span class='ocrx_word' id='word_1_63' title='bbox 626 1263 812 1359; x_wconf 89' lang='lat' dir='ltr'>etimperio</span> <span class='ocrx_word' id='word_1_64' title='bbox 822 1263 1054 1338; x_wconf 90' lang='lat' dir='ltr'>indissolubili</span> <span class='ocrx_word' id='word_1_65' title='bbox 1064 1261 1145 1336; x_wconf 89' lang='lat' dir='ltr'>fidei</span> <span class='ocrx_word' id='word_1_66' title='bbox 1156 1263 1295 1336; x_wconf 88' lang='lat' dir='ltr'>vinculo</span> <span class='ocrx_word' id='word_1_67' title='bbox 1306 1265 1641 1360; x_wconf 84' lang='lat' dir='ltr'>perpetueobligare</span> 
     </span>
     <span class='ocr_line' id='line_1_8' title="bbox 229 1385 1642 1488; baseline -0.002 -25"><span class='ocrx_word' id='word_1_68' title='bbox 229 1386 340 1488; x_wconf 89' lang='lat' dir='ltr'>[mus]</span> <span class='ocrx_word' id='word_1_69' title='bbox 351 1399 421 1463; x_wconf 89' lang='lat' dir='ltr'>tam</span> <span class='ocrx_word' id='word_1_70' title='bbox 437 1388 591 1463; x_wconf 90' lang='lat' dir='ltr'>animum</span> <span class='ocrx_word' id='word_1_71' title='bbox 605 1409 712 1481; x_wconf 89' lang='lat' dir='ltr'>quam</span> <span class='ocrx_word' id='word_1_72' title='bbox 726 1408 925 1484; x_wconf 68' lang='lat' dir='ltr'>personam</span> <span class='ocrx_word' id='word_1_73' title='bbox 942 1387 1122 1460; x_wconf 82' lang='lat' dir='ltr'>comitatus</span> <span class='ocrx_word' id='word_1_74' title='bbox 1133 1385 1373 1478; x_wconf 86' lang='lat' dir='ltr'>Follialeherii,</span> <span class='ocrx_word' id='word_1_75' title='bbox 1386 1387 1642 1461; x_wconf 85' lang='lat' dir='ltr'>marchionatus</span> 
     </span>
     <span class='ocr_line' id='line_1_9' title="bbox 229 1509 1642 1606; baseline -0.003 -18"><span class='ocrx_word' id='word_1_76' title='bbox 229 1514 409 1588; x_wconf 83' lang='lat' dir='ltr'>Provincia</span> <span class='ocrx_word' id='word_1_77' title='bbox 430 1521 465 1585; x_wconf 93' lang='lat' dir='ltr'>et</span> <span class='ocrx_word' id='word_1_78' title='bbox 486 1512 632 1586; x_wconf 89' lang='lat' dir='ltr'>aliorum</span> <span class='ocrx_word' id='word_1_79' title='bbox 655 1512 825 1586; x_wconf 91' lang='lat' dir='ltr'>bonorum</span> <span class='ocrx_word' id='word_1_80' title='bbox 846 1509 898 1606; x_wconf 90' lang='lat' dir='ltr'>(a)</span> <span class='ocrx_word' id='word_1_81' title='bbox 919 1511 956 1598; x_wconf 91' lang='lat' dir='ltr'>in</span> <span class='ocrx_word' id='word_1_82' title='bbox 976 1509 1145 1584; x_wconf 88' lang='lat' dir='ltr'>invidiam</span> <span class='ocrx_word' id='word_1_83' title='bbox 1169 1511 1426 1606; x_wconf 85' lang='lat' dir='ltr'>quamplurium</span> <span class='ocrx_word' id='word_1_84' title='bbox 1444 1509 1642 1584; x_wconf 81' lang='lat' dir='ltr'>evidentem</span> 
     </span>
     <span class='ocr_line' id='line_1_10' title="bbox 229 1632 1641 1724; baseline -0.001 -14"><span class='ocrx_word' id='word_1_85' title='bbox 229 1637 475 1711; x_wconf 86' lang='lat' dir='ltr'>renovaoioncs</span> <span class='ocrx_word' id='word_1_86' title='bbox 493 1645 527 1709; x_wconf 92' lang='lat' dir='ltr'>et</span> <span class='ocrx_word' id='word_1_87' title='bbox 542 1632 818 1708; x_wconf 89' lang='lat' dir='ltr'>confirmationes</span> <span class='ocrx_word' id='word_1_88' title='bbox 836 1634 1062 1724; x_wconf 88' lang='lat' dir='ltr'>indulsimus,</span> <span class='ocrx_word' id='word_1_89' title='bbox 1079 1656 1159 1708; x_wconf 91' lang='lat' dir='ltr'>eum</span> <span class='ocrx_word' id='word_1_90' title='bbox 1172 1634 1272 1706; x_wconf 87' lang='lat' dir='ltr'>titulo</span> <span class='ocrx_word' id='word_1_91' title='bbox 1288 1633 1427 1706; x_wconf 92' lang='lat' dir='ltr'>honoris</span> <span class='ocrx_word' id='word_1_92' title='bbox 1440 1644 1475 1707; x_wconf 91' lang='lat' dir='ltr'>et</span> <span class='ocrx_word' id='word_1_93' title='bbox 1492 1637 1641 1709; x_wconf 92' lang='lat' dir='ltr'>nominis</span> 
     </span>
     <span class='ocr_line' id='line_1_11' title="bbox 230 1757 1642 1853; baseline -0.001 -21"><span class='ocrx_word' id='word_1_94' title='bbox 230 1760 454 1850; x_wconf 88' lang='lat' dir='ltr'>honorantes,</span> <span class='ocrx_word' id='word_1_95' title='bbox 478 1758 695 1853; x_wconf 88' lang='lat' dir='ltr'>promittente</span> <span class='ocrx_word' id='word_1_96' title='bbox 721 1767 756 1831; x_wconf 93' lang='lat' dir='ltr'>et</span> <span class='ocrx_word' id='word_1_97' title='bbox 778 1757 954 1852; x_wconf 81' lang='lat' dir='ltr'>obligante</span> <span class='ocrx_word' id='word_1_98' title='bbox 979 1780 1017 1831; x_wconf 91' lang='lat' dir='ltr'>se</span> <span class='ocrx_word' id='word_1_99' title='bbox 1043 1758 1173 1831; x_wconf 90' lang='lat' dir='ltr'>nuncio</span> <span class='ocrx_word' id='word_1_100' title='bbox 1197 1779 1259 1852; x_wconf 94' lang='lat' dir='ltr'>pro</span> <span class='ocrx_word' id='word_1_101' title='bbox 1286 1757 1408 1830; x_wconf 90' lang='lat' dir='ltr'>eodem</span> <span class='ocrx_word' id='word_1_102' title='bbox 1436 1757 1532 1852; x_wconf 92' lang='lat' dir='ltr'>quod</span> <span class='ocrx_word' id='word_1_103' title='bbox 1559 1769 1642 1831; x_wconf 90' lang='lat' dir='ltr'>tunc</span> 
     </span>
     <span class='ocr_line' id='line_1_12' title="bbox 231 1880 1641 1979; baseline -0.001 -23"><span class='ocrx_word' id='word_1_104' title='bbox 231 1885 392 1979; x_wconf 90' lang='lat' dir='ltr'>temporis</span> <span class='ocrx_word' id='word_1_105' title='bbox 403 1892 511 1956; x_wconf 90' lang='lat' dir='ltr'>estate</span> <span class='ocrx_word' id='word_1_106' title='bbox 521 1882 680 1977; x_wconf 89' lang='lat' dir='ltr'>sequenti</span> <span class='ocrx_word' id='word_1_107' title='bbox 696 1880 808 1954; x_wconf 90' lang='lat' dir='ltr'>dictus</span> <span class='ocrx_word' id='word_1_108' title='bbox 820 1903 936 1956; x_wconf 90' lang='lat' dir='ltr'>eomes</span> <span class='ocrx_word' id='word_1_109' title='bbox 949 1905 1029 1954; x_wconf 88' lang='lat' dir='ltr'>cum</span> <span class='ocrx_word' id='word_1_110' title='bbox 1042 1882 1149 1974; x_wconf 89' lang='lat' dir='ltr'>galeis</span> <span class='ocrx_word' id='word_1_111' title='bbox 1161 1884 1196 1953; x_wconf 94' lang='lat' dir='ltr'>in</span> <span class='ocrx_word' id='word_1_112' title='bbox 1206 1881 1353 1954; x_wconf 90' lang='lat' dir='ltr'>Siciliam</span> <span class='ocrx_word' id='word_1_113' title='bbox 1366 1881 1567 1977; x_wconf 90' lang='lat' dir='ltr'>applicaret,</span> <span class='ocrx_word' id='word_1_114' title='bbox 1580 1905 1641 1978; x_wconf 93' lang='lat' dir='ltr'>pro</span> 
     </span>
     <span class='ocr_line' id='line_1_13' title="bbox 228 2003 1642 2104; baseline -0.001 -24"><span class='ocrx_word' id='word_1_115' title='bbox 228 2007 428 2102; x_wconf 89' lang='lat' dir='ltr'>recipienda</span> <span class='ocrx_word' id='word_1_116' title='bbox 450 2007 654 2081; x_wconf 89' lang='lat' dir='ltr'>investitura</span> <span class='ocrx_word' id='word_1_117' title='bbox 670 2007 838 2103; x_wconf 90' lang='lat' dir='ltr'>corporali</span> <span class='ocrx_word' id='word_1_118' title='bbox 853 2004 916 2104; x_wconf 80' lang='lat' dir='ltr'>(b),</span> <span class='ocrx_word' id='word_1_119' title='bbox 936 2007 1029 2080; x_wconf 89' lang='lat' dir='ltr'>sieut</span> <span class='ocrx_word' id='word_1_120' title='bbox 1046 2007 1168 2080; x_wconf 89' lang='lat' dir='ltr'>collato</span> <span class='ocrx_word' id='word_1_121' title='bbox 1188 2003 1357 2079; x_wconf 87' lang='lat' dir='ltr'>beneficio</span> <span class='ocrx_word' id='word_1_122' title='bbox 1377 2006 1481 2079; x_wconf 93' lang='lat' dir='ltr'>nollet</span> <span class='ocrx_word' id='word_1_123' title='bbox 1496 2005 1642 2080; x_wconf 90' lang='lat' dir='ltr'>reddere</span> 
     </span>
     <span class='ocr_line' id='line_1_14' title="bbox 229 2129 1642 2226; baseline 0 -24"><span class='ocrx_word' id='word_1_124' title='bbox 229 2152 267 2202; x_wconf 88' lang='lat' dir='ltr'>se</span> <span class='ocrx_word' id='word_1_125' title='bbox 286 2130 483 2224; x_wconf 88' lang='lat' dir='ltr'>indignum.</span> <span class='ocrx_word' id='word_1_126' title='bbox 512 2131 581 2204; x_wconf 91' lang='lat' dir='ltr'>Sed</span> <span class='ocrx_word' id='word_1_127' title='bbox 606 2131 681 2225; x_wconf 92' lang='lat' dir='ltr'>ipso</span> <span class='ocrx_word' id='word_1_128' title='bbox 705 2129 848 2203; x_wconf 89' lang='lat' dir='ltr'>minime</span> <span class='ocrx_word' id='word_1_129' title='bbox 867 2130 1048 2221; x_wconf 88' lang='lat' dir='ltr'>veniente,</span> <span class='ocrx_word' id='word_1_130' title='bbox 1069 2131 1310 2204; x_wconf 91' lang='lat' dir='ltr'>nichilominus</span> <span class='ocrx_word' id='word_1_131' title='bbox 1332 2129 1504 2226; x_wconf 87' lang='lat' dir='ltr'>pacientie</span> <span class='ocrx_word' id='word_1_132' title='bbox 1527 2139 1642 2204; x_wconf 90' lang='lat' dir='ltr'>nostre</span> 
     </span>
     <span class='ocr_line' id='line_1_15' title="bbox 230 2250 1641 2350; baseline 0.001 -25"><span class='ocrx_word' id='word_1_133' title='bbox 230 2255 380 2327; x_wconf 83' lang='lat' dir='ltr'>favorem</span> <span class='ocrx_word' id='word_1_134' title='bbox 398 2255 613 2328; x_wconf 91' lang='lat' dir='ltr'>ostendimus</span> <span class='ocrx_word' id='word_1_135' title='bbox 629 2277 710 2348; x_wconf 90' lang='lat' dir='ltr'>erga</span> <span class='ocrx_word' id='word_1_136' title='bbox 729 2253 861 2348; x_wconf 89' lang='lat' dir='ltr'>ipsum,</span> <span class='ocrx_word' id='word_1_137' title='bbox 882 2264 922 2327; x_wconf 92' lang='lat' dir='ltr'>nt</span> <span class='ocrx_word' id='word_1_138' title='bbox 938 2263 1018 2350; x_wconf 90' lang='lat' dir='ltr'>post</span> <span class='ocrx_word' id='word_1_139' title='bbox 1038 2261 1193 2350; x_wconf 88' lang='lat' dir='ltr'>tempora</span> <span class='ocrx_word' id='word_1_140' title='bbox 1214 2253 1370 2348; x_wconf 79' lang='lat' dir='ltr'>longiora</span> <span class='ocrx_word' id='word_1_141' title='bbox 1387 2251 1488 2325; x_wconf 89' lang='lat' dir='ltr'>nobis</span> <span class='ocrx_word' id='word_1_142' title='bbox 1505 2252 1542 2324; x_wconf 89' lang='lat' dir='ltr'>in</span> <span class='ocrx_word' id='word_1_143' title='bbox 1560 2250 1641 2326; x_wconf 83' lang='lat' dir='ltr'>Ala·</span> 
     </span>
     <span class='ocr_line' id='line_1_16' title="bbox 231 2375 1640 2473; baseline 0.001 -26"><span class='ocrx_word' id='word_1_144' title='bbox 231 2377 379 2450; x_wconf 88' lang='lat' dir='ltr'>maniam</span> <span class='ocrx_word' id='word_1_145' title='bbox 400 2379 539 2472; x_wconf 91' lang='lat' dir='ltr'>negotio</span> <span class='ocrx_word' id='word_1_146' title='bbox 558 2378 719 2471; x_wconf 81' lang='lat' dir='ltr'>exigente</span> <span class='ocrx_word' id='word_1_147' title='bbox 734 2377 884 2470; x_wconf 90' lang='lat' dir='ltr'>vocatis,</span> <span class='ocrx_word' id='word_1_148' title='bbox 903 2377 950 2450; x_wconf 89' lang='lat' dir='ltr'>ad</span> <span class='ocrx_word' id='word_1_149' title='bbox 968 2378 1176 2473; x_wconf 88' lang='lat' dir='ltr'>presentiam</span> <span class='ocrx_word' id='word_1_150' title='bbox 1194 2385 1346 2450; x_wconf 90' lang='lat' dir='ltr'>nostram</span> <span class='ocrx_word' id='word_1_151' title='bbox 1364 2375 1560 2469; x_wconf 90' lang='lat' dir='ltr'>accederet,</span> <span class='ocrx_word' id='word_1_152' title='bbox 1578 2375 1640 2449; x_wconf 93' lang='lat' dir='ltr'>ubi</span> 
     </span>
     <span class='ocr_line' id='line_1_17' title="bbox 232 2499 1640 2599; baseline -0.002 -24"><span class='ocrx_word' id='word_1_153' title='bbox 232 2523 312 2575; x_wconf 91' lang='lat' dir='ltr'>eum</span> <span class='ocrx_word' id='word_1_154' title='bbox 325 2503 469 2596; x_wconf 90' lang='lat' dir='ltr'>pristino</span> <span class='ocrx_word' id='word_1_155' title='bbox 482 2499 527 2599; x_wconf 86' lang='lat' dir='ltr'>(c)</span> <span class='ocrx_word' id='word_1_156' title='bbox 538 2503 663 2578; x_wconf 84' lang='lat' dir='ltr'>affectu</span> <span class='ocrx_word' id='word_1_157' title='bbox 682 2503 888 2599; x_wconf 90' lang='lat' dir='ltr'>recepimus,</span> <span class='ocrx_word' id='word_1_158' title='bbox 906 2512 941 2575; x_wconf 89' lang='lat' dir='ltr'>et</span> <span class='ocrx_word' id='word_1_159' title='bbox 957 2501 1109 2596; x_wconf 89' lang='lat' dir='ltr'>henigne</span> <span class='ocrx_word' id='word_1_160' title='bbox 1123 2503 1159 2574; x_wconf 94' lang='lat' dir='ltr'>in</span> <span class='ocrx_word' id='word_1_161' title='bbox 1177 2501 1338 2574; x_wconf 91' lang='lat' dir='ltr'>omnibus</span> <span class='ocrx_word' id='word_1_162' title='bbox 1349 2511 1515 2594; x_wconf 87' lang='lat' dir='ltr'>tanquam</span> <span class='ocrx_word' id='word_1_163' title='bbox 1530 2500 1640 2573; x_wconf 89' lang='lat' dir='ltr'>filium</span> 
     </span>
     <span class='ocr_line' id='line_1_18' title="bbox 232 2624 1641 2722; baseline 0 -24"><span class='ocrx_word' id='word_1_164' title='bbox 232 2634 495 2720; x_wconf 84' lang='lat' dir='ltr'>pertractantes,</span> <span class='ocrx_word' id='word_1_165' title='bbox 516 2627 655 2720; x_wconf 88' lang='lat' dir='ltr'>cingulo</span> <span class='ocrx_word' id='word_1_166' title='bbox 673 2624 913 2699; x_wconf 88' lang='lat' dir='ltr'>decoravimus</span> <span class='ocrx_word' id='word_1_167' title='bbox 929 2625 1067 2700; x_wconf 92' lang='lat' dir='ltr'>militari</span> <span class='ocrx_word' id='word_1_168' title='bbox 1090 2624 1155 2722; x_wconf 88' lang='lat' dir='ltr'>(l),</span> <span class='ocrx_word' id='word_1_169' title='bbox 1171 2626 1216 2699; x_wconf 93' lang='lat' dir='ltr'>de</span> <span class='ocrx_word' id='word_1_170' title='bbox 1231 2625 1326 2698; x_wconf 94' lang='lat' dir='ltr'>omni</span> <span class='ocrx_word' id='word_1_171' title='bbox 1343 2625 1476 2698; x_wconf 93' lang='lat' dir='ltr'>honore</span> <span class='ocrx_word' id='word_1_172' title='bbox 1493 2633 1641 2698; x_wconf 88' lang='lat' dir='ltr'>aeterra</span> 
     </span>
     <span class='ocr_line' id='line_1_19' title="bbox 231 2747 1640 2846; baseline 0.003 -28"><span class='ocrx_word' id='word_1_173' title='bbox 231 2768 293 2820; x_wconf 90' lang='lat' dir='ltr'>sna</span> <span class='ocrx_word' id='word_1_174' title='bbox 313 2749 534 2822; x_wconf 90' lang='lat' dir='ltr'>investientes</span> <span class='ocrx_word' id='word_1_175' title='bbox 555 2750 670 2846; x_wconf 91' lang='lat' dir='ltr'>ipsum</span> <span class='ocrx_word' id='word_1_176' title='bbox 696 2750 916 2845; x_wconf 89' lang='lat' dir='ltr'>solempniter</span> <span class='ocrx_word' id='word_1_177' title='bbox 940 2771 1002 2845; x_wconf 90' lang='lat' dir='ltr'>per</span> <span class='ocrx_word' id='word_1_178' title='bbox 1028 2751 1170 2823; x_wconf 86' lang='lat' dir='ltr'>vexilla.</span> <span class='ocrx_word' id='word_1_179' title='bbox 1187 2751 1334 2823; x_wconf 85' lang='lat' dir='ltr'>Domum</span> <span class='ocrx_word' id='word_1_180' title='bbox 1357 2747 1458 2821; x_wconf 87' lang='lat' dir='ltr'>nobis</span> <span class='ocrx_word' id='word_1_181' title='bbox 1483 2749 1519 2820; x_wconf 94' lang='lat' dir='ltr'>in</span> <span class='ocrx_word' id='word_1_182' title='bbox 1544 2750 1640 2822; x_wconf 89' lang='lat' dir='ltr'>ltalia</span> 
     </span>
     <span class='ocr_line' id='line_1_20' title="bbox 231 2871 1641 2969; baseline 0.001 -27"><span class='ocrx_word' id='word_1_183' title='bbox 231 2872 417 2968; x_wconf 89' lang='lat' dir='ltr'>imperialis</span> <span class='ocrx_word' id='word_1_184' title='bbox 432 2873 622 2969; x_wconf 88' lang='lat' dir='ltr'>reipublice</span> <span class='ocrx_word' id='word_1_185' title='bbox 633 2874 777 2968; x_wconf 88' lang='lat' dir='ltr'>negocia</span> <span class='ocrx_word' id='word_1_186' title='bbox 791 2883 826 2946; x_wconf 89' lang='lat' dir='ltr'>et</span> <span class='ocrx_word' id='word_1_187' title='bbox 844 2895 963 2946; x_wconf 90' lang='lat' dir='ltr'>curam</span> <span class='ocrx_word' id='word_1_188' title='bbox 981 2874 1198 2968; x_wconf 77' lang='lat' dir='ltr'>gerentibus,</span> <span class='ocrx_word' id='word_1_189' title='bbox 1218 2872 1359 2947; x_wconf 88' lang='lat' dir='ltr'>eumad</span> <span class='ocrx_word' id='word_1_190' title='bbox 1381 2871 1489 2946; x_wconf 91' lang='lat' dir='ltr'>debiti</span> <span class='ocrx_word' id='word_1_191' title='bbox 1503 2873 1641 2946; x_wconf 91' lang='lat' dir='ltr'>servicii</span> 
     </span>
    </p>
   </div>
   <div class='ocr_carea' id='block_1_5' title="bbox 228 2974 1640 3588">
    <p class='ocr_par' dir='ltr' id='par_1_5' title="bbox 228 2974 1640 3093">
     <span class='ocr_line' id='line_1_21' title="bbox 228 2974 1640 3093; baseline 0 -25"><span class='ocrx_word' id='word_1_192' title='bbox 228 2995 470 3090; x_wconf 77' lang='lat' dir='ltr'>prestationem</span> <span class='ocrx_word' id='word_1_193' title='bbox 488 3005 607 3070; x_wconf 90' lang='lat' dir='ltr'>contra</span> <span class='ocrx_word' id='word_1_194' title='bbox 622 2990 738 3070; x_wconf 80' lang='lat' dir='ltr'>ho&#39;stee</span> <span class='ocrx_word' id='word_1_195' title='bbox 751 2996 887 3093; x_wconf 90' lang='lat' dir='ltr'>imperii</span> <span class='ocrx_word' id='word_1_196' title='bbox 901 3006 1046 3070; x_wconf 91' lang='lat' dir='ltr'>vocatus</span> <span class='ocrx_word' id='word_1_197' title='bbox 1061 2997 1258 3085; x_wconf 88' lang='lat' dir='ltr'>accederet,</span> <span class='ocrx_word' id='word_1_198' title='bbox 1273 2974 1431 3070; x_wconf 89' lang='lat' dir='ltr'>nundum</span> <span class='ocrx_word' id='word_1_199' title='bbox 1446 2995 1640 3089; x_wconf 90' lang='lat' dir='ltr'>legitimum</span> 
     </span>
    </p>

    <p class='ocr_par' dir='ltr' id='par_1_6' title="bbox 230 3117 1640 3216">
     <span class='ocr_line' id='line_1_22' title="bbox 230 3117 1640 3216; baseline 0 -24"><span class='ocrx_word' id='word_1_200' title='bbox 230 3119 404 3192; x_wconf 87' lang='lat' dir='ltr'>serviendi</span> <span class='ocrx_word' id='word_1_201' title='bbox 430 3129 568 3215; x_wconf 91' lang='lat' dir='ltr'>tempus</span> <span class='ocrx_word' id='word_1_202' title='bbox 595 3121 750 3216; x_wconf 90' lang='lat' dir='ltr'>implevit</span> <span class='ocrx_word' id='word_1_203' title='bbox 774 3118 841 3216; x_wconf 84' lang='lat' dir='ltr'>(d),</span> <span class='ocrx_word' id='word_1_204' title='bbox 869 3128 904 3193; x_wconf 90' lang='lat' dir='ltr'>et</span> <span class='ocrx_word' id='word_1_205' title='bbox 930 3141 994 3193; x_wconf 90' lang='lat' dir='ltr'>nos</span> <span class='ocrx_word' id='word_1_206' title='bbox 1021 3119 1066 3192; x_wconf 91' lang='lat' dir='ltr'>de</span> <span class='ocrx_word' id='word_1_207' title='bbox 1092 3141 1227 3192; x_wconf 89' lang='lat' dir='ltr'>camera</span> <span class='ocrx_word' id='word_1_208' title='bbox 1254 3129 1370 3192; x_wconf 88' lang='lat' dir='ltr'>nostra</span> <span class='ocrx_word' id='word_1_209' title='bbox 1397 3119 1430 3192; x_wconf 91' lang='lat' dir='ltr'>ei</span> <span class='ocrx_word' id='word_1_210' title='bbox 1458 3117 1640 3214; x_wconf 87' lang='lat' dir='ltr'>magnifice</span> 
     </span>
    </p>

    <p class='ocr_par' dir='ltr' id='par_1_7' title="bbox 231 3241 1640 3340">
     <span class='ocr_line' id='line_1_23' title="bbox 231 3241 1640 3340; baseline -0.001 -25"><span class='ocrx_word' id='word_1_211' title='bbox 231 3242 398 3316; x_wconf 82' lang='lat' dir='ltr'>duximus</span> <span class='ocrx_word' id='word_1_212' title='bbox 424 3244 461 3314; x_wconf 92' lang='lat' dir='ltr'>in</span> <span class='ocrx_word' id='word_1_213' title='bbox 490 3244 682 3317; x_wconf 88' lang='lat' dir='ltr'>necessaria</span> <span class='ocrx_word' id='word_1_214' title='bbox 712 3243 861 3340; x_wconf 90' lang='lat' dir='ltr'>pecnnia</span> <span class='ocrx_word' id='word_1_215' title='bbox 888 3253 923 3315; x_wconf 91' lang='lat' dir='ltr'>et</span> <span class='ocrx_word' id='word_1_216' title='bbox 954 3241 1031 3316; x_wconf 91' lang='lat' dir='ltr'>aliis</span> <span class='ocrx_word' id='word_1_217' title='bbox 1061 3242 1264 3316; x_wconf 89' lang='lat' dir='ltr'>muneribus</span> <span class='ocrx_word' id='word_1_218' title='bbox 1292 3241 1564 3340; x_wconf 90' lang='lat' dir='ltr'>providendum,</span> <span class='ocrx_word' id='word_1_219' title='bbox 1597 3264 1640 3314; x_wconf 91' lang='lat' dir='ltr'>ac</span> 
     </span>
    </p>

    <p class='ocr_par' dir='ltr' id='par_1_8' title="bbox 232 3364 1636 3588">
     <span class='ocr_line' id='line_1_24' title="bbox 232 3364 1636 3462; baseline -0.001 -24"><span class='ocrx_word' id='word_1_220' title='bbox 232 3364 348 3440; x_wconf 92' lang='lat' dir='ltr'>denno</span> <span class='ocrx_word' id='word_1_221' title='bbox 365 3389 445 3440; x_wconf 93' lang='lat' dir='ltr'>cum</span> <span class='ocrx_word' id='word_1_222' title='bbox 459 3367 598 3441; x_wconf 90' lang='lat' dir='ltr'>licentia</span> <span class='ocrx_word' id='word_1_223' title='bbox 612 3379 646 3442; x_wconf 90' lang='lat' dir='ltr'>et</span> <span class='ocrx_word' id='word_1_224' title='bbox 667 3368 778 3462; x_wconf 89' lang='lat' dir='ltr'>gratia</span> <span class='ocrx_word' id='word_1_225' title='bbox 795 3375 913 3442; x_wconf 91' lang='lat' dir='ltr'>nostra</span> <span class='ocrx_word' id='word_1_226' title='bbox 935 3365 1198 3442; x_wconf 89' lang='lat' dir='ltr'>honorificatum</span> <span class='ocrx_word' id='word_1_227' title='bbox 1215 3367 1484 3461; x_wconf 88' lang='lat' dir='ltr'>transmisimus,</span> <span class='ocrx_word' id='word_1_228' title='bbox 1504 3376 1558 3441; x_wconf 90' lang='lat' dir='ltr'>etc</span> <span class='ocrx_word' id='word_1_229' title='bbox 1562 3419 1636 3438; x_wconf 92' lang='grc'><strong>.....</strong></span> 
     </span>
     <span class='ocr_line' id='line_1_25' title="bbox 279 3489 601 3588; baseline 0.009 -26"><span class='ocrx_word' id='word_1_230' title='bbox 279 3489 468 3586; x_wconf 76' lang='lat' dir='ltr'>(Reliquum</span> <span class='ocrx_word' id='word_1_231' title='bbox 484 3491 601 3588; x_wconf 77' lang='lat' dir='ltr'>decet.)</span> 
     </span>
    </p>
   </div>
   <div class='ocr_carea' id='block_1_6' title="bbox 271 3687 950 4094">
    <p class='ocr_par' dir='ltr' id='par_1_9' title="bbox 271 3687 950 3879">
     <span class='ocr_line' id='line_1_26' title="bbox 271 3687 950 3772; baseline 0.006 -20"><span class='ocrx_word' id='word_1_232' title='bbox 271 3687 316 3772; x_wconf 83' lang='lat' dir='ltr'>(a)</span> <span class='ocrx_word' id='word_1_233' title='bbox 335 3693 433 3756; x_wconf 66' lang='lat' dir='ltr'>heus</span> <span class='ocrx_word' id='word_1_234' title='bbox 443 3697 564 3756; x_wconf 90' lang='lat' dir='ltr'>omnlno</span> <span class='ocrx_word' id='word_1_235' title='bbox 577 3693 657 3772; x_wconf 87' lang='lat' dir='ltr'>apud</span> <span class='ocrx_word' id='word_1_236' title='bbox 671 3693 804 3758; x_wconf 86' lang='lat' dir='ltr'>Martcne</span> <span class='ocrx_word' id='word_1_237' title='bbox 817 3696 950 3760; x_wconf 86' lang='lat' dir='ltr'>mutilus.</span> 
     </span>
     <span class='ocr_line' id='line_1_27' title="bbox 272 3795 794 3879; baseline 0.011 -21"><span class='ocrx_word' id='word_1_238' title='bbox 272 3795 315 3877; x_wconf 82' lang='lat' dir='ltr'>(b)</span> <span class='ocrx_word' id='word_1_239' title='bbox 336 3799 394 3878; x_wconf 95' lang='grc' dir='ltr'>Δρ.</span> <span class='ocrx_word' id='word_1_240' title='bbox 409 3801 544 3862; x_wconf 81' lang='lat' dir='ltr'>Mmtene</span> <span class='ocrx_word' id='word_1_241' title='bbox 554 3796 693 3879; x_wconf 66' lang='lat' dir='ltr'>comat,</span> <span class='ocrx_word' id='word_1_242' title='bbox 707 3802 794 3864; x_wconf 86' lang='lat' dir='ltr'>male.</span> 
     </span>
    </p>

    <p class='ocr_par' dir='ltr' id='par_1_10' title="bbox 272 3901 689 3986">
     <span class='ocr_line' id='line_1_28' title="bbox 272 3901 689 3986; baseline 0.014 -24"><span class='ocrx_word' id='word_1_243' title='bbox 272 3901 312 3984; x_wconf 87' lang='lat' dir='ltr'>(c)</span> <span class='ocrx_word' id='word_1_244' title='bbox 337 3905 394 3984; x_wconf 89' lang='grc' dir='ltr'>Δρ.</span> <span class='ocrx_word' id='word_1_245' title='bbox 410 3906 542 3968; x_wconf 79' lang='lat' dir='ltr'>Mmtene</span> <span class='ocrx_word' id='word_1_246' title='bbox 552 3913 689 3986; x_wconf 75' lang='lat' dir='ltr'>paterno.</span> 
     </span>
    </p>

    <p class='ocr_par' dir='ltr' id='par_1_11' title="bbox 272 4007 738 4094">
     <span class='ocr_line' id='line_1_29' title="bbox 272 4007 738 4094; baseline 0.004 -21"><span class='ocrx_word' id='word_1_247' title='bbox 272 4007 315 4092; x_wconf 84' lang='lat' dir='ltr'>(dl</span> <span class='ocrx_word' id='word_1_248' title='bbox 337 4013 396 4091; x_wconf 92' lang='grc' dir='ltr'>Δρ.</span> <span class='ocrx_word' id='word_1_249' title='bbox 410 4013 544 4075; x_wconf 84' lang='lat' dir='ltr'>Martene</span> <span class='ocrx_word' id='word_1_250' title='bbox 560 4011 738 4094; x_wconf 75' lang='lat' dir='ltr'>impleverat.</span> 
     </span>
    </p>
   </div>
   <div class='ocr_carea' id='block_1_7' title="bbox 266 4349 693 4427">
    <p class='ocr_par' dir='ltr' id='par_1_12' title="bbox 266 4349 693 4427">
     <span class='ocr_line' id='line_1_30' title="bbox 266 4349 693 4427; baseline 0.007 -20"><span class='ocrx_word' id='word_1_251' title='bbox 266 4351 306 4423; x_wconf 82' lang='lat' dir='ltr'>(tl</span> <span class='ocrx_word' id='word_1_252' title='bbox 322 4349 389 4411; x_wconf 85' lang='lat' dir='ltr'>Vide</span> <span class='ocrx_word' id='word_1_253' title='bbox 402 4365 485 4427; x_wconf 88' lang='lat' dir='ltr'>supra</span> <span class='ocrx_word' id='word_1_254' title='bbox 496 4357 517 4410; x_wconf 90' lang='lat' dir='ltr'>t.</span> <span class='ocrx_word' id='word_1_255' title='bbox 529 4353 575 4424; x_wconf 88' lang='lat' dir='ltr'>IV,</span> <span class='ocrx_word' id='word_1_256' title='bbox 588 4371 617 4427; x_wconf 94' lang='grc' dir='ltr'>ρ.</span> <span class='ocrx_word' id='word_1_257' title='bbox 629 4355 693 4411; x_wconf 77' lang='lat' dir='ltr'>lte.</span> 
     </span>
    </p>
   </div>
   <div class='ocr_carea' id='block_1_8' title="bbox 0 0 2118 5892">
    <p class='ocr_par' dir='ltr' id='par_1_13' title="bbox 0 0 2118 5892">
     <span class='ocr_line' id='line_1_31' title="bbox 0 0 2118 5892; baseline 0 0"><span class='ocrx_word' id='word_1_258' title='bbox 0 0 2118 5892; x_wconf 95' lang='lat' dir='ltr'> </span> 
     </span>
    </p>
   </div>
  </div>
 </body>
</html>
