4246 5906
517 597 577 658 508
1018 595 1232 660 lntnnntct
1256 597 1429 658 secutum
1736 595 1815 674 [Ans.
1834 595 1920 656 19:39.

516 739 755 824 suggestorum
771 729 941 802 sussurria
960 730 1156 804 nullatenus
1174 733 1415 806 admictantur.
1430 731 1481 803 Tu
1492 739 1606 802 tamen
1624 731 1661 802 in
1675 730 1920 802 omnibusser·

518 853 609 924 vitiis
627 852 768 941 nostris,
789 861 855 924 etc.

564 977 688 1047 Datum
706 975 799 1068 apud
817 975 989 1064 Laudant,
1007 976 1099 1046 XVII
1115 976 1328 1068 novembris,
1343 979 1419 1050 xtll
1434 975 1641 1050 indictionis.

565 1097 647 1169 Ιιεει
666 1099 775 1168 codem
791 1099 841 1169 dia
854 1099 985 1191 sempsit
998 1099 1103 1170 εἰάεει
1116 1100 1338 1193 respuasolea:

565 1221 782 1312 Fredericus,
800 1231 883 1306 etc,
902 1221 1052 1292 Obberto
1072 1222 1352 1310 Fallamonacbo,
1375 1232 1440 1295 etc.
1469 1221 1576 1293 Solita
1597 1221 1827 1314 benignitate,
1852 1228 1919 1292 etc.

518 1345 618 1430 Quod
640 1353 755 1416 autom
779 1341 1091 1437 significastiquod
1107 1365 1176 1416 una
1194 1345 1238 1417 de
1258 1345 1395 1418 duabus
1411 1343 1560 1416 navibus
1584 1344 1678 1415 curie
1702 1351 1817 1414 nostre
1834 1364 1921 1436 quas

517 1469 578 1540 tibi
592 1466 837 1538 mandavimus
850 1465 1031 1558 assignari,
1047 1487 1117 1560 que
1132 1467 1258 1539 dicitur
1275 1469 1462 1560 Majorana,
1482 1468 1672 1540 Messanam
1690 1465 1843 1555 advenit,
1858 1466 1922 1538 sed

517 1593 552 1664 in
570 1590 725 1684 pluribus
738 1589 871 1684 indiget
885 1591 1079 1663 necessario
1096 1593 1258 1686 reparari,
1273 1603 1307 1664 et
1321 1592 1568 1683 guarnimentis
1586 1589 1764 1684 oportunis
1781 1589 1919 1675 muniri,

517 1725 634 1809 utpote
652 1714 749 1807 quod
763 1714 866 1786 babet
881 1716 1031 1786 carinam
1043 1714 1231 1808 putridam,
1250 1715 1407 1787 arborem
1422 1717 1575 1805 tractam,
1590 1722 1743 1785 mmones
1757 1721 1921 1784 etantan-

517 1861 580 1910 nas
595 1838 744 1928 inutiles,
758 1839 854 1909 velas
869 1847 903 1908 et
918 1837 1083 1910 anchoras
1100 1839 1202 1931 quasi
1218 1839 1343 1929 nullas,
1362 1837 1406 1911 ad
1419 1839 1519 1929 cujus
1532 1837 1779 1931 separationem
1796 1844 1832 1907 et
1845 1855 1920 1906 mu·

517 1963 680 2034 nitionem
704 1970 839 2056 oportet
861 1981 1020 2054 magnam
1037 1962 1184 2056 pecunie
1209 1963 1435 2054 quantitatem
1453 1960 1623 2056 expendi,
1643 1961 1753 2054 placet
1769 1958 1872 2030 nobis
1886 1967 1921 2030 et

516 2087 677 2158 volumus
701 2092 741 2154 ut
763 2105 887 2155 navem
907 2083 1015 2178 ipsam
1044 2085 1172 2178 quibus
1189 2085 1340 2176 indiget,
1366 2085 1472 2158 facias
1495 2084 1660 2179 reparari.
1688 2083 1811 2153 Utilius
1829 2081 1920 2153 enim

516 2208 667 2283 vidimus
684 2207 772 2278 utin
789 2207 1002 2302 reparatione
1014 2208 1122 2302 ipsius
1133 2209 1281 2302 pecunia
1294 2230 1363 2302 que
1378 2205 1569 2281 necessaria
1589 2206 1691 2277 luerit
1701 2204 1921 2299 expendatur

515 2354 620 2426 quam
639 2341 677 2402 ut
695 2351 848 2424 expense
865 2333 1012 2424 majoros
1030 2353 1100 2426 que
1118 2333 1207 2404 lacte
1232 2334 1371 2406 luerunt
1393 2333 1429 2404 in
1450 2355 1491 2406 ea
1514 2331 1651 2427 penitus
1674 2330 1878 2400 amictantor
1894 2327 1922 2398 si

516 2455 645 2528 inutilis
666 2463 876 2543 remaneret3
898 2466 935 2526 tu
959 2465 1073 2528 tamon
1096 2466 1129 2527 et
1150 2457 1246 2528 inea
1269 2467 1304 2529 et
1324 2457 1359 2528 in
1376 2457 1452 2530 aliis
1475 2455 1636 2528 omnibus
1659 2452 1805 2525 servitiis
1830 2453 1924 2524 curio

516 2587 630 2649 nostre
644 2597 713 2669 que
728 2597 789 2670 per
805 2598 928 2649 manus
944 2588 1020 2650 tuas
1032 2577 1132 2666 fiunt,
1145 2599 1317 2672 expensas
1333 2587 1651 2672 quantumcumque
1666 2575 1793 2671 poteris
1809 2574 1925 2646 mode-

516 2699 612 2772 reris.
630 2702 680 2771 Do
698 2699 902 2772 molendinis
918 2701 1012 2772 curie
1026 2711 1141 2775 nostro
1153 2701 1308 2774 locandis
1322 2701 1368 2774 ad
1383 2701 1559 2792 victualia,
1575 2711 1614 2772 ut
1630 2699 1810 2795 scripsisti,
1826 2697 1924 2792 quod

516 2821 715 2916 significasti
730 2823 859 2915 gnitum
876 2824 1033 2896 Panormi
1054 2825 1164 2898 lacero
1182 2825 1353 2914 noluisse,
1369 2836 1466 2898 tuum
1481 2833 1532 2898 est
1547 2823 1673 2896 amodo
1691 2833 1725 2895 et
1742 2821 1788 2895 de
1809 2821 1877 2917 hys
1889 2831 1924 2894 et

516 2947 591 3019 aliis
614 2947 763 3018 servitiis
788 2968 856 3039 que
878 2945 926 3017 ad
952 2947 1102 3018 officium
1131 2949 1275 3020 secretio
1298 2949 1470 3044 pertinent
1495 2957 1609 3020 nostre
1627 2947 1722 3020 cun'e
1744 2943 1923 3020 commoda

519 3091 712 3166 procurare.
729 3071 841 3162 Super
850 3072 929 3162 jore
944 3091 1027 3142 vem
1040 3071 1238 3166 recipiendo
1252 3071 1297 3144 ad
1309 3093 1398 3167 opus
1411 3073 1506 3144 curie
1523 3081 1638 3151 nostre
1655 3070 1700 3142 de
1716 3069 1923 3141 victualibus

517 3191 754 3281 extrahendis,
782 3192 886 3264 facias
915 3202 1015 3286 prout
1038 3193 1099 3264 tibi
1125 3215 1186 3288 per
1205 3195 1289 3266 alias
1314 3204 1446 3268 nostras
1472 3195 1605 3268 licteras
1631 3193 1854 3266 destinamus.
1876 3192 1924 3262 De

517 3318 664 3411 pecunia
681 3325 797 3387 autem
814 3316 983 3388 solvenda
998 3317 1096 3388 Petro
1117 3317 1162 3389 de
1177 3317 1323 3390 Bonfilio
1340 3329 1374 3391 et
1391 3320 1494 3392 sociis
1509 3317 1753 3392 mercatoribus
1775 3317 1923 3388 romanis

517 3461 578 3534 pro
592 3449 712 3512 mutuo
723 3439 817 3532 quod
830 3461 963 3512 camere
978 3450 1093 3512 nostre
1111 3441 1277 3529 lecerunt,
1296 3451 1397 3535 prout
1409 3443 1471 3514 tibi
1489 3441 1744 3528 mandavimus,
1760 3440 1924 3511 volumus

517 3573 556 3634 ut
573 3573 724 3634 nostrum
739 3563 993 3657 beneplacitum
1004 3565 1200 3658 exequaris,
1218 3563 1311 3637 etde
1327 3566 1536 3640 victualibus
1554 3563 1757 3638 exolvendis
1772 3561 1923 3634 Ansaldo

518 3686 562 3759 de
576 3687 670 3758 Mare
682 3695 717 3758 et
733 3687 889 3759 Nicoloso
905 3689 950 3760 de
964 3689 1085 3781 Nigro,
1108 3688 1198 3760 sicut
1215 3711 1275 3782 per
1295 3691 1380 3762 alias
1397 3691 1532 3762 lieteras
1550 3701 1681 3762 nostras
1698 3689 1762 3759 tibi
1779 3686 1921 3759 manda·

518 3809 648 3895 vimus,
662 3809 823 3882 volumus
836 3820 874 3881 ut
889 3819 1042 3882 nostrum
1060 3812 1311 3906 beneplacitum
1326 3814 1523 3907 exequaris.
1541 3815 1615 3886 Non
1633 3811 1726 3885 enim
1741 3811 1851 3883 debes
1863 3819 1922 3882 aut

517 3943 613 4028 potes
624 3932 795 4005 delectum
809 3935 955 4027 pecunie
971 3935 1133 4027 allegare,
1151 3957 1230 4006 cum
1250 3947 1285 4008 te
1305 3947 1471 4010 secretum
1493 3937 1652 4010 Panormi
1667 3935 1833 4008 duximus
1848 3943 1921 4005 sta-

519 4056 704 4147 tuendum,
721 4057 757 4128 in
779 4057 846 4152 hys
863 4067 899 4129 et
917 4059 993 4130 aliis
1010 4059 1133 4130 nostris
1148 4059 1315 4151 servitiis,
1335 4068 1402 4132 etc.
1424 4060 1589 4132 Procurss
1612 4067 1726 4132 autem
1750 4069 1785 4130 et
1807 4056 1921 4152 provi·

517 4178 600 4250 deas
622 4177 803 4268 diligenter
829 4190 866 4249 ut
890 4189 959 4251 tam
985 4181 1030 4252 de
1055 4181 1135 4252 navi
1160 4182 1312 4274 predicta
1338 4183 1511 4275 quamde
1536 4184 1601 4256 alia
1629 4182 1711 4254 navi
1733 4203 1838 4275 quarn
1861 4180 1921 4250 tibi

517 4298 760 4372 mandavimus
782 4301 1049 4394 assignandum,
1071 4305 1165 4377 curie
1184 4315 1300 4377 nostre
1324 4307 1453 4378 utilitas
1475 4308 1673 4400 proveniat,
1689 4307 1818 4378 iaciens
1833 4305 1921 4398 ipsas

468 4515 472 4520 Ι
517 4424 669 4518 ιερειειί
687 4445 731 4495 ne
748 4425 880 4518 possint
896 4426 1035 4498 inutiles
1049 4449 1238 4500 remanere.

566 4549 688 4618 Datum
709 4543 758 4644 [at
771 4546 903 4645 suprol.
