4228 5892
229 631 328 691 lrurcr.
349 625 412 704 12]
677 617 876 680 HISTORIA
900 614 1194 679 blatcharius.
1581 609 1641 672 349

229 785 300 859 qua
319 761 473 856 legitur:
495 755 659 828 «Exibat
680 755 768 827 alius
791 775 904 848 equus
925 754 1024 825 rnlrrs
1048 751 1093 825 de
1113 751 1220 840 mari,
1241 757 1277 823 et
1295 747 1357 844 qui
1380 743 1524 820 sedebat
1538 767 1642 842 super

232 906 331 976 eum,
351 881 510 955 sumebat
528 900 648 975 pacem
666 877 713 951 de
729 887 834 967 terra,
853 885 893 948 ut
907 876 1065 949 virentes
1077 875 1225 947 invicem
1243 893 1282 946 se
1298 867 1538 944 interficiant.»
1555 869 1642 942 Nam

233 1029 336 1082 asne
351 1004 576 1103 promotionis
587 1012 759 1098 tompore,
781 1002 846 1074 iste
871 1010 968 1096 pater
985 1021 1056 1072 non
1075 998 1407 1090 misericordiarum,
1432 995 1495 1069 sed
1513 993 1643 1069 discor-

234 1130 392 1218 diarum,
421 1125 644 1201 desolationis
672 1133 707 1198 et
733 1145 802 1197 non
832 1123 1075 1198 consolationis
1102 1121 1254 1195 solicitus
1288 1127 1505 1218 procurator,
1533 1127 1642 1192 totum

233 1251 404 1326 mundum
419 1249 466 1323 ad
482 1247 645 1322 scaudala
658 1247 833 1321 excitarit.
852 1248 914 1338 Et,
938 1256 978 1319 ut
994 1246 1102 1320 uerba
1117 1267 1180 1318 sua
1202 1254 1295 1318 recto
1317 1265 1421 1318 sensu
1441 1244 1643 1339 interprete·

232 1399 325 1464 mur,
345 1375 422 1470 ipse
433 1373 538 1447 draco
554 1393 712 1466 magnus,
729 1371 790 1465 qui
808 1369 950 1444 seduxit
966 1369 1167 1442 nniversam
1183 1368 1314 1460 orbern,
1331 1365 1559 1440 Antichristus
1572 1377 1640 1458 est,

233 1499 333 1590 cnjus
354 1517 419 1570 nos
441 1495 532 1570 dixit
547 1516 623 1568 esse
646 1494 887 1590 preambulum
906 1519 914 1564 :
934 1503 968 1566 et
985 1493 1070 1565 alter
1084 1491 1222 1565 Balaam
1238 1489 1431 1564 conductus
1451 1491 1586 1585 precio,
1605 1503 1644 1564 ut

232 1619 453 1694 malediceret
475 1617 595 1709 nobis,
623 1617 784 1712 princeps
805 1637 867 1710 per
890 1615 1064 1711 principes
1086 1615 1326 1706 tenebrarum,
1350 1614 1411 1708 qui
1438 1613 1539 1685 abusi
1563 1622 1647 1685 sunt

233 1743 434 1840 prophetiis.
455 1741 520 1813 llic
535 1748 588 1813 est
611 1741 756 1833 angelus
782 1737 963 1834 prosiliens
985 1736 1031 1811 de
1047 1737 1194 1832 abysso,
1212 1735 1346 1808 babens
1367 1735 1511 1830 phyalas
1523 1735 1646 1831 plenas

234 1865 485 1954 amaritudine,
504 1874 545 1937 ut
563 1863 650 1938 mari
668 1873 703 1936 et
722 1872 810 1936 terre
834 1871 975 1936 noceat.
997 1860 1144 1934 Inseruit
1159 1859 1252 1932 enim
1276 1857 1383 1931 falsus
1404 1857 1526 1932 Christi
1544 1857 1645 1931 vica-

233 1991 307 2062 rius
328 1989 454 2062 fabulis
480 1990 553 2060 suis
581 2007 644 2060 nos
678 1985 863 2058 christiane
891 1983 972 2058 fidei
997 1984 1196 2078 religionem
1223 1993 1319 2056 reete
1350 2001 1419 2054 non
1448 1979 1578 2070 colere,
1603 2003 1645 2055 ac

235 2112 368 2187 dixisse
382 2113 493 2184 tribus
504 2109 745 2184 seductoribus
758 2109 928 2182 mundum
941 2129 1017 2181 esse
1029 2107 1210 2202 deceptum
1222 2133 1232 2177 ε
1246 2105 1342 2201 quod
1356 2105 1445 2178 absit
1462 2105 1507 2178 de
1519 2105 1646 2178 uostris

235 2235 335 2309 labiis
365 2234 574 2331 processisse
593 2231 668 2328 (l),
698 2255 778 2305 cum
806 2233 985 2305 manifesta
1010 2230 1234 2304 conliteamur
1259 2229 1400 2302 unicum
1424 2229 1487 2302 Dei
1514 2227 1642 2321 lilium,

236 2368 432 2432 coeternum
464 2366 500 2430 et
525 2356 728 2451 coequalem
753 2356 844 2429 Patri
871 2377 913 2428 ae
939 2355 1063 2428 Sancto
1089 2353 1251 2450 Spiritui,
1282 2351 1461 2428 dominum
1491 2361 1644 2425 nostrum

236 2481 351 2554 lesum
376 2479 567 2570 Christum,
589 2477 636 2552 ab
660 2478 759 2551 initio
782 2488 816 2552 et
840 2487 919 2552 ante
945 2478 1062 2551 secula
1086 2477 1264 2572 genitum,
1292 2496 1456 2572 processu
1481 2473 1644 2571 temporis

236 2605 380 2677 missum
402 2602 439 2675 in
460 2602 584 2693 terris,
602 2602 638 2674 iu
661 2601 858 2675 subsidium
883 2601 1112 2696 generationis
1133 2599 1304 2688 humano,
1330 2619 1400 2672 nou
1425 2597 1470 2671 de
1494 2599 1646 2694 potentia

236 2725 412 2816 ordinata,
432 2725 495 2800 sed
520 2725 565 2798 de
589 2726 740 2822 potentia
763 2723 947 2800 ordinante
967 2750 977 2795 ε
995 2723 1056 2819 qui
1076 2733 1129 2796 est
1146 2723 1192 2796 de
1215 2721 1363 2817 gloriosa
1378 2722 1521 2813 Virgine
1538 2732 1645 2796 matre

237 2858 358 2941 natus,
375 2871 499 2947 passus
512 2851 751 2945 postmodum,
771 2858 807 2922 et
825 2857 980 2921 mortuus
993 2847 1184 2921 seeundum
1203 2867 1341 2920 carnem
1360 2855 1395 2919 et
1418 2847 1557 2918 alteram
1573 2866 1645 2919 na·

237 2983 368 3066 turam,
391 2996 495 3070 qnam
518 2974 704 3069 assumpsit
725 2973 762 3044 in
786 2969 885 3046 utero
907 2971 1045 3059 matris,
1071 2973 1198 3044 uirtute
1219 2969 1374 3060 deitatis,
1401 2979 1547 3042 amorte
1568 2977 1645 3065 post

236 3095 391 3170 triduum
414 3098 619 3171 surrexisse.
638 3095 824 3170 blabometi
848 3115 932 3168 vero
951 3115 1076 3190 eorpus
1100 3094 1137 3165 in
1159 3113 1239 3166 aere
1262 3089 1413 3186 pendere
1436 3091 1642 3184 didicimus,

237 3221 415 3294 obsessum
431 3217 657 3312 demonibus,
674 3219 825 3294 animam
849 3217 976 3290 Inferni
993 3216 1202 3290 cruciatibus
1219 3215 1394 3303 deditam,
1418 3217 1518 3307 cujus
1540 3237 1647 3311 opera

237 3343 420 3416 tenebrosa
439 3344 597 3434 luerunt,
623 3351 660 3415 et
681 3349 798 3414 contra
819 3341 932 3434 legem
951 3339 1101 3412 Excelsi.
1122 3339 1240 3412 Mosen
1259 3357 1343 3411 vero
1364 3339 1513 3410 amicum
1532 3338 1593 3410 Dei
1611 3347 1646 3412 et

237 3465 438 3539 familiarem
449 3486 534 3538 uera
548 3465 693 3540 docente
712 3463 839 3560 pagina
860 3463 967 3536 luisse
980 3472 1155 3545 tenemus;
1171 3462 1208 3532 in
1223 3469 1339 3534 monte
1354 3459 1461 3557 Synai
1475 3481 1555 3534 cum
1570 3461 1645 3556 ipso

237 3599 411 3662 tenentem
437 3589 626 3682 colloquia,
645 3588 703 3661 oui
727 3588 895 3660 Dominus
913 3586 1041 3658 rubum
1063 3583 1220 3657 accendit
1243 3610 1252 3655 :
1281 3605 1343 3678 per
1366 3605 1472 3679 quem
1496 3585 1596 3677 sigua
1611 3593 1646 3658 et

238 3711 408 3784 mirabilia
433 3711 512 3784 lecit
534 3711 570 3784 in
588 3711 723 3806 Egyptu
744 3719 779 3782 et
802 3707 971 3781 Hebraico
988 3708 1131 3802 populo;
1147 3707 1205 3778 lex
1223 3705 1349 3779 tradita
1366 3705 1517 3779 declarat
1531 3706 1645 3800 ipsum

238 3833 457 3928 postmodnm
483 3843 645 3908 vocatum
669 3832 716 3906 ad
741 3832 884 3926 gloriam
911 3852 992 3904 cnm
1016 3830 1146 3904 electis.
1169 3831 1207 3903 ln
1232 3831 1277 3902 iis
1304 3838 1339 3902 et
1363 3830 1442 3903 aliis
1469 3840 1646 3903 accusator

240 3967 355 4032 noster
382 3969 418 4033 et
445 3961 581 4032 emulus
613 3980 746 4056 ponens
772 3957 943 4033 adversus
967 3955 1076 4030 filium
1100 3958 1217 4031 matris
1243 3958 1395 4031 Ecclesie
1421 3957 1644 4043 scandalum,

242 4091 358 4155 euntm
373 4101 438 4154 nos
453 4082 636 4155 mendaces
658 4091 693 4155 et
713 4102 908 4156 venenosas
932 4090 1031 4155 notas
1048 4079 1180 4154 mundo
1197 4081 1380 4178 inscripsit.
1401 4080 1471 4155 Sed
1493 4082 1523 4156 si
1548 4082 1647 4155 recti·

240 4203 325 4277 tudo
337 4225 460 4277 sensus
477 4205 652 4300 apostolici
681 4226 751 4278 non
769 4205 891 4278 luisset
914 4205 1119 4278 intrinsecus
1139 4205 1317 4302 impedita,
1336 4228 1401 4282 nee
1416 4209 1647 4304 proposuisset

240 4325 408 4424 impeturn
422 4327 558 4416 rationi,
573 4328 636 4424 qui
652 4327 849 4402 dominatur
864 4329 901 4401 in
918 4329 1008 4425 ipso,
1022 4328 1181 4402 talianorr
1199 4329 1402 4426 scripsisset,
1419 4351 1485 4404 nec
1499 4329 1545 4403 ad
1562 4349 1646 4424 sug·

276 4713 313 4786 (t)
331 4713 399 4775 Vide
410 4729 540 4789 supra,p.
553 4719 615 4789 ³39,
630 4717 692 4773 ato.
