4242 5904
510 603 571 666 208
1007 597 1221 662 intonaret
1246 599 1420 662 secubet
1733 604 1812 681 [Ans.
1832 605 1917 670 12³8.

509 759 673 834 processu
690 755 859 808 novorum
876 742 991 806 nostro
1008 733 1149 806 culmini
1166 733 1352 808 destinatas
1369 735 1456 830 plari
1476 735 1655 810 allectione
1677 739 1870 834 recepimus
1884 749 1919 814 et

508 867 681 957 gratanter
693 856 926 930 intelleximus
937 856 1178 932 continentiam
1192 855 1406 932 earumdem.
1423 857 1564 932 Gratum
1579 860 1672 933 enim
1685 861 1800 950 extitit
1816 861 1918 938 valde

508 983 608 1056 nobis
626 991 662 1055 et
677 979 904 1054 desiderabile
919 980 1009 1053 votis
1030 981 1154 1053 nostris
1176 981 1322 1054 accessit
1338 980 1436 1074 quod
1459 981 1726 1076 procedentibus
1743 985 1848 1058 rebus
1870 985 1917 1060 ad

508 1107 676 1180 honorem
687 1113 841 1178 vestrum
853 1102 1021 1177 certitudo
1030 1105 1299 1198 contingentium
1313 1125 1393 1176 cnm
1409 1113 1523 1178 vestre
1538 1107 1772 1200 prosperitatis
1788 1117 1917 1180 eventu

508 1231 554 1303 ad
576 1231 731 1302 notitiam
750 1236 902 1301 nostram
923 1228 1097 1321 pervenit,
1120 1237 1158 1298 ut
1179 1249 1244 1300 nec
1261 1229 1387 1300 relator
1407 1249 1473 1300 nec
1490 1229 1582 1300 lama
1605 1229 1711 1322 possit
1732 1229 1868 1323 aliquid
1881 1230 1917 1302 iu

508 1353 716 1427 contrarium
736 1354 879 1424 alterare
902 1351 986 1444 quin
1015 1372 1137 1445 puram
1166 1350 1270 1424 fldem
1298 1351 1421 1424 vostris
1446 1350 1708 1425 adhibuerimus
1734 1352 1915 1438 intimatis;

508 1487 543 1552 et
559 1501 638 1552 cum
654 1478 699 1551 de
716 1477 837 1549 vestris
852 1475 1071 1569 processibus
1093 1474 1268 1570 pmsperis
1289 1473 1527 1548 desideremus
1544 1475 1628 1546 certi
1648 1473 1722 1546 lieri
1737 1474 1868 1568 jugiter
1884 1485 1919 1549 et

505 1601 667 1698 jocundi,
687 1600 840 1673 intererit
859 1608 973 1683 vestra
995 1600 1190 1692 frequenter
1207 1598 1485 1692 expectationem
1508 1607 1658 1670 nostram
1677 1598 1713 1668 in
1729 1605 1844 1691 optata
1855 1600 1919 1690 jo-

508 1709 685 1800 cunditate
708 1743 858 1796 servare.
886 1721 1043 1815 Cumque
1065 1719 1111 1793 de
1137 1720 1299 1814 hiisque
1323 1720 1413 1792 circa
1440 1741 1503 1794 nos
1524 1728 1673 1812 aguntur
1698 1718 1916 1793 dilectionem

507 1857 654 1922 vestram
672 1845 838 1942 preterire
855 1845 1000 1918 insciam
1017 1865 1086 1917 non
1102 1843 1268 1933 velimus,
1287 1844 1490 1916 excellentia
1509 1853 1623 1916 vestra
1639 1844 1726 1915 sciat
1742 1841 1838 1937 quod
1856 1865 1918 1939 per

508 1973 601 2044 illius
618 1970 761 2064 gratiam
779 1968 840 2062 qui
857 1977 989 2040 nostros
1005 1967 1163 2060 prevenit
1184 1976 1219 2038 et
1236 1967 1420 2040 comitatur
1437 1967 1606 2058 incessus,
1622 1966 1678 2038 oui
1698 1967 1804 2038 nostri
1827 1967 1916 2060 regi·

507 2094 611 2166 minis
624 2103 758 2186 sceptra
777 2091 955 2182 debemus
973 2091 1067 2164 omni
1081 2092 1192 2164 salute
1211 2099 1246 2164 et
1262 2091 1424 2192 felicitate
1436 2091 1609 2184 vigemus,
1628 2090 1665 2163 id
1687 2089 1781 2162 idem
1794 2092 1918 2163 vestris

508 2215 728 2312 processibus
754 2222 968 2308 exoptantes.
996 2213 1217 2308 Disponimus
1242 2215 1383 2312 insuper
1408 2224 1659 2309 temporeque
1683 2215 1796 2288 solent
1820 2236 1919 2308 rages

511 2341 556 2413 ad
585 2340 675 2412 bella
708 2337 914 2434 procedere,
941 2338 1140 2415 submonito
1169 2336 1326 2432 undique
1350 2359 1412 2432 per
1439 2337 1569 2410 ltaliam
1596 2337 1751 2410 exercitu
1778 2339 1919 2434 copioso

408 2487 412 2496 ·
511 2471 545 2536 et
569 2462 701 2554 ingenti
728 2461 848 2534 militia
875 2461 920 2535 dc
948 2461 1105 2556 partibus
1134 2461 1318 2534 Germanic
1348 2469 1553 2551 convocata,
1585 2460 1777 2556 imperialia
1808 2471 1919 2536 castra

511 2606 650 2658 movere
677 2592 711 2656 et
737 2583 938 2656 victricibus
960 2585 1084 2677 aquilis
1110 2584 1264 2657 victricia
1287 2585 1388 2678 signa
1416 2585 1604 2656 serentibus
1633 2593 1751 2657 contra
1777 2586 1920 2658 rebelles

511 2719 642 2781 nostros
665 2707 841 2802 prostratis
858 2707 1015 2779 hostibus
1032 2709 1225 2780 victoriosis
1243 2705 1708 2802 successibus'triumpbare,
1729 2709 1817 2780 sicut
1838 2730 1921 2804 sepe

512 2833 628 2928 sepius
647 2853 827 2904 successus
845 2841 978 2904 nostros
998 2833 1122 2926 pariter
1143 2844 1178 2906 et
1200 2855 1382 2928 processus
1385 2883 1916 2906 ..............

562 3080 714 3176 (Caetera
729 3078 848 3151 desum
865 3082 902 3151 io
918 3077 1075 3173 duobus.)

726 3393 1710 3413 m--Q———n——na-——uuss-——n-

437 3835 442 3847 Ι
570 3727 730 3810 lacobus
749 3724 906 3810 Girandi
925 3724 1017 3806 civis
1036 3724 1249 3828 Romanus,
1270 3723 1310 3803 in
1324 3721 1541 3844 praesentia
1558 3715 1657 3798 Petri
1678 3711 1921 3822 Frajapanis‚

514 3859 695 3946 Gualterii
726 3859 774 3940 de
807 3856 934 3940 Cicala
961 3865 999 3937 et
1032 3855 1219 3961 aliorum,
1252 3851 1469 3962 vassallagii
1501 3861 1538 3933 et
1568 3847 1757 3932 fidelitatis
1789 3869 1925 3927 sacra-

513 4001 685 4076 mentum
721 3989 909 4092 Friderico
943 3988 1160 4095 imperatori
1202 3995 1391 4095 praestat,
1432 3983 1642 4066 amicornm
1684 3979 1925 4088 imperatoris

514 4125 726 4234 adjutorem
753 4133 791 4205 et
813 4120 1116 4204 adversariorum
1146 4119 1228 4228 ejus
1258 4117 1490 4200 contrarium
1509 4139 1550 4198 se
1567 4113 1650 4198 iore
1677 4111 1925 4220 promittens,

514 4255 764 4338 salvatamen
783 4251 889 4362 quod
912 4251 1090 4334 dominns
1108 4253 1312 4359 imperator
1330 4273 1408 4332 non
1428 4249 1554 4332 veniat
1576 4246 1626 4328 ad
1650 4265 1829 4356 guerram
1847 4265 1927 4351 ge-

514 4388 797 4470 neralitercnm
815 4384 1010 4468 Romanis.
1256 4377 1259 4382 ’

596 4601 720 4676 (lnedtt.
736 4617 773 4662 ex
787 4599 921 4678 originali
934 4603 965 4659 in
978 4599 1098 4660 archivo
1116 4603 1243 4660 monast.
1266 4597 1499 4674 Monusrtrgtn„
1515 4593 1576 4654 vol.
1597 4591 1644 4667 X,
1665 4603 1798 4668 pergam.
1813 4593 1850 4658 6,
1871 4583 1928 4645 ubl

634 4706 780 4786 quaedam
792 4707 883 4770 verba
896 4724 933 4768 ex
947 4713 1112 4785 temporum
1127 4708 1236 4784 injuria
1249 4707 1306 4783 legi
1320 4721 1381 4766 non
1394 4699 1543 4781 possunt.)
