4278 5920
1018 608 1230 671 FlllllElllCl
1255 611 1426 672 sactum
1741 612 1825 692 [Mn.
1844 615 1928 682 last.

313 1135 493 1244 unffi..
584 1127 789 1236 Imperator
818 1123 879 1206 die
919 1122 1068 1206 sabbati
1100 1122 1166 1205 XII
1195 1121 1338 1204 mensis
1371 1121 1584 1206 decembris
1615 1121 1798 1231 equitavit
1828 1129 1929 1235 apud

317 1241 345 1283 ²⁶
355 1242 485 1289 dmm·
517 1259 836 1368 Pizunguitonnm
854 1255 1075 1365 dimisitque
1092 1255 1197 1338 abiro
1214 1255 1430 1338 Laudenses
1448 1254 1515 1337 XII
1533 1255 1582 1336 de
1599 1253 1820 1339 melioribus
1837 1283 1928 1340 aar·

516 1390 650 1473 ceratis
667 1391 819 1474 Laudae
837 1415 934 1500 quos
952 1395 1101 1498 ceperat
1118 1389 1169 1468 ad
1186 1386 1351 1494 bellum,
1372 1385 1440 1494 qui
1467 1385 1596 1468 statim
1623 1396 1668 1470 ut
1693 1385 1927 1474 intraverunt

515 1523 703 1606 civitatem
739 1548 872 1606 eorum
917 1521 1177 1604 clamaverunt
1212 1549 1222 1600 ε
1258 1518 1317 1601 Ad
1350 1519 1480 1601 arma!
1517 1518 1734 1602 Laudenses
1768 1521 1927 1605 veroin

514 1654 716 1736 concordia
735 1655 920 1739 Octonem
933 1651 1199 1734 vicecomitem
1216 1651 1264 1732 de
1282 1649 1626 1733 Mediolanensibus
1645 1676 1779 1733 eorum
1792 1663 1926 1760 potes·

512 1794 630 1868 tatem
669 1785 718 1867 de
752 1784 939 1894 regimine
966 1781 1212 1892 expulerunt,
1250 1790 1289 1864 et
1322 1779 1499 1862 custodes
1534 1791 1733 1889 portarum
1769 1783 1926 1867 civitatis

512 1914 664 2030 Laudae
699 1915 768 2025 qui
813 1915 987 1998 similiter
1030 1923 1139 1997 crant
1173 1914 1222 1996 de
1257 1911 1601 1998 Mediolanensibus
1640 1924 1834 2022 oeperunt.
1872 1915 1927 2002 Ea

512 2072 679 2156 namque
696 2047 759 2129 die
787 2045 993 2156 imperator
1019 2046 1208 2130 civitatem
1225 2044 1377 2128 Laudae
1395 2031 1562 2144 intrarit.
1584 2045 1823 2128 neroniade
1845 2049 1922 2130 rel.

511 2178 553 2260 in
569 2181 659 2262 ltal.
682 2177 812 2285 qestis,
835 2205 876 2288 p.
901 2178 992 2260 170.
1012 2177 1211 2261 -Mense
1232 2175 1424 2260 decembri
1449 2176 1581 2260 Lauda
1609 2177 1681 2286 ipsi
1709 2177 1926 2288 imperatori

512 2337 552 2393 sc
575 2309 741 2393 reddidit
769 2319 807 2392 et
831 2309 887 2393 ibi
913 2310 1040 2394 natale
1065 2307 1218 2392 Domini
1248 2333 1340 2392 oum
1370 2308 1476 2392 omni
1511 2308 1679 2418 tripudio
1707 2309 1921 2400 celebravit.

511 2444 610 2526 llrcc.
632 2469 678 2524 na
696 2442 737 2526 S.
760 2443 880 2528 Gran.
903 2441 1074 2527 Chaonio.
1097 2446 1148 2524 od
1165 2469 1254 2523 ano.
1279 2442 1397 2524 1257.

561 2977 704 3061 Deinde
723 2975 840 3060 frater
856 2975 932 3060 Leo
949 3001 1038 3058 oum
1057 2973 1141 3058 aliis
1167 2973 1355 3084 religiosis
1381 2975 1429 3056 dc
1454 2973 1637 3056 mandato
1654 2972 1918 3059 Mediolanen-

508 3111 608 3193 sium
631 3112 680 3194 ad
707 3109 896 3193 civitatem
917 3109 1070 3192 Laudae
1094 3115 1350 3214 accesserunt,
1374 3106 1541 3189 dicentes
1563 3106 1720 3190 domino
1746 3106 1919 3215 impera-

506 3245 579 3326 tori
597 3245 702 3352 qnod
719 3242 1016 3328 Mediolanenses
1033 3240 1211 3326 volebant
1233 3239 1267 3322 ei
1285 3239 1444 3322 reddere
1461 3249 1500 3322 et
1516 3241 1608 3323 dare
1635 3264 1725 3322 suas
1753 3239 1919 3322 rationes

505 3388 543 3460 et
567 3375 676 3486 jura,
702 3385 742 3458 et
767 3374 967 3484 pecuniam
999 3375 1049 3456 ad
1078 3399 1189 3456 suam
1221 3371 1466 3458 voluntatem¹
1481 3371 1515 3454 ei
1542 3372 1658 3480 dare,
1683 3371 1812 3454 dando
1838 3370 1918 3480 ipse

505 3509 709 3590 fidanciam
735 3507 875 3590 civitati
901 3517 939 3589 et
965 3505 1164 3589 comitatui
1186 3503 1402 3589 Mediolani.
1432 3503 1641 3613 Imperator
1670 3527 1760 3586 uero
1785 3501 1917 3586 habito

396 3723 402 3748 ,
505 3641 662 3724 consilio
698 3666 786 3722 oum
822 3638 1139 3723 Cremonensibus
1169 3647 1208 3720 et
1236 3635 1482 3745 Papiensibus
1517 3634 1711 3744 respondit
1748 3643 1788 3717 et
1821 3633 1917 3717 dixit

504 3774 613 3856 fratri
631 3771 746 3856 Leoni
764 3771 869 3882 quod
887 3797 964 3856 non
985 3770 1268 3880 reciperatam,
1290 3769 1364 3850 nisi
1381 3767 1537 3851 haberet
1558 3767 1745 3851 civitatem
1763 3775 1801 3850 et
1817 3791 1913 3876 per-

504 3931 618 3989 sonas
653 3903 990 3990 Mediolanensium
1031 3904 1081 3986 ad
1126 3927 1236 3986 suam
1275 3901 1523 3985 voluntatem.
1557 3899 1637 3982 Hoc
1672 3897 1804 3981 audito

503 4037 823 4144 [Mediolanenses]
841 4035 1018 4119 dixerunt
1035 4061 1076 4118 se
1093 4034 1181 4118 inde
1199 4033 1345 4144 aliquid
1362 4059 1440 4118 non
1459 4033 1625 4116 facturos
1643 4030 1720 4142 (l).
1738 4029 1908 4113 chronio.

502 4174 548 4251 dc
567 4170 644 4252 reb.
666 4167 708 4250 in
724 4169 814 4251 ltal.
834 4166 960 4276 qenes,
980 4193 1020 4277 p.
1045 4170 1137 4250 171.

537 4431 570 4508 (7)
585 4431 654 4503 Quid
669 4429 763 4490 eadam
775 4430 914 4488 occasione
927 4428 1070 4488 Placentini
1083 4429 1117 4486 ad
1130 4443 1226 4502 pacem
1239 4442 1288 4501 pro
1302 4432 1380 4501 parte
1391 4441 1441 4484 aua
1453 4423 1621 4482 tractmdam
1634 4421 1804 4494 unuwnnt,
1819 4425 1908 4480 narrat

501 4545 608 4604 quoque
623 4542 773 4602 anonymus
786 4532 887 4598 auctor,
902 4542 931 4600 p.
949 4527 1011 4598 777,
1027 4527 1088 4584 ⁴72.
1105 4525 1169 4582 Post
1181 4525 1281 4598 aliquot
1293 4537 1388 4593 annos,
1403 4523 1504 4581 scilieet
1515 4521 1543 4578 in
1556 4519 1689 4594 encycliae
1702 4518 1775 4576 circa
1786 4533 1907 4577 mensam

498 4627 593 4703 julium
606 4628 744 4685 ineuntem
758 4627 828 4684 ml
845 4624 1011 4696 conscripta,
1026 4623 1084 4698 ipse
1095 4623 1237 4698 imperator
1253 4623 1328 4697 pacis
1340 4629 1404 4680 tune
1416 4620 1549 4679 beandas
1562 4617 1725 4678 conditiones
1737 4615 1837 4675 trustra
1849 4614 1905 4689 agi-

503 4733 574 4783 tatas
586 4731 728 4796 memorat,
741 4721 885 4798 dequibus
898 4721 999 4780 nullum
1012 4720 1085 4780 aliud
1097 4726 1300 4781 monumentum
1314 4725 1447 4794 superest.
