4224 5898
472 575 534 635 276
977 583 1187 644 FlllDElllCl
1213 582 1387 643 statuunt
1694 579 1774 662 [Anu.
1793 579 1876 640 1239.

555 737 676 814 (lnedlt.
693 757 731 800 ex
752 741 832 800 arch.
850 743 989 818 praaleet.
1010 743 1140 821 Massll.‚
1167 745 1246 802 Teer
1259 741 1300 802 do
1317 743 1424 818 utam,
1442 749 1471 800 a·
1485 741 1581 816 emt,
1597 748 1627 800 8·
1642 735 1734 798 lebete.
1754 741 1799 799 Ex
1822 739 1880 798 erl-

594 847 684 923 ginalt
706 847 836 924 slglllum
860 864 1021 924 appensum
1045 853 1131 925 perlit
1146 869 1154 909 :
1172 857 1324 910 remanent
1344 856 1444 910 nmen
1466 846 1519 907 fila
1539 849 1631 907 serica
1651 845 1722 907 fiavl
1746 852 1778 906 et
1799 845 1881 906 rabel

592 951 721 1029 eoloris.)

517 1153 554 1221 lu
579 1151 716 1223 nouriue
738 1163 855 1222 sancte
876 1169 910 1222 et
925 1152 1107 1224 individue
1126 1154 1310 1225 Trinitatis.
1328 1153 1520 1225 Fridericus
1544 1151 1733 1239 secundus,
1761 1149 1879 1222 divina

472 1277 607 1346 lavenle
625 1275 805 1345 elementia
826 1276 1054 1346 Romanorum
1075 1276 1258 1368 imperator
1278 1298 1413 1370 semper
1429 1288 1615 1368 augustuS,
1639 1275 1827 1346 Jerusalem
1847 1282 1880 1345 et

470 1399 584 1470 Sicilie
597 1420 672 1468 rex.
689 1398 795 1468 Iustis
807 1397 959 1470 fidelium
974 1410 1165 1470 nostrorum
1178 1400 1483 1494 supplicationibus
1496 1397 1771 1470 condescendere
1786 1396 1880 1488 cogi·

471 1543 547 1592 mur
564 1541 652 1612 quas
677 1521 742 1590 nisi
765 1521 995 1592 favorabiliter
1013 1520 1232 1608 audiremuS,
1258 1523 1427 1594 obaudire
1451 1522 1547 1614 quod
1563 1525 1654 1612 juste
1679 1521 1807 1614 petitur
1822 1541 1881 1612 per

469 1645 629 1736 injuriam
649 1643 858 1715 videremur.
882 1643 967 1715 Inde
991 1652 1041 1715 est
1066 1644 1161 1737 quod
1186 1665 1250 1716 nes
1273 1645 1318 1717 ad
1339 1646 1624 1741 supplicationem
1647 1644 1881 1715 universitatis

470 1767 618 1839 civitatis
634 1766 875 1839 Avinioncnsis
895 1777 1088 1838 nostrorum
1107 1765 1283 1856 fidelium,
1309 1779 1379 1839 tam
1402 1770 1575 1841 civitatem
1592 1767 1751 1840 eamdem
1774 1787 1879 1858 qnam

469 1901 618 1964 nostram
652 1899 686 1962 et
718 1891 851 1985 imperii
881 1900 1080 1985 reputamus
1102 1912 1272 1963 eameram
1300 1892 1481 1986 specialem
1512 1913 1616 1986 quam
1641 1899 1675 1962 et
1699 1890 1879 1960 universos

467 2015 626 2088 homiues
655 2013 847 2086 habitantes
874 2015 909 2084 in
934 2036 975 2085 ea
1008 2035 1088 2084 eum
1113 2014 1274 2086 omnibns
1299 2016 1399 2088 honis
1427 2037 1546 2086 eorum
1568 2035 1638 2108 que
1668 2014 1704 2083 ic
1732 2033 1878 2108 presen-

467 2141 591 2210 tiarum
614 2139 707 2230 juste
730 2146 846 2209 tenent
868 2147 902 2210 et
925 2137 1104 2232 possident
1126 2149 1160 2210 et
1183 2139 1218 2208 iu
1244 2149 1343 2210 antea
1367 2141 1461 2230 justo
1486 2139 1585 2210 titulo
1612 2145 1772 2232 poterunt
1799 2135 1877 2207 adi-

466 2262 573 2358 pisci,
600 2263 666 2332 snb
694 2272 806 2333 nostra
833 2271 867 2332 et
883 2261 1015 2355 imperii
1041 2263 1248 2355 protectione
1267 2259 1460 2356 recepimus
1482 2263 1641 2355 speciali,
1667 2261 1714 2332 ita
1735 2269 1774 2331 nt
1793 2261 1876 2331 nulli

466 2387 524 2458 alii
560 2407 702 2480 persone
738 2385 803 2456 nisi
839 2385 939 2456 nobis
972 2394 1005 2456 et
1042 2385 1186 2479 imperio
1219 2395 1351 2456 tantum
1385 2386 1421 2454 in
1452 2386 1569 2478 aliquo
1603 2393 1796 2456 teneantur.
1828 2385 1878 2456 De

468 2509 733 2581 habundantiori
755 2529 894 2601 quoque
921 2509 1135 2580 celsitudinis
1155 2519 1270 2581 nostre
1293 2511 1402 2602 gratia
1423 2507 1587 2604 predictis
1612 2509 1772 2580 fidelibus
1793 2531 1877 2580 nes-

468 2634 526 2703 tris
558 2653 677 2704 omnes
706 2633 815 2703 bonos
847 2655 932 2704 usus
960 2642 995 2703 et
1023 2633 1230 2737 approbatas
1256 2633 1528 2705 consuetudines
1555 2632 1683 2726 quibus
1709 2633 1762 2702 nsi
1797 2641 1878 2702 sunt

467 2756 648 2845 haelenae,
667 2753 924 2846 eonfirmamns,
949 2756 1151 2827 mandantes
1169 2766 1204 2827 et
1221 2757 1389 2850 presentis
1409 2757 1526 2850 scripti
1544 2756 1745 2827 sanctientes
1763 2755 1876 2828 edicto

465 2889 636 2972 quatenus
661 2879 754 2949 nulla
783 2900 927 2972 persona
957 2879 1024 2949 alta
1054 2879 1112 2954 uel
1148 2879 1308 2968 humilis,
1342 2879 1570 2951 ecelesiastica
1602 2880 1656 2949 vel
1688 2879 1873 2966 secularis,

466 3011 582 3072 eontra
601 3001 769 3095 presentis
782 3001 954 3094 privilegii
970 3003 1076 3073 nostri
1096 3011 1247 3074 tenorem
1270 3001 1459 3096 predictam
1479 3003 1739 3074 universitatem
1757 3001 1876 3073 fideles

465 3133 599 3196 nostros
623 3147 710 3196 ausu
739 3125 918 3196 temerario
945 3125 1136 3218 inquiet-are
1159 3147 1222 3196 sen
1247 3126 1449 3218 perturbare
1474 3134 1660 3218 presumat.
1685 3125 1787 3209 Quod
1813 3124 1876 3218 qui

465 3248 720 3342 presumpserit,
738 3248 1010 3341 indignationem
1023 3249 1181 3320 culminis
1198 3249 1305 3320 nostri
1325 3269 1362 3320 se
1374 3248 1507 3320 noverit
1519 3249 1737 3320 incursurum
1749 3257 1783 3319 et
1796 3269 1876 3320 een·

465 3381 537 3441 tum
561 3371 666 3442 librae
686 3371 762 3442 anri
786 3371 906 3465 optimi
931 3393 993 3466 pro
1013 3393 1101 3466 pena
1124 3371 1412 3466 compositurum,
1430 3394 1578 3466 quarum
1601 3371 1769 3444 medietas
1791 3370 1876 3444 fiseo

464 3505 579 3566 nostro
603 3495 792 3586 etreliqua
816 3496 981 3567 medietas
1012 3497 1121 3589 passis
1145 3496 1305 3586 injuriam
1331 3496 1532 3590 applicetur.
1556 3495 1611 3568 Ad
1635 3495 1740 3586 hujus
1758 3495 1876 3588 itaque

464 3617 680 3712 protectionis
700 3628 734 3689 et
752 3617 1016 3690 confirmationis
1032 3629 1145 3690 nostre
1167 3619 1366 3690 memoriam
1387 3627 1421 3690 el
1439 3619 1543 3690 robur
1561 3627 1726 3713 perpetuo
1745 3619 1874 3689 valitu-

463 3763 558 3831 rum,
580 3761 718 3833 presens
739 3741 960 3834 privilegium
977 3742 1048 3813 fieri
1072 3751 1105 3814 et
1122 3743 1231 3834 sigillo
1255 3743 1441 3833 majestatis
1465 3753 1579 3813 nostre
1592 3741 1760 3832 jussimus
1778 3762 1873 3814 com-

463 3865 602 3936 muniri.

510 3988 620 4078 Hujus
637 3987 686 4057 rei
713 3997 816 4058 testes
842 3997 947 4060 sunt:
973 3989 1179 4060 venerabilis
1197 3990 1380 4061 Teanensis
1404 3989 1697 4082 archiepiscopus,
1718 3987 1765 4058 lll.
1791 3987 1871 4058 Par·

462 4109 606 4195 mensis,
632 4109 672 4180 lt.
695 4109 868 4202 Reginus,
896 4111 934 4180 G.
963 4113 1149 4201 Lunensis,
1157 4164 1230 4183 .....
1252 4112 1302 4207 (o)
1328 4111 1506 4182 imolensis
1532 4109 1705 4204 episcopi,
1727 4109 1873 4180 Obertus

462 4232 615 4304 marchio
629 4233 857 4324 Palavicinus,
876 4235 916 4304 lt.
935 4255 1048 4306 eomes
1066 4236 1180 4307 Sancti
1196 4236 1382 4323 Bonilacii,
1398 4237 1525 4329 Symon
1539 4255 1652 4305 comes
1670 4233 1868 4324 Theatinus,

460 4354 632 4448 Tepaldus
651 4356 870 4444 Franciseus,
893 4358 965 4429 Rao
988 4358 1032 4430 de
1050 4360 1300 4445 Trentenariis,
1326 4359 1479 4450 magistri
1504 4358 1623 4429 Petrus
1647 4357 1692 4429 de
1710 4357 1817 4429 Vinea
1836 4367 1872 4428 et

458 4477 619 4550 Taddeus
637 4478 682 4550 de
697 4481 819 4552 Suessa
839 4503 964 4572 magne
982 4482 1076 4553 eoric
1095 4493 1208 4553 nostre
1224 4483 1374 4574 judiees.

499 4666 540 4746 (a)
563 4667 611 4729 Sle
623 4671 654 4728 in
668 4671 821 4749 ortglnall,
837 4675 947 4733 omtsse
960 4673 1066 4732 lnltlall
1080 4673 1207 4732 nomlnts
1221 4672 1327 4732 llttere.
