4224 5898
498 589 558 650 270
996 593 1211 654 lntnnutct
1235 592 1409 654 sectant
1724 591 1801 676 [dur.
1821 591 1905 654 123&

497 724 602 797 dante
628 722 676 820 (a)
697 725 833 819 pridem
857 728 1044 821 apostolico
1073 741 1172 824 patre
1193 729 1240 802 de
1265 751 1308 802 eo
1327 727 1483 801 noudum
1507 727 1637 799 bouum
1655 725 1730 821 (ric)
1746 737 1907 822 uuquam

497 849 543 922 de
570 849 709 922 bomine
733 871 837 943 quem
867 851 1033 924 offerebat
1060 853 1131 925 vite
1159 853 1325 944 celebris,
1354 850 1626 946 evangelizanda
1650 852 1744 944 pacis
1765 851 1907 924 andum

496 983 532 1047 et
558 974 662 1046 nostri
686 973 865 1046 zelatorem
890 973 1049 1066 honoris,
1074 976 1156 1048 licet
1181 977 1283 1050 uobis
1305 973 1533 1070 allegantibus
1548 974 1746 1067 opinionem
1769 985 1909 1046 eontra—

496 1097 584 1168 riam
620 1107 655 1168 et
690 1097 921 1191 suspicionem
945 1097 1169 1202 justissimam
1199 1100 1234 1170 iu
1264 1098 1449 1188 eumdem,
1474 1119 1522 1170 eu
1551 1097 1713 1168 instinctu
1752 1097 1907 1190 ejusdem

497 1221 628 1314 experti
656 1221 786 1292 inimus
813 1221 849 1292 iu
872 1221 989 1294 medic
1018 1232 1211 1295 nostrorum
1238 1221 1393 1297 bdelium
1420 1221 1661 1316 corruptelam.
1691 1220 1793 1293 Venit
1816 1222 1908 1294 euim

496 1364 567 1415 uon
586 1344 822 1436 evangelizare
843 1365 986 1438 pacem,
1016 1345 1080 1418 sed
1104 1345 1261 1436 gladium
1292 1345 1496 1418 turbationis
1519 1365 1662 1434 acuere,
1688 1342 1808 1416 fideles
1827 1365 1908 1418 uos·

497 1477 616 1540 trosa
651 1465 720 1540 lide
753 1477 949 1562 pervertere
980 1477 1015 1542 et
1046 1471 1081 1540 iu
1116 1469 1277 1542 fidelibus
1305 1469 1459 1543 tomitem
1488 1468 1740 1564 superstitionis
1766 1467 1906 1559 afferre,

497 1592 587 1665 adeo
605 1602 643 1662 ut
665 1593 693 1664 si
709 1593 754 1666 ab
769 1593 984 1688 experientia
1003 1594 1080 1664 lacti
1094 1603 1187 1666 recte
1210 1593 1403 1688 speculator
1421 1592 1580 1687 inspiciat
1599 1591 1795 1686 sequeutia,
1816 1592 1910 1664 veri-

498 1716 576 1787 tatis
599 1715 798 1809 indaginem
827 1716 1055 1790 demorabunt
1077 1715 1180 1810 (ric),
1207 1725 1242 1790 et
1264 1739 1365 1789 casus
1392 1715 1548 1790 bdelium
1573 1717 1635 1811 qui
1658 1737 1719 1810 per
1742 1715 1909 1787 humilem
1969 1715 1974 1724 '

497 1839 790 1911 conversationem
814 1839 915 1910 vitari
938 1849 1143 1934 potuerunt,
1173 1840 1248 1934 ipso
1272 1839 1376 1912 dante
1399 1861 1539 1912 causam
1557 1839 1714 1927 eventui,
1741 1861 1805 1934 per
1827 1860 1907 1911 eum

496 1963 664 2056 originem
691 1961 887 2034 babuerunt
913 1963 969 2034 vel
995 1963 1212 2035 invenerunt.
1236 1965 1352 2058 Nuper
1381 1963 1497 2056 euim,
1523 1961 1620 2057 quod
1642 1983 1712 2034 non
1733 1963 1909 2057 potuimus

497 2087 630 2180 absque
652 2085 879 2158 admiratione
897 2087 1127 2181 perpendere,
1146 2087 1253 2159 velud
1274 2089 1304 2159 si
1331 2087 1436 2160 corde
1463 2096 1582 2160 nostro
1603 2096 1673 2159 tam
1691 2087 1791 2158 brevi
1811 2087 1908 2160 etde

497 2208 589 2281 lacili
614 2208 746 2304 prolabi
773 2215 958 2303 potuerunt
986 2209 1070 2282 dicti
1097 2209 1248 2282 bominis
1272 2211 1455 2299 lectiones,
1482 2207 1691 2283 venerabilis
1715 2211 1751 2282 iu
1776 2209 1909 2284 Christo

496 2343 594 2430 pater
611 2355 768 2407 summus
785 2333 942 2428 pontifex
962 2343 1077 2407 nostre
1097 2335 1289 2408 securitmis
1311 2336 1440 2407 litteras
1457 2355 1519 2430 pru
1544 2334 1665 2408 eodem
1687 2336 1850 2430 episcopo
1872 2335 1907 2406 iu

495 2457 711 2530 Provinciam
728 2467 844 2530 eontra
865 2457 1035 2530 hereticos
1060 2456 1113 2554 (l)
1133 2457 1383 2553 proficiscendo
1403 2458 1502 2554 petiit
1527 2457 1698 2532 exbiberi.
1718 2460 1809 2531 Saue
1829 2479 1908 2530 cum

495 2583 590 2674 regio
606 2591 784 2676 pretaxato
800 2579 945 2676 imperio
961 2590 1076 2653 nostro
1092 2583 1260 2677 pertineat
1274 2591 1309 2655 et
1329 2582 1465 2656 occasio
1480 2603 1587 2654 cause
1599 2583 1763 2675 majorem
1776 2589 1907 2677 partem

495 2707 573 2778 tatis
583 2705 681 2799 regui
692 2704 971 2799 contingatquod
982 2715 1137 2779 nostrum
1149 2715 1201 2779 est
1211 2717 1246 2779 et
1257 2706 1392 2802 imperii
1401 2707 1563 2802 speciale,
1575 2714 1610 2778 et
1616 2707 1733 2797 junior
1746 2705 1790 2778 de
1803 2707 1908 2778 veteri

495 2829 598 2901 iaciat
612 2839 756 2900 ventura
774 2828 905 2920 timeri,
927 2837 961 2900 et
975 2831 1222 2922 pronunciatus
1237 2831 1491 2925 evangelizator
1505 2831 1601 2925 pacis
1619 2829 1699 2901 olim
1719 2830 1755 2902 in
1775 2830 1906 2902 ltaliam

496 2951 687 3025 destinatus
707 2951 870 3025 inventus
885 2952 941 3043 sit,
961 2953 1100 3025 forsitan
1118 2953 1162 3047 (l)
1180 2963 1292 3048 preter
1310 2975 1406 3049 spem
1424 2961 1458 3026 et
1473 2953 1727 3048 suggestionem
1746 2953 1908 3048 apostoli·

495 3097 589 3167 cam,
610 3077 644 3146 in
669 3075 784 3148 medio
806 3085 1001 3150 nostrorum
1024 3077 1178 3151 fidelium
1201 3076 1346 3172 perfidie
1371 3099 1414 3151 ac
1436 3077 1591 3150 scandali
1617 3076 1820 3163 seminator,
1848 3097 1908 3170 pes

494 3201 570 3291 ejus
590 3197 635 3272 de
658 3211 772 3272 nostra
792 3200 932 3273 licentia
956 3209 1080 3272 terram
1099 3201 1251 3295 ipsarum
1272 3201 1421 3296 partium
1441 3222 1511 3274 uon
1530 3200 1687 3274 calcabit.
1708 3201 1795 3272 Suut
1813 3200 1907 3270 euim

459 3312 463 3322 ’
494 3323 579 3396 alias
602 3323 691 3396 circa
708 3323 752 3420 (b)
768 3323 885 3396 sedem
904 3324 1125 3418 apostolicam
1144 3321 1210 3396 viri
1233 3324 1326 3398 omni
1344 3323 1548 3419 exceptione
1571 3325 1736 3417 majores,
1761 3343 1851 3418 quus
1873 3331 1909 3396 et

493 3447 587 3518 zelus
616 3447 752 3520 Domini
774 3458 809 3520 et
839 3449 1050 3542 legationum
1069 3449 1283 3544 experientia
1307 3449 1437 3544 ubique
1457 3459 1625 3522 terrarum
1646 3448 1812 3546 speciales
1832 3449 1908 3536 jam

533 3605 576 3687 (a)
597 3609 633 3670 ln
646 3609 746 3670 codice
759 3607 837 3690 qnod
848 3607 961 3672 amodo.

535 3711 575 3794 (e)
596 3714 633 3775 n
646 3715 872 3777 anascevae.

526 4061 562 4132 (4)
580 4059 655 4117 Brulla
667 4059 790 4132 Gregorii
803 4075 887 4135 papae
900 4076 953 4133 qun
963 4061 1118 4118 Preuestino
1131 4060 1258 4136 episeopo
1271 4061 1431 4135 legationem
1444 4061 1606 4135 inpartibus
1618 4058 1805 4133 Albigeusibue
1817 4063 1846 4116 et
1854 4059 1908 4116 To·

490 4155 589 4214 losauis
604 4157 781 4214 exercendam
794 4156 948 4228 committit,
963 4157 1025 4216 data
1042 4165 1084 4216 eet
1095 4159 1227 4230 tamtam,
1245 4159 1281 4216 lll
1293 4159 1355 4217 idus
1368 4159 1442 4231 mai,
1456 4174 1527 4216 anuo
1539 4159 1603 4228 xil,
1619 4157 1722 4216 scilicet
1732 4159 1812 4214 4333.
1823 4155 1909 4213 Adest

490 4253 618 4326 originale
629 4255 655 4310 in
667 4254 776 4310 archivo
788 4253 886 4312 Galliae
899 4253 1052 4328 praecipuo,
1064 4257 1158 4313 lrtsor
1171 4256 1214 4313 des
1224 4256 1341 4327 obortae,
1356 4257 1380 4312 J.
1392 4259 1454 4328 430,
1464 4265 1497 4313 u⁰
1511 4259 1554 4314 ta.
1566 4257 1627 4313 Nou
1639 4270 1704 4312 vero
1715 4259 1776 4312 aute
1784 4267 1907 4310 mensem

489 4349 671 4424 septembrem
684 4351 727 4408 vel
737 4349 872 4407 octobrem
886 4351 948 4408 anui
960 4353 1098 4426 mouentis
1109 4353 1295 4410 Prenestinum
1308 4353 1464 4427 episcopum
1472 4349 1785 4411 Oocttanianadvsnissa
1798 4365 1907 4423 cumpe-

489 4448 587 4518 n'mus,
601 4447 667 4503 dum
682 4445 771 4503 adbuc
785 4445 903 4504 Soranus
916 4447 1059 4522 episcopus
1077 4464 1171 4506 meuse
1190 4448 1327 4508 tebruerto
1345 4453 1414 4509 4333
1431 4449 1517 4506 iubis
1533 4449 1654 4523 partibus
1668 4447 1798 4520 legatione
1812 4445 1906 4518 bruge

489 4543 623 4602 retur.Cl.
633 4543 858 4614 Vatessru,llirt.
868 4543 899 4600 de
913 4544 1063 4618 burgred,
1078 4552 1099 4602 t.
1110 4547 1156 4616 vt,
1170 4562 1198 4619 p.
1212 4547 1257 4604 tv.
1273 4546 1381 4620 lentur
1394 4561 1502 4621 quoque
1514 4547 1585 4621 apud
1593 4547 1666 4604 Ricc.
1681 4545 1715 4603 de
1728 4545 1757 4603 S.
1768 4543 1905 4601 Germano

489 4637 524 4693 ad
536 4651 657 4694 mensem
670 4635 844 4694 novembrem
857 4639 925 4694 4233
943 4654 951 4694 ι
969 4658 983 4691 u
1002 4637 1089 4696 Guido
1100 4637 1220 4696 Sursum
1232 4639 1377 4713 episcopus
1389 4638 1495 4712 legatus
1506 4655 1522 4698 a
1534 4653 1604 4714 papa
1616 4638 1645 4696 iu
1659 4635 1825 4696 Provinciam
1839 4633 1906 4692 mit-

488 4731 588 4790 titur.»
602 4733 654 4808 Ap.
668 4733 831 4806 Mauros,
845 4733 989 4810 scriptor„
1005 4740 1025 4792 t.
1038 4735 1099 4806 vn,
1112 4751 1140 4808 p.
1157 4735 1237 4794 tcto.
