4228 5892
215 559 315 618 lunrcr.
335 551 394 636 l3.]
662 549 858 618 HISTORIA
877 549 1172 612 blrlouerlcrl.
1263 559 1270 572 ¹
1564 551 1624 615 38¹1

216 689 352 786 imperii
368 687 550 760 nobiscnm
564 684 806 776 existentibus,
827 687 968 760 feliciter
982 687 1142 760 venimus
1160 684 1255 782 apud
1264 685 1450 759 Lambrum
1465 687 1540 759 ubi.
1571 741 1580 759 .
1611 741 1621 760 .

220 861 594 886 ..........
613 830 693 881 cum
711 831 830 882 eorum
847 811 1028 884 carrocciis
1046 821 1081 884 et
1095 811 1241 883 aliorum
1257 808 1413 883 fidelium
1430 819 1625 885 nostrornm

217 939 370 1033 ipsarum
387 934 535 1030 partium
551 931 718 1006 infinitam
735 935 870 1030 copiam
887 936 1081 1032 recepimus
1100 944 1325 1026 armatorum,
1343 944 1378 1008 et
1393 919 1477 1007 dum
1495 937 1626 1010 ibidem

216 1059 412 1134 coadunato
430 1055 588 1150 undique
604 1057 758 1128 exercitu
781 1067 897 1130 nostro
917 1058 974 1130 cui
989 1080 1011 1130 a
1027 1058 1144 1130 multis
1167 1066 1256 1130 retro
1273 1059 1484 1152 temporibus
1504 1060 1626 1134 similis

217 1205 287 1256 non
305 1191 357 1256 est
374 1181 492 1272 visus,
508 1181 553 1254 de
568 1180 788 1274 aggressione
805 1180 1114 1256 Mediolanensinm
1132 1191 1325 1254 nostrorum
1341 1181 1520 1254 rebellium
1538 1204 1626 1256 nos-

218 1315 271 1380 tra
284 1305 480 1403 prudentia,
498 1305 657 1378 invocata
669 1326 775 1379 manu
789 1305 937 1392 Domini,
954 1305 1140 1396 ordinaret,
1158 1300 1241 1404 [isti]
1254 1305 1316 1399 qni
1329 1305 1497 1378 exercitui
1511 1315 1626 1382 nostro

217 1432 309 1506 circa
324 1430 611 1504 constructionem
627 1431 734 1504 unius
753 1431 869 1504 fossati
888 1431 984 1525 quod
1003 1431 1172 1502 internos
1189 1438 1223 1502 et
1238 1430 1331 1526 ipsos
1350 1431 1516 1526 parabant
1533 1432 1627 1524 obji-

218 1577 296 1629 cere
312 1556 494 1630 adorante
509 1555 643 1647 vicino,
663 1555 823 1628 victrices
838 1555 971 1650 aquilas
987 1566 1119 1628 nostras
1135 1575 1205 1628 non
1224 1564 1303 1626 sunt
1317 1555 1393 1629 ansi
1409 1555 1546 1640 videre;
1567 1575 1628 1650 per

218 1680 282 1752 tn'a
298 1679 443 1752 miliaria
461 1679 553 1752 eirca
576 1687 672 1774 septa
689 1678 864 1751 districtus
886 1679 939 1750 sni
961 1699 1083 1751 versus
1107 1679 1341 1753 Mediolanum
1365 1678 1485 1773 pavidi
1503 1680 1628 1752 conlu-

224 1811 363 1898 gernnt,
379 1810 554 1897 tantaque,
571 1800 692 1874 divina
707 1800 851 1876 dextera
865 1801 1093 1896 ochoperante
1107 1801 1233 1874 cotidie
1249 1801 1446 1892 nobiscum,
1464 1802 1628 1874 fortunati

220 1925 397 2000 exercitus
416 1925 523 1999 nostri
547 1925 731 1999 victoriosa
751 1925 934 1998 multitudo
958 1927 1148 2019 congressit
1168 1923 1245 2022 (sic)
1267 1924 1363 2019 quod
1384 1925 1553 2018 generalis
1576 1935 1629 1998 est

219 2049 336 2144 opinio
366 2057 401 2122 et
428 2048 614 2123 credulitas
641 2048 856 2141 singulorum
885 2058 925 2120 ut
946 2049 1123 2122 rebellium
1147 2057 1341 2121 nostrorum
1367 2056 1630 2144 presumptuosa

220 2173 395 2248 temeritas
400 2175 471 2266 jam
486 2172 619 2268 imperii
632 2172 738 2246 nostri
752 2192 917 2244 mucrone
929 2173 1073 2244 contrita
1089 2173 1125 2244 in
1139 2172 1321 2266 campestri
1335 2170 1416 2242 belli
1429 2169 1630 2246 discrimine

220 2295 399 2391 prestolari
426 2305 560 2370 tantum
581 2295 683 2390 signa
705 2303 820 2368 nostra
842 2294 998 2368 victricia
1025 2314 1094 2366 uon
1119 2293 1281 2382 audebit,
1306 2293 1436 2366 nedum
1461 2295 1558 2388 quod
1580 2295 1631 2368 eis

221 2421 392 2494 adversus
414 2442 477 2495 nos
500 2419 648 2516 supersit
667 2441 747 2515 spes
768 2420 884 2512 aliqua
898 2417 1127 2507 defendendi,
1150 2419 1188 2490 in
1208 2439 1277 2512 quo
1294 2427 1487 2492 nostrarum
1502 2419 1631 2494 uirium

220 2545 390 2618 vellemus
414 2543 609 2640 potenciam
637 2552 763 2618 uterum
791 2543 960 2616 libencius
986 2542 1155 2638 experiri,
1179 2542 1209 2614 si
1235 2563 1282 2617 ex
1306 2551 1471 2638 concepta
1496 2543 1632 2618 insania
1690 2547 1693 2554 ’

220 2668 331 2741 veteri
348 2668 564 2762 aliquatenus
581 2668 783 2740 insanirent.
802 2667 892 2740 lllud
912 2667 1129 2762 potissimum
1148 2666 1231 2756 tibi,
1252 2665 1300 2738 fili
1318 2666 1512 2760 carissime,
1532 2689 1633 2742 aoce-

223 2790 308 2866 dere
332 2793 494 2865 volumus
518 2789 565 2865 ad
589 2791 766 2864 cumulum
784 2789 990 2884 gaudiorum
1012 2789 1109 2886 quod
1130 2790 1252 2862 civitas
1274 2789 1476 2882 Cumarum,
1495 2790 1632 2866 dudum

223 2915 361 2990 rebellis
377 2915 477 2988 nobis
500 2924 535 2988 et
557 2914 714 2988 hostibus
734 2915 858 2988 nostris
880 2914 1039 3010 specialis
1057 2914 1186 3006 amica,
1206 2914 1312 2986 clavis
1329 2914 1488 2988 introitus
1510 2913 1633 2990 aGer·

222 3038 338 3112 mania
355 3039 391 3110 in
405 3039 554 3130 ltaliam,
575 3037 622 3110 ad
634 3037 796 3112 mandata
807 3046 923 3111 nostra
940 3037 985 3112 de
1002 3028 1093 3112 novo
1107 3058 1275 3111 conversa
1293 3037 1477 3111 devotione
1489 3060 1630 3135 promp-

223 3162 356 3236 tissima
373 3162 474 3236 nobis
489 3171 524 3236 et
539 3161 683 3256 imperio
698 3161 884 3235 famulatur
899 3173 934 3234 et
947 3159 1257 3234 Mediolanensium
1270 3162 1434 3236 factiones
1447 3163 1633 3258 abnegavit

224 3287 377 3362 omnino.
396 3287 522 3380 Sioque
545 3285 661 3360 omnia
676 3285 825 3380 jugiter,
848 3285 994 3359 iaciente
1011 3285 1159 3358 Domino
1181 3307 1245 3381 per
1266 3308 1371 3380 quem
1391 3308 1577 3380 regnamus
1597 3298 1633 3360 et

226 3431 428 3507 possumus,
448 3431 612 3507 prospera
627 3432 690 3505 pro
715 3419 797 3484 voto
819 3410 1011 3484 succedunt
1032 3409 1128 3505 qnod
1146 3409 1304 3505 undique
1325 3432 1460 3484 sacrum
1477 3421 1632 3485 nostrum

223 3535 478 3630 triumphaliter
489 3535 631 3608 resultat
645 3535 829 3630 imperium
843 3544 878 3609 et
895 3535 940 3609 de
956 3535 1047 3608 bono
1059 3535 1096 3607 in
1108 3535 1232 3608 melius
1245 3535 1359 3631 ipsum
1372 3558 1420 3609 ex
1434 3537 1502 3609 alto
1518 3537 1633 3633 respi-

228 3659 295 3732 ciet
311 3659 475 3732 Dominus
489 3667 524 3730 et
540 3659 680 3732 favebit.
695 3661 746 3731 Tu
760 3680 843 3752 ergo
855 3659 1038 3753 assumptis
1054 3657 1117 3730 tibi
1133 3657 1293 3732 fidelibus
1304 3659 1525 3752 congaudeas
1538 3667 1632 3732 ento

226 3781 336 3877 patri,
355 3783 446 3854 circa
462 3783 607 3856 celerem
624 3791 659 3854 et
673 3781 852 3855 decentem
870 3781 917 3854 ad
934 3803 998 3855 nos
1010 3782 1208 3855 missionem
1221 3783 1367 3854 militnm
1382 3783 1472 3854 siout
1479 3783 1553 3874 jam
1569 3783 1632 3856 tibi

228 3904 384 3976 misimus
397 3905 605 3995 insistendo,
622 3927 701 3978 cnm
716 3906 908 4001 specialiter
925 3906 962 3977 in
977 3905 1198 3980 multitudine
1213 3928 1254 3980 ae
1269 3906 1471 3982 strenuitate
1484 3907 1632 3981 militnm

229 4027 336 4100 decus
348 4027 482 4122 imperii
497 4036 530 4101 et
547 4029 696 4124 potentia
710 4037 825 4102 nostra
838 4029 1012 4103 consutat.

279 4495 513 4606 Fridericus,
550 4498 809 4584 Romanorum
843 4501 1067 4610 imperator,
1102 4501 1244 4610 populo
1281 4502 1485 4586 Gusentino
1520 4529 1634 4613 super
1669 4531 1706 4582 ro
1720 4525 1828 4582 eunt·

224 4627 367 4713 eisdem
1697 4583 1801 4634 ‘m'
