4278 5920
214 585 311 644 lrnrcr.
330 575 391 660 ll]
661 575 857 638 HISTORIA
885 573 1179 634 utrnoltaulca.
1571 577 1627 637 tlt

215 713 368 786 uidimus
383 713 518 786 viscera
542 713 697 807 pietatis,
715 733 835 785 omnes
851 711 995 801 injurias
1011 718 1045 781 et
1065 709 1212 781 offensas
1231 707 1363 798 abeis,
1381 709 1512 783 scilicet
1534 733 1628 785 nunc

216 838 435 908 Mantuanam
454 837 628 908 civitatem
643 834 882 907 habitantibus
900 843 935 905 et
948 831 1156 922 districtum,
1180 831 1346 922 maJestati
1366 841 1480 904 nostre
1503 843 1537 905 et
1550 836 1626 906 cui·

217 961 297 1032 libet
326 959 505 1032 adherenti
533 979 595 1032 seu
623 958 752 1030 faventi
782 956 883 1029 nobis
912 966 982 1026 tam
1011 953 1166 1049 predicta
1192 975 1296 1048 quam
1324 955 1392 1026 alia
1418 976 1627 1051 quacunque

216 1105 317 1154 cansa
345 1083 458 1154 illatas
486 1083 652 1154 hacteuus
675 1081 730 1152 vel
757 1079 974 1166 commissas,
999 1098 1207 1170 omnemque
1233 1098 1408 1150 rancorem
1433 1077 1514 1151 hinc
1544 1080 1627 1153 inde

217 1215 332 1278 contra
347 1206 443 1300 ipsos
458 1213 662 1300 conceptum
677 1204 728 1277 eis
745 1201 883 1298 penitus
899 1201 1122 1288 remittentes,
1144 1211 1178 1274 ct
1191 1200 1226 1270 in
1249 1199 1497 1294 plenitudinem
1516 1204 1626 1294 gratie

217 1342 326 1400 nostre
349 1328 552 1424 recipientes
582 1327 739 1418 cosdem,
760 1345 950 1418 omnesque
972 1324 1032 1417 qui
1058 1323 1232 1395 civitatem
1259 1323 1427 1417 ipsamet
1452 1325 1528 1416 ejus
1553 1324 1625 1399 dis·

216 1451 348 1523 trintum
368 1450 414 1524 de
432 1461 545 1524 cetero
566 1449 784 1540 habitabunt,
803 1461 837 1522 et
854 1469 914 1520 eus
935 1448 972 1519 in
992 1469 1135 1518 nurnero
1153 1447 1355 1520 dilectorum
1373 1445 1527 1521 fidelium
1545 1471 1623 1523 nos·

215 1584 341 1645 trorum
361 1573 406 1647 de
424 1584 536 1648 cetero
551 1575 719 1646 duximus
736 1571 1002 1666 computandos.
1020 1569 1269 1642 Confirmamus
1286 1591 1426 1664 quoque
1442 1573 1493 1644 eis
1508 1575 1624 1647 omnia

214 1717 330 1768 eorum
347 1699 529 1792 privilegia
545 1696 723 1792 quondam
739 1697 805 1768 sibi
821 1706 857 1769 et
871 1694 1172 1790 predecessoribus
1192 1694 1264 1766 suis
1284 1695 1329 1768 ab
1350 1698 1624 1770 antecessoribus

215 1821 336 1894 nostris
351 1821 497 1894 indulta.
510 1822 595 1892 item
611 1831 646 1893 et
660 1820 776 1894 omnia
790 1819 908 1909 dacia,
924 1819 1075 1908 tolonea,
1089 1817 1236 1913 pedagia
1251 1827 1287 1890 et
1300 1819 1462 1914 ripatico,
1476 1842 1545 1914 que
1562 1843 1624 1915 pro

214 1945 399 2018 Mantuano
414 1945 587 2018 communi
605 1943 797 2037 exiguntur
818 1952 853 2015 et
873 1953 954 2014 sunt
976 1943 1073 2014 solita
1089 1942 1184 2035 exigi
1211 1952 1278 2014 tam
1303 1943 1337 2014 in
1362 1943 1500 2015 civitate
1522 1945 1623 2016 Man-

213 2077 314 2138 tuana
348 2089 453 2161 qnam
486 2067 656 2141 districtu.
691 2066 854 2140 Similiter
887 2067 991 2137 etiam
1020 2086 1141 2137 omnes
1168 2065 1407 2138 concessiones
1435 2087 1623 2162 omnesque

214 2189 480 2264 consuetudines
497 2213 592 2279 suas,
608 2191 698 2262 sicut
715 2189 781 2284 ipsi
802 2189 930 2262 habent
946 2188 1039 2261 intus
1057 2197 1092 2260 et
1106 2189 1206 2280 loris,
1229 2198 1264 2262 et
1283 2189 1374 2262 sicut
1391 2199 1623 2266 antecessores

214 2334 327 2386 eorum
352 2315 519 2387 hactenns
543 2315 758 2404 habuerunt,
787 2333 916 2407 eosque
935 2313 971 2384 in
995 2313 1134 2386 obtenta
1160 2313 1376 2386 immunitate
1400 2323 1434 2386 et
1461 2315 1497 2385 in
1523 2317 1622 2389 solita

215 2439 495 2512 conservabimus
521 2439 688 2512 libertate.
713 2438 936 2510 Promisimus
954 2437 1108 2533 iusuper,
1128 2437 1224 2531 quod
1249 2437 1470 2510 restituemus
1491 2450 1524 2511 et
1546 2461 1623 2513 res-

213 2564 285 2634 titui
310 2564 477 2636 iaciemus
499 2565 550 2636 eis
571 2564 821 2660 possessionem
847 2560 1027 2656 Gunpage,
1054 2563 1152 2634 salvo
1176 2572 1292 2634 tamen
1310 2563 1390 2654 jure
1417 2561 1566 2634 filiorum
1587 2575 1623 2636 et

214 2685 376 2758 heredum
399 2685 533 2758 comitis
549 2686 678 2758 Alberti
699 2686 744 2759 de
759 2685 949 2776 Casaloldo,
968 2706 1158 2779 omnesque
1178 2685 1330 2780 ipsorum
1354 2685 1620 2758 Mantuanorum

214 2809 443 2903 possessiones
460 2820 494 2882 et
513 2810 612 2904 qnasi
635 2812 886 2906 possessiones,
907 2831 994 2903 quas
1012 2809 1100 2880 inlra
1123 2811 1280 2904 elapsum
1299 2809 1483 2880 triennium
1504 2810 1621 2904 aliquo

213 2942 363 3028 tempore
378 2932 601 3028 possidebant
618 2944 652 3004 et
669 2935 769 3028 quasi
787 2934 891 3005 etiam
914 2930 1153 3027 possidebant,
1173 2954 1253 3004 cum
1269 2931 1432 3004 omnibus
1445 2934 1621 3026 pertinen·

212 3054 271 3127 ciis
288 3057 375 3144 suis,
395 3065 430 3129 et
446 3055 482 3127 in
498 3057 669 3151 integrum
686 3056 803 3129 omnia
827 3077 891 3128 sua
905 3058 997 3148 jura.
1014 3056 1176 3128 Similiter
1194 3064 1228 3128 et
1242 3055 1404 3127 omnibus
1421 3065 1455 3127 et
1474 3055 1622 3147 singulis

211 3179 372 3272 subjectis
394 3201 514 3252 eurum
536 3181 707 3252 stantibus
729 3180 775 3252 ad
800 3201 864 3252 sue
893 3179 1068 3274 potestatis
1093 3187 1276 3273 precepta,
1303 3189 1338 3250 et
1362 3179 1413 3250 eis
1438 3179 1500 3272 qui
1524 3182 1622 3252 Man·

210 3313 347 3376 tnanam
361 3303 535 3374 civitatem
549 3302 705 3375 habitant
721 3312 756 3374 et
769 3302 975 3392 districtum,
991 3322 1112 3374 omnes
1127 3323 1209 3373 suas
1225 3301 1458 3394 possessiones
1472 3311 1506 3373 et
1519 3303 1619 3396 quasi

209 3427 456 3519 possessiones,
474 3447 563 3520 quas
582 3426 703 3520 prelati
718 3425 895 3497 Mantuani
921 3426 972 3495 eis
997 3424 1128 3495 restitui
1152 3425 1388 3519 postulabunt.
1407 3425 1492 3496 Nam
1520 3436 1555 3497 et
1578 3447 1619 3498 ea

209 3549 322 3620 omnia
340 3549 573 3644 suprascripta
586 3557 657 3620 tam
672 3548 755 3642 ipsis
776 3547 971 3618 Mantuanis
988 3569 1094 3640 quam
1116 3568 1236 3618 eorum
1255 3547 1418 3637 subjectis
1433 3558 1467 3618 et
1485 3547 1535 3618 eis
1557 3549 1617 3640 qui

208 3671 378 3743 civitatem
393 3671 550 3744 habitant
567 3683 602 3743 et
618 3671 822 3760 districtum,
843 3669 1039 3742 secundum
1054 3669 1152 3762 quod
1169 3691 1275 3763 supra
1289 3669 1530 3763 promisimus,
1544 3679 1633 3742 'ren'

209 3794 360 3868 tituenda
394 3815 470 3868 esse
498 3795 736 3885 decrevimus,
762 3805 893 3866 remota
929 3793 1084 3886 qnalibet
1109 3792 1303 3887 questione.
1333 3791 1485 3884 Siquid
1516 3795 1618 3866 etiam

208 3929 324 3990 contra
351 3939 412 3992 eos
427 3919 484 3991 vel
507 3919 659 4012 aliquem
686 3940 730 3990 en
750 3917 890 4013 prelatis
915 3917 1079 4008 subjectis
1102 3917 1159 3988 vel
1188 3915 1438 3988 habitatoribus
1468 3915 1542 3988 suis
1573 3916 1618 3988 de

207 4042 503 4116 animadversione
536 4043 723 4138 imperialis
754 4042 946 4113 eminencie
971 4051 1088 4114 nostra
1114 4041 1283 4113 serenitas
1313 4039 1522 4112 decrevisset
1551 4041 1619 4112 ali-

207 4175 376 4260 quatenus
394 4167 452 4239 uel
469 4167 623 4256 lecisset,
641 4177 846 4240 revocantes
862 4163 949 4238 illud
967 4165 1105 4259 penitus
1122 4175 1157 4238 et
1177 4173 1368 4254 cassantes,
1390 4165 1426 4234 in
1444 4164 1616 4257 integrum

206 4289 417 4363 restituimus
442 4303 515 4364 eos
531 4291 577 4364 da
595 4291 814 4386 plenitudine
832 4291 960 4363 favoris
979 4299 1014 4363 et
1035 4290 1146 4384 gratie
1174 4289 1394 4384 imperatorie
1413 4289 1613 4380 majestatis.

205 4411 360 4485 Preterea
392 4435 462 4486 non
490 4416 685 4488 auferemus
715 4435 779 4486 nec
809 4414 1022 4510 accipiemus
1048 4413 1098 4485 cis
1126 4412 1266 4485 obsides
1298 4433 1410 4506 neque
1441 4411 1614 4484 civitatem

205 4556 317 4628 neque
336 4537 480 4630 aliquod
497 4547 647 4609 castrum
665 4559 780 4632 neque
804 4539 956 4631 aliquam
980 4537 1211 4609 municionem
1226 4557 1341 4629 nequa
1365 4535 1532 4606 torticium
1560 4535 1615 4605 ci-

206 4657 315 4730 vitatis
335 4660 476 4732 Mantue
491 4660 548 4732 vel
567 4659 760 4750 districtus,
781 4659 844 4732 sed
862 4659 911 4731 eis
930 4659 1036 4733 libere
1062 4659 1162 4730 liceat
1180 4679 1425 4751 quemcunque
1443 4657 1614 4728 voluerint
