4262 5910
499 608 559 668 596
995 607 1209 671 torneator
1233 611 1405 672 securior
1717 611 1797 694 [dn.
1816 611 1900 674 1229.

499 741 644 812 tationes
663 759 745 810 snas
765 741 949 812 reforment
971 740 1008 810 in
1035 743 1177 830 melios,
1202 745 1312 839 plroet
1335 743 1437 816 nobis
1457 755 1494 814 et
1516 752 1614 814 tuum
1642 744 1724 816 inde
1749 745 1902 818 studium

499 863 794 953 commendamns3
812 861 857 934 de
875 863 1072 936 venditione
1086 887 1170 936 vero
1186 867 1405 958 bajulationis
1420 875 1488 938 tem
1504 887 1623 938 eorum
1639 889 1744 960 qnam
1757 869 1901 940 oliorum

497 985 558 1079 qui
576 995 675 1056 extra
698 995 874 1056 morantur
892 987 982 1056 sient
1002 985 1186 1080 scripsisti,
1205 1011 1285 1060 eom
1309 989 1494 1062 locationes
1514 989 1762 1080 bajulationum
1783 990 1832 1062 ad
1844 993 1902 1082 jus

497 1109 640 1180 seoretie
665 1107 875 1200 pertineant,
897 1110 1060 1179 volumus
1077 1119 1117 1181 ot
1137 1111 1288 1184 obberto
1308 1111 1569 1183 Fallamonaeho
1588 1123 1720 1184 secreto
1744 1113 1900 1186 Panormi
2042 1179 2045 1184 .

498 1229 675 1302 locandam
702 1229 899 1322 permistas,
921 1251 1002 1300 enm
1021 1231 1168 1304 velimus
1190 1233 1284 1326 qnod
1302 1235 1383 1324 jura
1404 1234 1586 1324 cujuslibet
1610 1235 1714 1304 officii
1735 1235 1806 1306 sint
1830 1233 1899 1307 dis·

496 1363 600 1422 creta.
621 1352 713 1424 Licet
725 1350 816 1422 enim
828 1351 874 1423 de
895 1351 1080 1424 vendenda
1102 1355 1311 1446 bajulatione
1323 1357 1572 1426 Sarouenornm
1593 1356 1745 1450 ipsorum
1765 1356 1898 1430 dudum

497 1475 557 1544 tibi
586 1473 791 1545 duxerimus
823 1475 1110 1547 oommieteudum
1145 1499 1188 1548 eo
1212 1477 1307 1572 quod
1337 1479 1495 1550 Panormi
1520 1489 1672 1549 secretus
1701 1499 1771 1550 non
1809 1490 1895 1570 erat,

496 1617 589 1668 nuno
606 1607 721 1667 tamen
739 1618 817 1668 enm
832 1595 880 1666 ibi
896 1607 1046 1668 seoretm
1064 1608 1211 1670 statutus
1226 1610 1292 1690 est,
1311 1602 1471 1671 volomus
1488 1621 1530 1674 ea
1545 1571 1661 1672 omnia
1675 1623 1744 1694 que
1760 1601 1808 1674 ad
1825 1599 1899 1673 offi-

494 1719 586 1789 cinm
600 1739 701 1790 snum
721 1719 889 1811 pertinent
909 1719 1063 1790 exemeri
1081 1741 1142 1815 per
1154 1741 1249 1792 enm.
1270 1725 1320 1794 De
1334 1725 1455 1794 oannis
1476 1743 1565 1816 quas
1583 1723 1630 1794 ad
1643 1723 1895 1816 requisitionem

493 1841 612 1912 secreti
644 1841 798 1912 Panormi
827 1851 862 1912 et
892 1842 987 1935 gayti
1021 1863 1084 1935 pro
1109 1845 1234 1916 nostris
1256 1845 1405 1917 servitiis
1437 1845 1749 1934 cretheltense,
1779 1849 1896 1919 volens

492 1963 656 2057 expensis
670 1963 765 2034 enrie
781 1971 897 2036 nostre
911 1985 1050 2057 parcere
1069 1987 1139 2058 qne
1151 1965 1272 2038 fierent
1288 1968 1324 2038 in
1336 1967 1491 2040 emendis
1515 1967 1660 2054 eisdem,
1683 1979 1820 2062 gratnm
1835 1971 1895 2042 ha·

494 2085 634 2168 bemus,
660 2095 696 2156 et
717 2085 876 2156 volumus
903 2095 942 2154 nt
966 2085 1131 2180 deinceps
1153 2087 1200 2160 ad
1227 2089 1484 2181 requisitionem
1510 2089 1633 2162 secreti
1663 2111 1728 2183 pro
1750 2091 1895 2162 servitiis

493 2209 617 2280 nornis
637 2207 741 2278 laoias
760 2207 862 2278 tribui
881 2207 927 2278 de
948 2207 1099 2296 eisdem,
1118 2211 1210 2302 ipsos
1230 2209 1336 2282 incidi
1360 2211 1505 2300 iaciens,
1522 2233 1591 2283 non
1615 2213 1650 2326 ip
1675 2234 1759 2301 uno,
1784 2213 1892 2287 sedin

491 2328 639 2400 divorsis
662 2327 745 2400 loeis
767 2327 828 2398 nbi
850 2328 926 2398 sine
951 2331 1079 2421 majore
1102 2330 1232 2402 lesione
1254 2333 1389 2403 nnneti
1413 2331 1689 2426 viderismellus
1714 2333 1889 2427 expedire.

490 2449 777 2524 Commendamus
793 2459 947 2544 preterea
962 2473 1161 2548 processum
1178 2463 1276 2526 tuum
1293 2477 1397 2547 quem
1413 2455 1566 2527 habuisti
1579 2455 1615 2526 in
1635 2441 1818 2530 mietendis
1834 2459 1892 2530 lio.-

490 2572 571 2644 teris
599 2572 668 2643 tuis
696 2581 731 2643 et
751 2573 882 2644 nuntiis
904 2595 967 2668 per
990 2555 1101 2648 totam
1118 2576 1268 2648 Siciliam
1294 2599 1357 2672 pro
1381 2577 1579 2650 hominibus
1609 2577 1784 2672 qnondam
1809 2580 1893 2652 Ceu-

490 2694 590 2766 torbli
605 2703 641 2766 et
653 2693 794 2788 Capieii,
815 2695 972 2790 quicum
987 2719 1027 2770 se
1042 2697 1088 2770 ad
1104 2697 1332 2772 lmlritandum
1351 2700 1556 2772 Panormum
1567 2703 1670 2792 juxta
1692 2701 1892 2775 mandatum

490 2827 645 2890 nostrum
661 2819 817 2890 oonlerre
835 2817 1018 2912 deberent,
1040 2841 1079 2894 se
1095 2843 1175 2894 enm
1193 2821 1266 2895 snis
1285 2823 1424 2896 lamiliis
1437 2845 1499 2918 per
1512 2833 1625 2918 partes
1643 2824 1728 2896 alias
1743 2826 1892 2897 contule·

489 2949 585 3031 runt;
602 2949 636 3012 et
646 2961 728 3012 eree
741 2939 837 3036 qnod
846 2943 950 3036 juxta
966 2953 1065 3014 tunm
1077 2945 1275 3036 eonsilium,
1295 2945 1426 3019 exinde
1441 2955 1597 3040 patentes
1613 2947 1747 3020 lictores
1763 2958 1893 3020 nostras

489 3063 661 3136 mietimus
677 3063 849 3136 universis
866 3087 928 3160 per
944 3066 1094 3138 Siciliam
1111 3069 1315 3141 constitutis.
1334 3071 1386 3140 Tu
1409 3079 1524 3141 antem
1540 3067 1694 3142 studium
1713 3071 1818 3142 iacias
1828 3070 1893 3142 ad·

488 3185 601 3258 hiberi
616 3185 712 3282 qnod
728 3185 871 3282 predicti
893 3189 1049 3261 homines
1070 3191 1281 3285 ubicumque
1304 3191 1450 3284 inerint,
1468 3191 1676 3302 Panormum
1693 3193 1816 3266 rednei
1833 3192 1891 3266 de·

489 3311 593 3382 beant
609 3309 656 3382 ad
674 3309 898 3402 morandum,
922 3320 958 3383 et
979 3313 1009 3382 si
1032 3335 1135 3406 quem
1160 3315 1333 3388 inveneris
1359 3316 1509 3410 aliquem
1529 3293 1759 3410 reperieris
1784 3316 1891 3388 lromi·

489 3432 592 3504 nibus
608 3442 734 3506 temere
759 3431 933 3524 detinere,
954 3455 1079 3528 penam
1098 3431 1204 3530 qnam
1229 3447 1263 3508 te
1281 3439 1486 3532 imposuisse
1497 3421 1667 3532 scripsisti
1686 3459 1791 3532 super
1807 3437 1887 3531 hoe,

488 3555 652 3628 instanter
662 3555 852 3650 recolligas,
868 3564 904 3628 et
914 3557 1156 3632 nichilominus
1167 3581 1285 3633 eornm
1298 3562 1439 3634 nomina
1451 3563 1551 3634 nobis
1562 3561 1702 3634 studeas
1716 3561 1885 3634 intimare.

489 3675 645 3750 Vidimus
664 3687 779 3750 antem
807 3688 1013 3772 quaternum
1040 3691 1138 3755 tnnm
1159 3706 1263 3778 quern
1280 3683 1382 3757 nobis
1404 3684 1526 3756 misisti
1548 3684 1593 3756 de
1615 3685 1760 3778 singolis
1783 3685 1890 3756 nomi·

489 3799 592 3872 nibus
604 3799 845 3894 predictorum,
863 3811 897 3874 et
909 3803 947 3872 in
959 3825 1001 3875 eo
1014 3814 1113 3876 tunm
1126 3807 1280 3880 studium
1295 3807 1596 3895 commendamus3
1612 3828 1715 3901 quem
1729 3807 1888 3879 innostra

488 3943 623 3996 camera
638 3925 782 3998 iacimus
793 3925 1072 4023 conservari.llle
1087 3930 1221 4004 Venulo
1238 3930 1284 4004 de
1296 3929 1498 4025 Cephaludo
1517 3943 1551 4002 et
1569 3929 1766 4002 Alexandro
1781 3931 1889 4001 llusso

488 4045 610 4118 Pisano
628 4045 690 4139 qni
707 4049 797 4142 capti
809 4049 892 4122 olim
907 4071 970 4145 per
984 4051 1191 4145 lloggerinm
1208 4052 1254 4125 de
1266 4052 1425 4126 Calvellis
1438 4051 1661 4144 justitiarium
1679 4051 1792 4123 Sicilie
1803 4051 1888 4122 ultra

488 4169 618 4242 llnmen
644 4169 796 4262 Senum,
822 4171 1100 4267 prodeooesorem
1121 4183 1238 4266 tuum,
1258 4197 1321 4272 pro
1347 4197 1389 4249 eo
1418 4176 1514 4270 quod
1539 4175 1672 4248 inventi
1690 4175 1829 4247 inerunt
1853 4175 1884 4245 in

487 4289 585 4362 butio
604 4290 721 4364 Oberti
738 4291 783 4364 de
800 4292 980 4387 Vintimil.‚
995 4297 1056 4390 qui
1073 4307 1191 4370 eontra
1206 4297 1326 4372 lideles
1344 4309 1479 4398 nostros
1491 4300 1669 4396 piraticam
1687 4297 1882 4384 exercebat,

489 4411 717 4506 promiserunt
738 4424 774 4488 et
792 4415 940 4490 oderunt
965 4441 1003 4492 se
1024 4422 1160 4494 solvere
1179 4443 1242 4518 pro
1259 4423 1461 4496 liberatione
1478 4443 1596 4494 eornm
1619 4419 1806 4515 quamdam
1828 4439 1885 4514 pe·

487 4535 589 4608 cunia
610 4538 853 4630 quantitatem,
877 4541 1037 4616 videlieet
1060 4545 1215 4616 Venulus
1232 4547 1353 4618 uncias
1380 4545 1455 4617 anri
1482 4555 1619 4617 eentum
1643 4553 1678 4614 et
1694 4541 1884 4614 Alexander

488 4659 608 4732 uncias
625 4661 870 4756 quadraginta,
892 4665 1097 4740 mandamus
1115 4679 1155 4739 ut
1170 4670 1202 4740 si
1221 4670 1285 4763 ipsi
1307 4670 1343 4741 in
1360 4669 1461 4764 eulpa
1479 4667 1563 4742 dieti
1580 4665 1697 4740 oberti
1723 4685 1793 4736 non
1809 4665 1902 4736 loa?
