4278 5920
539 594 596 656 120
1035 593 1249 654 rntntnlcl
1275 594 1449 679 sectant
1765 599 1844 682 [Arta.
1863 601 1946 664 1237.

535 735 770 812 sacramento
797 725 1133 833 Cremonensium,
1157 726 1423 810 Parmensium
1450 738 1489 810 et
1513 727 1786 814 Mutinensium
1819 731 1949 818 fecisse

533 860 758 972 repromitti.

616 1077 738 1156 (lnedlt.
762 1093 801 1138 cx
823 1077 1000 1138 chartulario
1022 1077 1185 1136 Mantuano
1208 1091 1268 1136 sec.
1288 1075 1343 1138 xv
1362 1081 1503 1152 exorato,
1529 1075 1609 1154 apud
1627 1063 1781 1138 archlnum
1805 1085 1947 1140 secudum

652 1185 861 1261 Montanum,
876 1183 957 1262 quod
970 1183 1124 1242 nobiscum
1137 1183 1368 1243 communlcntlt
1379 1182 1417 1242 cl.
1432 1185 1480 1242 vlr
1492 1181 1698 1262 Boelrmema.)

582 1378 791 1468 Frideriuus,
811 1377 871 1448 Dei
894 1376 1003 1470 gratia
1019 1376 1254 1448 Romanorum
1279 1375 1463 1471 imperator
1486 1397 1621 1472 semper
1637 1385 1824 1472 augustus,
1851 1379 1947 1452 Jeru-

533 1502 638 1574 salem
666 1509 700 1572 et
718 1501 832 1572 Sicilie
848 1521 923 1573 rex.
946 1499 1116 1586 Quoniam
1143 1500 1348 1572 Mantuanos
1372 1521 1395 1572 a
1418 1499 1476 1571 via
1500 1496 1676 1572 fidelitatis
1701 1509 1817 1574 nostre
1832 1499 1947 1575 debite

534 1624 701 1716 maiestati
725 1622 911 1717 aliquando
926 1624 1104 1720 prolapsos
1126 1622 1162 1694 iu
1178 1621 1322 1694 devium
1338 1633 1374 1694 ct
1389 1622 1567 1713 seductos,
1590 1622 1809 1718 postmodum
1832 1633 1944 1698 tamen

533 1747 755 1820 devotissime
768 1746 967 1820 recedentes
985 1746 1019 1816 in
1038 1744 1291 1842 plenitudinem
1308 1746 1423 1840 gracie
1440 1755 1554 1819 nostre
1570 1745 1777 1842 recepimus,
1794 1747 1944 1842 quedam

532 1871 597 1944 sibi
617 1871 796 1967 privilegia
814 1878 849 1942 ct
868 1868 1034 1943 beneficia
1051 1879 1226 1964 umquam
1246 1869 1381 1942 dilectis
1395 1867 1556 1943 fidelibus
1579 1869 1695 1944 debito
1719 1871 1945 1966 rescipiscen-

532 1997 625 2068 tibus
641 1997 876 2091 indulgentes,
902 2003 937 2068 ct
951 1995 1101 2091 quedam
1120 1996 1356 2091 promittentes
1372 1995 1423 2068 cis
1445 2017 1551 2091 super
1566 1995 1777 2090 quibusdam
1793 1997 1947 2092 negociis

533 2121 578 2194 de
593 2119 785 2193 serenitatis
803 2130 917 2192 nostre
931 2119 1165 2214 providentia,
1180 2120 1270 2192 sicut
1287 2128 1435 2192 nostram
1451 2118 1570 2192 decuit
1585 2121 1809 2212 majestatem,
1823 2120 1945 2196 eudem

533 2245 665 2317 indulta
683 2255 718 2317 et
744 2244 929 2340 promissa,
949 2253 1049 2338 prout
1066 2243 1102 2314 in
1120 2244 1256 2340 scriptis
1277 2244 1466 2318 eminentie
1482 2254 1597 2318 nostre
1614 2245 1792 2341 potencius
1811 2257 1847 2318 et
1869 2247 1946 2341 ple-

532 2371 612 2441 nius
629 2369 840 2459 continetur,
859 2369 972 2462 aigillo
993 2368 1209 2442 celsitudinis
1225 2375 1339 2442 nostre
1360 2369 1579 2467 precepimus
1598 2369 1805 2442 roboranda.
1826 2369 1947 2444 Sedet

532 2493 577 2567 de
598 2494 741 2588 pleniori
766 2493 876 2588 gratia
899 2493 974 2588 ipsa
1002 2493 1121 2565 omnia
1145 2499 1180 2565 ct
1207 2491 1345 2585 singula
1371 2502 1531 2565 anostra
1558 2489 1813 2586 magnificentia
1835 2501 1945 2566 atten-

532 2617 664 2707 denda,
689 2625 903 2690 sacramento
921 2617 1127 2690 dilectorum
1146 2625 1339 2688 nostrornm
1359 2614 1515 2689 fidelium
1542 2615 1840 2704 Cremonensium,
1859 2617 1946 2689 Par-

531 2742 702 2814 mensium
720 2749 755 2813 et
776 2741 1020 2813 Mutinensium
1039 2761 1229 2834 eorumque
1255 2749 1461 2835 potestatum
1484 2761 1588 2836 super
1609 2749 1727 2812 sancta
1748 2740 1810 2812 Dei
1830 2740 1946 2813 Evan-

530 2865 620 2960 gelia
635 2865 774 2962 prestito
787 2865 984 2957 iuramento
1002 2864 1144 2936 lecimus
1159 2863 1364 2958 repromitti.

577 2992 702 3062 Datum
721 2989 757 3060 in
777 2988 896 3061 castris
909 2989 945 3060 in
960 2987 1131 3080 Brixiam,
1147 2987 1205 3058 llll
1222 2987 1373 3059 octubris
1384 2985 1461 3084 (l),
1481 2985 1664 3061 undecimo
1678 2987 1890 3062 indictionis.

344 3531 480 3585 tensa,
579 3525 723 3610 Eodem
759 3548 862 3607 auno
890 3522 1050 3632 septimo
1079 3521 1244 3606 octobris
1275 3521 1400 3604 dictus
1438 3521 1644 3631 imperator
1676 3549 1765 3605 cum
1797 3549 1940 3634 magno

323 3585 500 3683 sarar·m

526 3660 691 3744 exercitu
719 3656 787 3741 init
807 3657 908 3739 circa
929 3663 1099 3738 castrum
1119 3653 1350 3738 Mouteclarii
1377 3655 1574 3738 districtus
1603 3654 1765 3739 Brixiae.
1787 3656 1828 3738 ln
1855 3656 1941 3766 ejus

525 3792 758 3902 adjutorium
774 3788 1027 3873 interfuerunt
1040 3788 1326 3895 Cremonenses,
1345 3787 1585 3893 Parmenses,
1600 3788 1846 3898 Mutinenscs‚
1861 3789 1941 3874 Rc-

525 3924 605 4037 pp'ni
630 3933 668 4008 et
695 3923 862 4006 luerinus
883 3923 932 4004 de
958 3921 1131 4006 Romano
1157 3945 1246 4004 cnm
1273 3919 1494 4030 quingentis
1520 3919 1705 4004 militibus
1731 3922 1938 4030 Padnnnis,

557 4231 594 4306 (t)
609 4231 678 4289 lluic
689 4229 802 4305 tempori
813 4228 913 4302 optimc
928 4229 1060 4286 convenit
1072 4227 1127 4286 alio
1138 4227 1269 4302 qtmednm
1286 4225 1463 4302 imperatoria
1475 4225 1588 4301 epistola
1606 4243 1676 4302 quac
1687 4229 1715 4286 in
1733 4229 1794 4287 cod.
1811 4229 1936 4290 Biblioth.

522 4331 618 4388 athen.
639 4345 683 4402 cp.
697 4327 858 4394 Taurinum,
873 4329 906 4384 ll.
926 4329 979 4396 tt,
996 4323 1041 4384 iol.
1064 4328 1115 4396 tt,
1136 4325 1272 4383 inseritur.
1294 4323 1407 4382 Gnidum
1428 4323 1552 4382 familiari
1567 4339 1618 4384 suo
1628 4325 1723 4384 scribit
1737 4327 1882 4402 imperator
1900 4328 1938 4387 du

520 4433 606 4485 morte
618 4426 737 4484 Thomna
751 4423 856 4498 nopotis
867 4423 934 4496 ejus,
947 4423 974 4479 in
990 4421 1056 4480 llure
1064 4421 1213 4495 juventutis
1223 4421 1376 4496 interempti
1387 4423 1520 4495 prmo
1533 4421 1577 4478 dio
1590 4419 1699 4479 tallolo·
1717 4424 1795 4480 arcto
1813 4423 1938 4482 uidelicet

520 4529 619 4583 memte
633 4524 722 4598 loton,
733 4527 973 4580 oooocttromctoto
989 4522 1020 4578 tn
1031 4523 1168 4579 annom
1180 4537 1262 4596 propo
1274 4521 1441 4596 Ciprionom
1453 4519 1515 4594 (lag.
1531 4523 1564 4578 io
1573 4522 1712 4578 Briuiono
1719 4537 1801 4596 prope
1815 4521 1936 4597 Capriu-

520 4625 594 4694 uom)
606 4623 729 4679 cccrcttu
739 4625 840 4676 nostro.
853 4618 969 4693 lucipit:
984 4617 1063 4676 Satis
1077 4624 1219 4690 promatur
1228 4619 1260 4676 in
1271 4633 1375 4676 recuro
1385 4625 1433 4676 tuo
1447 4617 1521 4674 vices
1529 4616 1648 4690 ademtis
1657 4625 1702 4674 tuo
1715 4616 1793 4674 mdis
1807 4619 1838 4676 in
1853 4621 1935 4677 tomo

519 4726 613 4793 nepotc
625 4723 671 4776 tuo
686 4717 763 4791 fidolo
775 4723 867 4774 nostro
881 4714 1064 4790 suppleverat.
1078 4713 1191 4789 Explicit
1204 4731 1212 4772 t
1231 4713 1293 4772 rttt
1309 4721 1440 4790 tonprtom
1452 4721 1547 4772 ocum
1558 4713 1717 4773 nummu
1727 4714 1891 4790 mponom.
