4242 5904
478 599 537 662 162
974 599 1187 662 torneator
1211 599 1385 661 secono!
1423 665 1425 670 ,
1698 600 1778 679 [An.
1797 601 1881 664 1238.

523 733 744 823 Frederious,
762 743 845 822 ete,
861 735 1029 826 senatori,
1056 736 1190 808 senatui
1207 737 1405 830 populoque
1419 755 1581 823 romane,
1608 743 1677 808 eto.
1697 734 1753 808 nd
1768 735 1883 809 extol-

469 863 618 936 lendum
641 863 776 957 imperii
794 865 901 935 nostri
917 863 1131 958 temporibus
1145 862 1252 936 decus
1269 863 1389 954 Urbis,
1409 861 1506 956 quod
1523 883 1585 958 per
1601 861 1746 956 gloriam
1761 862 1882 934 trium·

476 987 622 1080 phorum
647 986 801 1058 suturam
829 987 1001 1060 excelsius
1026 987 1238 1060 extimavere
1260 987 1428 1078 majores,
1449 995 1484 1058 et
1502 985 1588 1058 ratio
1613 994 1796 1080 prepotens
1814 1005 1882 1080 qne

475 1111 617 1204 regibus
634 1111 778 1205 imperet
798 1119 833 1182 et
848 1121 971 1183 natura
992 1131 1055 1183 nos
1076 1111 1207 1203 obligat
1228 1121 1263 1182 et
1282 1109 1430 1182 civiliter
1452 1109 1621 1204 obligatos
1639 1129 1727 1181 voce
1751 1105 1881 1203 dignis·

474 1233 562 1306 sima
575 1233 785 1328 profitemur.
802 1234 891 1307 Ecce
902 1235 994 1306 enim
1012 1234 1155 1308 eumad
1173 1256 1236 1307 soe
1253 1255 1358 1308 cause
1379 1243 1539 1308 naturam
1553 1233 1750 1328 triumphos
1765 1253 1883 1306 neces·

475 1358 565 1430 sario
595 1359 795 1450 reducatur,
824 1357 922 1452 quod
954 1359 1118 1431 extollere
1149 1358 1255 1432 decus
1286 1358 1464 1452 imperiale
1495 1377 1565 1429 nou
1598 1357 1769 1452 possimus
1797 1357 1882 1450 quio

475 1482 608 1554 interim
629 1481 729 1553 Urbis
747 1481 910 1555 honorem
925 1503 1031 1575 qnam
1053 1503 1193 1554 causam
1216 1481 1351 1576 imperii
1367 1481 1474 1554 fuisse
1494 1480 1751 1571 cognoscimus,
1769 1481 1883 1553 extol·

473 1606 595 1677 lamus.
617 1605 686 1678 Sed
699 1626 909 1700 quamquam
927 1607 1040 1677 soluta
1059 1605 1279 1700 imperialisa
1297 1605 1576 1698 quibuscumque
1594 1603 1731 1696 legibus
1749 1603 1794 1676 sit
1809 1625 1882 1675 ma·

469 1709 593 1820 jestas,
612 1727 662 1799 sie
674 1737 788 1800 emen
805 1728 841 1799 in
863 1735 973 1800 totum
989 1751 1061 1801 non
1083 1737 1135 1800 est
1150 1739 1314 1824 exempta
1331 1729 1466 1822 judicio
1488 1727 1631 1800 rationis
1647 1749 1718 1820 que
1730 1727 1819 1819 juris
1832 1735 1883 1800 est

474 1859 601 1939 mater,
616 1849 713 1943 quod
725 1851 810 1922 velit
820 1862 854 1922 et
867 1849 991 1924 debeat
1001 1851 1242 1925 irrationabilis
1248 1850 1412 1944 judicari.
1424 1850 1477 1924 Ab
1492 1850 1731 1924 observatione
1743 1871 1884 1946 quoque

474 1973 657 2064 cujuslibet
668 1974 808 2047 rationis
819 1975 963 2048 intentio
976 1984 1091 2048 nostra
1105 1975 1298 2049 discederet
1310 1975 1339 2048 si
1348 1997 1414 2050 nos
1426 1997 1515 2069 quoe
1525 1974 1883 2050 RomaniCesarislul·

474 2117 537 2188 gor
549 2097 693 2170 illustrat
706 2098 876 2172 Romanos
893 2108 1052 2193 expertes
1064 2101 1206 2174 victorie
1223 2121 1364 2174 romane
1374 2100 1535 2194 tripudiis
1548 2107 1760 2194 pateremur,
1776 2099 1807 2170 si
1821 2119 1882 2172 voe

474 2219 586 2290 fructu
603 2220 732 2312 negotii
743 2221 838 2315 quod
854 2230 969 2294 vestm
983 2223 1122 2295 nomine
1135 2215 1319 2317 gessimus,
1336 2223 1421 2296 dum
1438 2244 1503 2296 nce
1514 2222 1658 2295 rebelles
1672 2223 1804 2294 romani
1816 2223 1881 2294 im·

473 2343 558 2436 perii
569 2343 636 2414 sub
652 2343 787 2416 mmeni
804 2345 954 2418 nominis
967 2347 1218 2420 exclamatione
1233 2346 1426 2421 devicimus
1439 2345 1506 2442 (t),
1523 2345 1778 2436 fraudaremus3
1794 2344 1882 2418 eiad

474 2466 596 2537 urbem
613 2467 744 2560 regiam
763 2469 941 2561 regiminis
959 2471 1064 2542 nostri
1083 2471 1191 2544 decus
1205 2493 1274 2544 non
1288 2471 1502 2545 deterremus
1515 2479 1550 2544 et
1566 2471 1723 2564 gloriam,
1737 2491 1807 2565 que
1821 2490 1882 2542 nos

472 2591 508 2660 in
527 2589 743 2662 Germaniam
764 2591 810 2664 ad
826 2592 1094 2666 nanciscendum
1107 2594 1285 2690 imperiale
1302 2595 1477 2688 fastigium
1490 2595 1590 2666 velut
1604 2601 1714 2666 mater
1729 2593 1774 2666 ab
1791 2593 1882 2665 ulnis

472 2711 580 2784 lilium
613 2713 812 2788 destinavit.
838 2717 966 2788 Vestris
990 2717 1220 2791 adscribimus
1243 2719 1353 2791 titulis
1376 2717 1545 2813 quicquid
1573 2717 1695 2791 leuatis
1719 2715 1881 2812 auspiciis

471 2836 586 2907 medio
612 2846 765 2933 tempore
790 2838 960 2930 gerimus,
987 2841 1071 2912 dum
1092 2842 1138 2916 ad
1160 2843 1285 2915 Urbem
1306 2841 1401 2914 unde
1417 2864 1497 2914 cum
1513 2842 1636 2914 timore
1653 2837 1760 2913 dubie
1781 2841 1881 2913 sortis

471 2961 645 3033 exivimus
676 2985 755 3034 cum
779 2972 925 3036 eventus
952 2964 1126 3060 magnifici
1153 2967 1261 3060 gloria
1292 2976 1519 3040 revertamur.
1550 2963 1722 3058 Antiquos
1749 2964 1786 3034 in
1815 2963 1881 3036 boc

471 3106 621 3177 namque
636 3086 817 3159 recolimus
827 3085 967 3160 Cesares
980 3089 1109 3183 quibus
1123 3091 1168 3162 ob
1180 3113 1235 3162 res
1251 3091 1425 3188 preclarae
1433 3089 1636 3161 victricibus
1647 3089 1755 3183 signis
1769 3097 1881 3181 gestas

470 3217 609 3280 senatus
623 3211 843 3304 populusque
859 3232 1023 3285 romanus
1038 3213 1230 3310 triumphos
1249 3223 1283 3286 ct
1301 3214 1436 3286 laureas
1450 3213 1702 3302 decernebant,
1720 3211 1766 3284 ed
1785 3209 1881 3305 quod

470 3353 531 3424 per
545 3353 683 3423 presens
697 3343 812 3404 nostre
829 3335 1019 3409 serenitatis
1036 3339 1234 3432 exemplum
1248 3338 1324 3410 vias
1342 3337 1432 3410 votis
1453 3336 1577 3408 vestris
1598 3359 1620 3408 a
1639 3337 1742 3426 longe
1755 3356 1882 3430 prepa-

469 3476 602 3544 remus,
634 3455 718 3527 dom
744 3455 882 3530 devicto
908 3459 1100 3532 Mediolano
1124 3483 1262 3532 currum
1288 3461 1438 3534 civitatis
1460 3461 1580 3553 utique
1602 3457 1758 3530 factionis
1787 3457 1881 3530 ltalie

470 3579 633 3674 principis
663 3579 709 3654 ad
737 3602 801 3653 vos
825 3583 994 3656 victorum
1018 3585 1167 3657 hostium
1198 3585 1341 3680 predam
1373 3596 1407 3657 et
1436 3584 1544 3680 spolia
1574 3581 1787 3656 destinamus
1812 3579 1878 3677 (2),

822 3801 1527 3814 ——n—-onn—-ae—-a—--nnun-..m-——m-G—

509 3929 546 4002 (t)
564 3929 664 3988 alludit
676 3931 828 3992 Fridericus
839 3933 950 3990 clamori
961 3949 1098 3992 armorum
1112 3951 1194 4010 quem
1209 3936 1251 3994 sui
1262 3936 1360 3994 milites
1370 3937 1398 3994 in
1410 3937 1541 4010 praelium
1554 3935 1685 3992 bruentes
1696 3932 1857 3992 extollebant
1871 3947 1878 3986 ι

473 4047 486 4079 a
502 4027 588 4098 Miles,
603 4029 700 4085 Romal
715 4028 802 4100 miles,
816 4029 975 4104 imperatori
990 4031 1056 4090 scs.
1071 4032 1171 4089 otras.
1185 4032 1323 4090 durabis
1336 4033 1504 4108 ltabgestis,
1520 4051 1548 4108 p.
1564 4036 1626 4091 469.

507 4121 544 4196 (t)
565 4146 578 4178 a
590 4125 690 4182 &dem
704 4141 798 4183 mense
811 4125 951 4201 (januario)
964 4130 1100 4188 mandavit
1109 4132 1253 4204 imperator
1265 4129 1379 4190 Romam
1391 4115 1542 4188 carrocium
1552 4127 1691 4188 llodiolani
1702 4142 1782 4202 super
1795 4123 1881 4182 mulos

472 4221 517 4292 qui
533 4221 597 4278 illud
610 4227 784 4296 portaverunt
799 4239 861 4280 cum
877 4225 968 4283 multis
982 4227 1066 4299 signis
1079 4235 1107 4285 et
1119 4227 1224 4285 vexillis
1236 4233 1263 4285 et
1275 4227 1347 4285 tubis
1359 4244 1410 4302 per
1425 4235 1517 4301 partes
1530 4225 1703 4284 Pontremuli.
1716 4223 1794 4295 Quod
1805 4235 1881 4280 cem·

472 4317 543 4372 cium
554 4330 617 4374 cum
629 4319 701 4392 apud
713 4320 825 4377 Romam
836 4321 982 4394 duxissent,
995 4323 1119 4382 dominum
1134 4341 1203 4399 papa
1215 4341 1301 4398 usque
1314 4325 1349 4382 ad
1369 4331 1485 4383 mortem
1500 4323 1597 4393 doluit,
1615 4329 1643 4381 et
1653 4323 1718 4380 illud
1735 4323 1764 4380 in
1778 4321 1881 4377 Urbem

472 4412 640 4472 introducere
651 4414 797 4488 probibere
812 4415 904 4474 voluit.
920 4419 996 4487 Quod
1011 4419 1104 4493 utiquc
1118 4422 1238 4478 sentiens
1256 4437 1319 4496 pars
1332 4419 1502 4496 imperatoris
1514 4435 1584 4492 quae
1600 4426 1660 4478 erat
1676 4418 1705 4474 in
1725 4418 1783 4491 ipse
1798 4415 1879 4486 urbs,

472 4508 534 4568 illud
553 4511 688 4570 carosium
709 4511 781 4570 tutu
801 4513 935 4571 civitatem
952 4515 1142 4574 honorabiliter
1157 4519 1343 4576 conduxerunt
1358 4518 1431 4592 quod
1446 4518 1564 4592 positum
1582 4517 1632 4574 luit
1645 4517 1673 4572 in
1689 4514 1818 4590 Capitolio
1832 4527 1883 4587 per

471 4608 629 4666 cardinales.
643 4627 657 4662 r
669 4608 795 4668 cuore.
807 4609 840 4667 de
851 4611 907 4668 red.
922 4614 953 4668 ia
964 4613 1030 4671 ital.
1044 4615 1140 4688 gestie,
1152 4632 1180 4690 p.
1195 4618 1256 4674 ΗΞ.
1270 4615 1469 4676 «Carrccbium
1481 4622 1591 4689 captum
1601 4615 1716 4672 Romam
1729 4611 1820 4684 dirigit
1832 4610 1882 4666 int·

472 4713 578 4778 perator
589 4705 735 4780 insignum
746 4707 900 4767 uictoriae.»
914 4709 988 4768 Rrec.
1001 4727 1037 4769 ee
1048 4711 1078 4770 S.
1087 4711 1193 4786 orm,
1203 4713 1303 4774 coroa.
1312 4729 1357 4789 ep.
1367 4713 1649 4787 nomiomsertpt,
1659 4715 1680 4768 t.
1691 4709 1747 4781 vn,
1759 4726 1788 4784 p·
1799 4707 1879 4765 ⁴⁰⁴⁰·
