4246 5906
1025 637 1237 701 tatbtutct
1263 639 1437 701 Sllsslllllll
1752 637 1831 717 [ssu.
1849 639 1934 703 1239.

731 937 936 950 *tumvana—-

578 1226 754 1310 Mandata
785 1228 833 1309 de
859 1228 996 1311 dirutis
1032 1230 1232 1315 arboribus
1259 1242 1414 1342 propter
1445 1243 1646 1318 ventorum
1677 1233 1864 1342 impetum
1898 1233 1935 1314 iu

360 1343 402 1374 ‘¹⁰'
525 1359 712 1468 imperiali
743 1385 897 1444 nemore
929 1363 1039 1472 juxta
1071 1365 1285 1448 Schit'atum
1317 1367 1432 1450 etde
1461 1365 1577 1476 lignis
1607 1367 1710 1476 apud
1741 1365 1934 1474 Neapolim

525 1487 745 1571 vendendis.

607 1718 734 1798 (Redeat.
750 1717 852 1796 imper.
868 1715 988 1778 maor.
1004 1719 1043 1793 II,
1059 1718 1110 1779 tol.
1128 1728 1165 1780 25
1181 1723 1328 1800 verso31a
1340 1722 1412 1784 edlt.
1427 1721 1565 1797 Curcum,
1579 1739 1611 1800 p.
1628 1723 1712 1800 m.)

574 1917 628 1988 Dc
645 1919 800 1990 mandato
814 1919 983 2012 imperiali
995 1922 1082 2009 [octo
1091 1943 1152 2012 per
1164 1923 1362 2012 mcpistrum
1379 1923 1578 1994 Riccardarm
1591 1922 1631 1993 dc
1647 1924 1796 2015 Trojecto
1811 1921 1936 2015 scripsit

526 2047 567 2113 P.
586 2043 625 2112 de
642 2043 780 2134 Capua:

574 2166 790 2254 Fredericus‚
800 2175 884 2258 etc,
898 2166 1037 2240 Perrino
1051 2169 1250 2242 lombardo
1263 2171 1446 2244 castellano
1459 2171 1617 2256 Sobilati,
1632 2179 1699 2244 etc.
1715 2167 1869 2262 Benigne
1884 2189 1937 2240 re·

527 2291 616 2385 cepit
629 2291 792 2382 majestas
805 2299 919 2362 nostra
933 2291 1067 2364 lieteras
1078 2315 1168 2386 quas
1183 2294 1319 2384 misisti,
1333 2295 1487 2368 studium
1500 2305 1598 2367 tuum
1607 2293 1703 2388 quod
1714 2293 1939 2386 babessuper

527 2411 680 2488 custodia
707 2415 856 2485 nemoris
881 2415 987 2486 nostri
1011 2415 1072 2486 tibi
1098 2417 1281 2490 commissa
1306 2419 1493 2513 plurimum
1519 2417 1812 2490 commendantes.
1836 2414 1939 2502 Quod

527 2547 642 2610 autem
661 2535 859 2629 significasti
883 2537 983 2610 nobis
1005 2539 1050 2610 de
1066 2539 1217 2633 dampno
1232 2541 1393 2612 arborum
1410 2551 1548 2636 propter
1567 2551 1749 2614 ventorum
1770 2540 1938 2633 impetum

527 2672 561 2734 at
577 2660 664 2734 aeris
678 2669 926 2754 tempestatem,
945 2671 979 2732 et
996 2662 1099 2732 etiam
1117 2661 1162 2734 de
1184 2662 1394 2737 animalibus
1412 2665 1533 2737 occisis
1549 2675 1731 2761 propterea
1746 2664 1781 2734 in
1800 2683 1938 2734 nemore

528 2783 743 2878 supradicto,
769 2783 849 2854 licet
871 2784 1014 2854 culmini
1032 2793 1149 2858 nostro
1173 2785 1402 2880 displicuerit,
1423 2787 1518 2880 quod
1539 2798 1653 2859 amen
1669 2785 1789 2858 divino
1804 2785 1938 2877 judicio

528 2909 655 2980 lactum
670 2918 733 2997 est,
746 2907 822 3002 ipsa
835 2907 1030 2980 humanitas
1043 2931 1111 2981 non
1127 2911 1277 2998 incusat,
1291 2909 1352 2982 sed
1366 2909 1500 2982 tollerat
1514 2911 1690 3006 patienter.
1705 2909 1808 2994 Quod
1820 2917 1936 2980 autem

530 3032 574 3105 de
584 3032 686 3124 liguis
698 3031 858 3102 arborum
876 3031 1068 3104 dirutarum
1083 3033 1155 3104 fieri
1172 3032 1308 3123 debeat,
1320 3032 1485 3105 Riecardo
1497 3033 1541 3106 de
1556 3035 1698 3106 Pulcaro
1713 3031 1807 3104 lideli
1822 3041 1936 3104 nostro

530 3178 593 3251 per
607 3165 740 3227 nostras
755 3153 891 3226 lioteras
911 3155 1144 3245 destinamus,
1166 3165 1289 3228 cautus
1304 3157 1457 3229 existens
1475 3165 1588 3228 tamen
1606 3177 1651 3229 ue
1666 3155 1848 3229 occasione
1864 3155 1936 3250 ipsa

531 3281 598 3352 alie
613 3279 752 3352 arbores
770 3279 977 3350 incidantur.
999 3281 1047 3350 Tu
1068 3301 1152 3351 vero
1170 3279 1262 3351 circa
1277 3279 1417 3352 servitia
1434 3289 1568 3371 nostra,
1582 3288 1648 3352 etc.

578 3407 704 3477 Datum
717 3399 812 3495 apud
831 3401 1002 3490 laudam,
1020 3403 1112 3474 XVll
1128 3404 1344 3489 novembris,
1362 3405 1439 3474 Xlll
1455 3403 1662 3476 indictionis.

581 3526 663 3600 Item
680 3523 789 3596 eodem
802 3524 855 3595 die
866 3526 905 3595 dc
916 3526 1025 3596 eodem
1038 3527 1197 3599 mandato
1208 3527 1339 3621 scripsit
1354 3529 1465 3597 idem:

580 3649 796 3734 Fredericus,
815 3657 897 3740 etc,
915 3649 1084 3723 lliccardo
1102 3650 1147 3723 de
1166 3651 1326 3742 Pulcaro,
1350 3659 1416 3724 etc.
1436 3648 1655 3743 significante
1676 3649 1774 3721 uobis
1799 3649 1934 3722 Perrioo

532 3770 724 3844 Lombardo
755 3771 937 3843 castellano
966 3771 1126 3866 Schitati,
1158 3771 1250 3845 fideli
1279 3783 1411 3862 nostro,
1442 3781 1560 3844 nostra
1586 3770 1748 3843 serenitas
1770 3771 1936 3842 intellexit

533 3891 629 3985 quod
646 3891 780 3986 pridem
797 3903 935 3988 propter
953 3905 1133 3968 ventorum
1151 3895 1315 3990 impetum
1333 3906 1366 3968 et
1381 3895 1471 3967 aeris
1487 3903 1739 3989 tempestatem,
1757 3895 1865 3966 multe
1882 3916 1936 3966 ar·

532 4016 633 4089 bores
652 4014 765 4087 dirute
781 4019 912 4089 suntin
926 4029 1041 4091 nostro
1059 4041 1199 4092 nemore
1210 4021 1303 4092 Silve
1318 4021 1420 4108 blale,
1434 4041 1581 4114 quarum
1594 4019 1690 4110 ligna
1702 4018 1732 4090 si
1745 4016 1938 4090 vendantur

531 4139 694 4234 Neapoli,
714 4139 982 4214 emolumentum
1000 4143 1142 4236 aliquod
1165 4143 1201 4214 in
1222 4143 1534 4238 compensationem
1558 4142 1786 4237 dampnorum
1809 4141 1939 4214 exinde

533 4265 629 4338 curia
652 4272 766 4336 nostra
786 4275 1066 4359 consequeretur.
1092 4267 1207 4350 Quare
1231 4265 1387 4340 fidelitati
1412 4275 1471 4338 tue
1492 4266 1709 4361 precipiendo
1733 4265 1939 4337 mandamus

531 4399 705 4484 quatenus
715 4389 933 4462 commodum
946 4391 1041 4463 curie
1055 4401 1183 4482 nostre,
1195 4393 1285 4464 sicut
1297 4392 1421 4464 melius
1431 4390 1649 4465 etdecentiua
1662 4390 1799 4480 rideris,
1809 4388 1939 4462 exinde

533 4513 645 4584 faeere
662 4531 730 4582 nou
751 4520 952 4604 postponas,
967 4521 1007 4583 ut
1025 4521 1140 4604 tuum,
1160 4519 1228 4584 etc.

579 4637 705 4706 Datum
720 4630 770 4730 [ut
785 4631 916 4732 supro}
