4228 5892
437 565 498 627 342
937 563 1152 626 intonaret
1176 563 1351 626 SECUNDI
1660 563 1743 642 [Aen.
1762 561 1848 626 lasa.

437 719 517 771 cum
528 698 608 790 jure
625 695 729 770 etiam
743 717 946 787 manarum,
966 709 1207 793 mercatorum,
1222 705 1407 788 testorum‚
1426 705 1462 770 et
1480 695 1626 771 ciorum
1643 696 1705 792 qui
1722 717 1849 770 oannes

435 821 564 894 hubent
582 828 642 894 aut
655 828 783 910 erent,
801 820 881 914 jure
892 821 996 894 etium
1013 822 1147 896 macelli
1162 831 1197 896 et
1210 821 1368 896 carnium
1382 829 1418 894 et
1430 821 1509 914 jure
1521 819 1759 910 tabernarum,
1772 817 1849 911 jure

435 965 576 1038 quoqne
592 943 759 1016 librarum
780 943 892 1040 piperi
908 953 943 1017 et
965 945 1112 1020 aliarum
1132 946 1346 1042 specierum,
1369 965 1451 1016 cum
1470 945 1550 1038 jure
1566 943 1669 1016 etiam
1687 953 1849 1017 consueto

434 1069 622 1165 pistorum,
647 1066 926 1141 molendinorum
948 1079 983 1141 et
1005 1069 1161 1164 ipsorum
1187 1065 1389 1160 custodum;
1415 1088 1494 1139 cum
1508 1067 1588 1159 jure
1609 1065 1767 1141 similiter
1785 1089 1850 1162 pu·

435 1189 555 1264 aiendi
585 1191 734 1265 latrones
754 1201 789 1264 et
812 1193 905 1265 iures
929 1191 991 1287 qui
1015 1193 1144 1265 furtum
1166 1193 1310 1267 iecerint
1332 1191 1530 1264 incivitate
1554 1189 1629 1286 ipsa
1651 1191 1707 1264 vel
1728 1200 1847 1282 extra,

436 1315 585 1389 durante
599 1326 748 1389 mercato
761 1315 857 1415 quod
872 1316 921 1388 ibi
936 1313 1009 1388 fieri
1025 1317 1224 1408 consuevit3
1242 1338 1321 1388 cum
1333 1318 1412 1410 jure
1426 1314 1633 1388 cohertionis
1646 1325 1685 1386 ut
1697 1336 1759 1410 pru
1772 1335 1847 1410 pen-

435 1439 530 1512 sonis
548 1448 583 1514 et
608 1441 712 1514 rebus
734 1439 855 1512 locatis
874 1438 1051 1514 mercedes
1071 1439 1187 1515 debite
1207 1441 1466 1536 persolvantur;
1492 1460 1574 1510 cum
1594 1440 1674 1532 jure
1697 1437 1850 1510 similiter

435 1563 663 1637 conservandi
686 1563 764 1637 vias
787 1563 898 1658 ipsius
919 1563 1068 1638 civitatis
1092 1565 1130 1636 iu
1155 1572 1248 1637 statu
1268 1563 1403 1652 debito,
1423 1572 1460 1636 et
1481 1583 1660 1637 mensuras
1677 1561 1745 1637 olei
1770 1583 1850 1635 eon·

436 1696 569 1777 suetus,
588 1697 623 1758 et
635 1689 714 1782 jure
735 1686 942 1760 cohertionis
964 1687 1123 1760 clausure
1143 1687 1313 1777 civitatis,
1334 1695 1369 1759 et
1393 1687 1530 1759 illorum
1555 1687 1686 1782 quibus
1702 1686 1849 1758 excubie

329 1857 331 1862 -
434 1809 595 1884 faciende
608 1809 835 1902 manduntur,
856 1819 992 1884 etcum
1013 1811 1178 1884 omnibus
1194 1811 1271 1884 aliis
1283 1809 1440 1903 juribus,
1461 1810 1562 1884 bonis
1584 1810 1726 1902 usibus,
1745 1819 1780 1883 et
1797 1831 1850 1883 ru-

434 1933 590 2006 tionibus
615 1931 865 2029 pertinentibus
890 1933 936 2006 ed
953 1935 1110 2028 ejusdem
1132 1933 1284 2007 officium
1306 1935 1527 2025 consuletus3
1550 1933 1599 2005 ita
1621 1944 1735 2007 tamen
1756 1931 1851 2028 quod

435 2057 652 2130 consulatum
662 2057 777 2153 ipsum
790 2079 812 2130 a
825 2057 925 2130 nobis
939 2079 1076 2154 semper
1090 2066 1125 2131 et
1138 2057 1282 2154 imperio
1294 2066 1434 2131 teneant
1449 2066 1485 2130 et
1497 2065 1614 2130 tenere
1626 2065 1847 2151 cognoscant,

435 2179 482 2254 ed
505 2179 762 2274 requisitionem
789 2189 939 2254 nostrum
967 2181 1023 2253 vel
1045 2181 1246 2254 nuntiorum
1270 2190 1462 2254 nosuorum
1490 2181 1591 2253 nobis
1617 2182 1849 2274 juramentum

435 2301 612 2378 fidelitatis
629 2313 664 2378 et
679 2304 824 2400 imperio
846 2315 996 2400 prestare
1016 2304 1184 2398 debcant,
1203 2313 1239 2378 et
1260 2305 1356 2378 curie
1375 2312 1491 2379 nostre
1511 2303 1652 2378 servitia
1668 2301 1846 2376 exhibere.

436 2425 494 2501 Ad
511 2428 617 2516 hujus
636 2438 750 2502 eutem
764 2436 880 2502 nostre
895 2429 1125 2502 concessionis
1141 2439 1176 2502 et
1193 2427 1460 2502 confirmationis
1477 2429 1678 2502 memoriam
1697 2437 1733 2500 et
1745 2428 1852 2500 robur

436 2561 605 2647 perpetuo
628 2552 836 2642 valiturum,
862 2571 1003 2646 presens
1021 2551 1243 2648 privilegium
1265 2552 1316 2624 eis
1334 2551 1464 2626 exinde
1482 2551 1557 2624 fieri
1576 2552 1722 2624 fecimus
1743 2549 1849 2624 nostri

436 2674 540 2769 sigilli
555 2674 748 2746 munimine
764 2674 978 2746 roboratum.

484 2797 609 2870 Actum
623 2797 717 2894 apud
729 2799 875 2892 Regium
889 2797 1058 2895 (i),anuo
1071 2783 1245 2872 dominice
1260 2795 1505 2872 incarnationis
1521 2798 1705 2872 millesimo
1718 2797 1851 2870 ducen-

436 2921 558 2996 tosimo
585 2922 758 2994 tricesimo
787 2943 898 3012 nouo,
926 2945 1045 2996 mense
1071 2923 1179 3016 junii,
1204 2921 1412 2996 duodecime
1438 2923 1656 3016 indicti0uis‚
1682 2931 1850 3016 regnante

436 3045 580 3120 domino
607 3055 726 3120 nostro
755 3047 936 3120 Fredarico
967 3047 1195 3121 invictissimo
1223 3047 1456 3120 Romanorum
1487 3047 1691 3142 imperatore
1714 3069 1851 3143 semper

436 3179 602 3265 augusto,
618 3171 830 3246 iherusalem
848 3181 883 3246 et
899 3171 1014 3245 Sicilie
1028 3195 1128 3266 rege,
1149 3193 1241 3246 anno
1256 3173 1391 3268 imperii
1406 3171 1564 3266 ejusdem
1579 3194 1672 3246 nono
1690 3171 1846 3256 decimo,

436 3295 533 3388 regni
547 3293 759 3368 iherusalem
769 3306 892 3391 quarto
905 3295 1054 3389 decimo,
1066 3297 1165 3391 regni
1176 3317 1258 3370 vero
1269 3295 1385 3371 Sicilie
1396 3295 1664 3391 quadragesimo
1677 3293 1846 3393 secundo,

437 3417 592 3490 feliciter.
611 3417 737 3492 Amen.

648 3725 1633 3742 mma-*W

489 4001 575 4111 Ipso
601 4028 732 4088 mense
754 4002 853 4113 junii
879 4003 1185 4114 Senotagetensis
1211 4011 1249 4086 et
1275 4000 1468 4085 Caluensis
1496 3999 1661 4110 episcopi
1687 3997 1871 4082 Romam

435 4137 582 4220 uadunt
612 4136 720 4220 missi
739 4137 787 4220 sb
806 4137 1032 4246 imperatore
1060 4137 1110 4218 ad
1137 4133 1371 4242 cardinales3
1392 4133 1459 4216 sed
1477 4159 1501 4216 a
1519 4159 1619 4242 popa
1644 4130 1787 4240 repulsi
1810 4129 1849 4210 in

471 4483 508 4556 (t)
528 4485 597 4540 Dum
611 4497 724 4541 erronee
743 4482 878 4558 putaverit
890 4481 1048 4540 itemerviile
1067 4482 1231 4541 Fridoricum
1245 4481 1393 4540 secondum
1407 4486 1472 4536 tunc
1488 4478 1616 4553 temporis
1636 4478 1664 4534 in
1684 4475 1850 4533 Provinciam

437 4581 588 4652 advenisse,
602 4597 700 4638 nomen
714 4579 795 4654 hujus
807 4579 867 4650 ioci,
879 4581 979 4638 scilicet
991 4581 1102 4654 loppin,
1112 4581 1183 4654 quod
1197 4580 1298 4654 optime
1309 4579 1444 4637 itinerario
1457 4575 1627 4651 imperatoris
1640 4571 1773 4641 mouerit,
1786 4587 1848 4644 per·

436 4693 531 4750 peram
550 4679 615 4736 Rieu
627 4678 654 4736 in
667 4678 808 4737 Provincia
823 4679 1014 4752 interpretetus
1023 4683 1074 4736 est.
