4226 5900
184 646 288 706 Iunior.
307 641 371 721 ta]
595 629 604 641 ⁸
639 637 837 700 HISTORIA
861 627 1162 696 DII‘LOIIA'IICA.
1541 625 1603 688 469

186 778 282 850 tinus
307 797 351 848 ec
372 793 443 868 que
468 794 515 846 ex
539 782 634 868 parta
653 772 761 846 nostri
784 770 946 845 culminis
970 767 1074 842 vcbIs
1097 764 1222 838 celeret
1245 759 1334 835 sicut
1359 760 1461 834 nobis
1489 769 1603 836 vestra

187 898 306 974 credat
325 897 473 970 allectio.
566 895 567 900 ’
1506 882 1509 888 ’

235 1025 324 1096 Data
341 1023 378 1093 in
399 1019 520 1093 castris
541 1029 622 1092 ante
644 1027 758 1093 castra
777 1019 894 1114 pontis
912 1016 1100 1106 Placentie,
1129 1017 1251 1108 quarto
1273 1006 1439 1084 kalendas
1460 1029 1602 1082 novem-

188 1147 280 1239 nrn,
299 1145 378 1220 ruu
395 1140 616 1240 uersutus(
637 1142 664 1240 ).

244 1731 478 1836 Fridericus‚
509 1731 770 1814 Romanorum
803 1729 1023 1838 imperator,
1053 1727 1205 1810 cuidam
1233 1725 1420 1838 significat
1445 1754 1487 1811 se
1517 1740 1603 1842 post
1628 1736 1808 1846 timu·

1676 1852 1776 1895 millite

190 1865 522 1976 depopulationem
553 1863 749 1946 districtus
778 1861 1067 1948 Mediolanensis
1098 1861 1138 1942 in
1170 1859 1357 1944 civitatem
1390 1861 1602 1947 Cumauam
1649 1843 1791 1948 ”saw

193 2002 340 2081 noviter
357 1996 407 2078 ad
424 1992 644 2076 fidelitatem
664 2019 856 2078 reversam
874 1993 1114 2100 capitaneum
1130 1992 1279 2076 misisse
1296 2002 1334 2075 et
1349 2006 1435 2076 ante
1448 2005 1602 2102 pontem

1664 1961 1774 2010 samum]

192 2127 405 2211 Placentiae
421 2133 546 2209 casua
562 2123 755 2232 defixisse,
775 2123 875 2206 inlro
891 2148 1034 2233 paucos
1051 2124 1132 2206 dies
1155 2123 1289 2208 urbem
1308 2129 1602 2236 expugnandam

192 2259 392 2343 nuntians.

278 2460 400 2540 (lnedlt.
424 2477 463 2522 cx
487 2459 555 2520 cod.
579 2458 654 2520 Btbt.
682 2458 784 2520 Cesar.
806 2457 913 2534 Parin,
926 2453 1017 2536 soodt
1037 2456 1072 2519 S.
1097 2455 1340 2538 Germ-Barba,
1365 2469 1440 2536 455,
1460 2479 1531 2540 pars
1552 2466 1600 2544 11,

314 2577 348 2627 n⁰
362 2565 485 2639 XLVII,
499 2567 563 2626 slue
575 2563 687 2642 titulo.)

244 2740 289 2812 Ut
303 2747 497 2812 nostrorum
515 2737 667 2810 lelicium
685 2735 792 2808 series
810 2735 1008 2808 continuata
1026 2757 1249 2809 successuum
1267 2736 1437 2814 desideria
1457 2754 1600 2821 tuanen

195 2865 313 2951 lateat,
330 2861 485 2935 fidelitati
507 2870 566 2932 tue
588 2859 754 2933 dommus
779 2857 1008 2932 intimandum
1029 2859 1125 2954 quod
1144 2860 1280 2934 dudum
1296 2885 1317 2936 a
1331 2864 1602 2962 depopulatione

195 2986 349 3059 Bononio
362 2985 562 3074 redeuutes,
577 2983 664 3056 dum
682 2983 845 3056 membris
863 2983 1132 3079 circumquaque
1153 2986 1306 3060 contritis
1319 3011 1483 3082 quassare
1500 3008 1603 3092 caput

196 3107 341 3206 perfidie
364 3107 628 3182 Mediolanensis
650 3107 799 3179 civitatis
821 3106 1036 3180 irrevocabili
1063 3109 1237 3203 proposito
1263 3108 1493 3209 firmaremus,
1520 3139 1604 3194 con·

198 3233 348 3328 gregatis
378 3230 541 3304 fidelibus
571 3230 696 3303 nostris
723 3229 1009 3303 Cremonensibus
1033 3239 1067 3303 et
1091 3285 1100 3302 .
1124 3285 1166 3304 ..
1195 3235 1388 3330 ceterisque
1420 3243 1605 3334 usquead

198 3355 351 3430 radicem
376 3354 545 3428 montium
568 3355 748 3428 ProvincIe
769 3354 979 3441 constitutis,
1003 3362 1143 3428 strenua
1165 3356 1286 3430 militia
1305 3360 1550 3438 Germanorum
1571 3379 1606 3441 et

199 3481 360 3571 aliorum,
382 3489 465 3570 etc,
481 3479 528 3551 ita
541 3478 638 3573 quod
652 3479 772 3550 similis
785 3478 994 3552 exercitusa
1010 3478 1122 3572 longis
1140 3488 1229 3554 retro
1244 3484 1455 3577 temporibus
1472 3501 1607 3563 nonest

199 3605 312 3694 uuus,
331 3602 522 3676 districtum
541 3603 830 3676 Mediolanensem
854 3601 994 3674 feliciter
1011 3601 1216 3676 intravimus
1234 3614 1269 3678 et
1284 3615 1459 3702 potenter,
1476 3621 1510 3684 et
1528 3613 1608 3686 licet

199 3727 348 3802 bostium
362 3725 514 3822 pravitas
527 3733 682 3799 nostrum
702 3725 892 3799 adventum
907 3725 1081 3822 presciens
1098 3727 1145 3800 ad
1157 3727 1329 3804 ¹fodienda
1349 3734 1499 3826 quedam
1518 3739 1609 3811 valla

101 3861 104 3868 “
201 3850 330 3944 quibus
356 3849 421 3922 iter
447 3858 600 3922 nostrum
628 3848 798 3943 impedire
825 3849 987 3922 credebat
1017 3859 1097 3923 ante
1123 3850 1256 3925 diutius
1284 3855 1471 3951 exivisset,
1494 3864 1608 3934 statim

203 3983 316 4048 amen
340 3993 404 4069 pro
426 3973 526 4045 lactis
546 3994 593 4044 ex
615 3971 753 4044 instanti
773 3972 939 4067 pontibus
961 3981 1054 4045 trans
1076 3973 1205 4046 flumen
1233 3977 1371 4050 Lambri
1389 3983 1611 4058 transivimus

205 4116 326 4168 versus
338 4116 415 4187 eos;
430 4095 491 4189 qui
509 4095 554 4168 de
572 4096 655 4190 iuga
668 4095 783 4190 potius
800 4117 906 4190 quam
921 4095 1048 4168 virium
1063 4098 1217 4192 presidio
1231 4099 1457 4198 confidentes,
1474 4107 1520 4180 de
1537 4109 1611 4182 loco

204 4227 416 4292 recesserunt
438 4218 591 4314 predicto
610 4227 646 4292 et
665 4227 775 4292 castra
792 4240 857 4293 sue
879 4219 970 4291 inter
984 4241 1085 4314 sepes
1109 4231 1143 4294 et
1170 4223 1291 4297 foveas
1313 4224 1510 4302 defixerunt
1533 4242 1613 4306 ante

201 4343 325 4434 januas
347 4342 514 4430 civitatis,
537 4351 667 4434 castra,
693 4342 795 4416 villas
825 4351 858 4414 et
885 4363 1104 4438 quecumque
1128 4343 1322 4449 babuerunt
1350 4370 1391 4423 ea
1422 4323 1519 4447 parte
1542 4377 1612 4450 qua

205 4468 303 4542 nobis
319 4489 500 4563 processus
515 4477 588 4542 erat
605 4468 753 4540 flammis
766 4476 801 4542 et
816 4467 939 4562 gladiis
954 4470 1063 4542 nostri
1082 4473 1254 4546 exercitus
1269 4475 1514 4570 reIInquentes,
1529 4479 1613 4552 dum

245 4731 283 4808 (a)
302 4731 339 4792 ln
357 4733 495 4795 omuibus
507 4735 630 4814 Bymert
646 4732 822 4795 editionibus
835 4733 880 4795 IX
890 4731 1053 4811 indictione,
1068 4736 1154 4798 male.
