4278 5920
517 583 557 645 80
1014 587 1228 650 balbutiet
1254 590 1427 652 suctum
1741 593 1821 672 [llam
1841 594 1926 661 luet.

516 718 643 808 nostri,
663 719 838 792 humiliter
866 721 1100 817 supplicantes
1123 733 1165 794 ut
1188 723 1274 796 illud
1303 725 1492 816 innovare,
1515 735 1550 799 ot
1573 727 1691 800 omnia
1715 749 1787 822 que
1813 731 1929 804 conti-

516 853 641 916 nentur
661 845 696 915 in
714 845 791 940 ipso
806 844 1010 920 confirmare
1032 847 1077 921 de
1096 857 1213 920 nostra
1230 848 1340 943 gratia
1354 849 1617 942 mandaremus3
1639 852 1740 944 cujus
1760 862 1859 928 tenor
1876 865 1929 930 est

515 989 577 1062 per
594 967 709 1039 omnia
725 969 801 1040 talis
819 993 827 1038 :

565 1093 744 1187 (Sequitur
765 1093 983 1188 privilegium
1011 1095 1131 1168 datum
1157 1098 1230 1172 Vlll
1250 1098 1300 1172 id.
1329 1097 1533 1192 septembris
1557 1098 1673 1192 ⁴2⁴5,
1701 1099 1800 1196 quod
1823 1123 1927 1198 supra

515 1227 541 1288 t.
562 1217 594 1304 l,
614 1239 649 1309 p.
670 1215 772 1310 ltu.)

564 1343 633 1414 Nos
654 1341 759 1436 igitur
779 1363 898 1413 eorum
924 1342 1233 1442 supplicationibus
1259 1343 1492 1418 favorabiliter
1514 1344 1684 1436 inclinati,
1711 1344 1928 1418 attendentes

513 1455 656 1558 quidem
688 1462 791 1536 fidem
824 1485 1005 1560 synceram
1035 1474 1070 1536 et
1096 1475 1291 1562 promptam
1318 1467 1556 1558 devotionem,
1582 1489 1689 1560 quam
1712 1467 1817 1540 iidem
1847 1490 1929 1564 prc-

513 1587 645 1682 positus
668 1596 702 1659 et
719 1597 925 1678 conventus,
947 1587 1068 1661 fideles
1083 1589 1208 1676 nostri,
1227 1588 1274 1662 ad
1297 1589 1460 1662 bonorem
1477 1590 1613 1686 imperii
1638 1599 1672 1662 et
1689 1591 1927 1664 excellentiam

513 1719 662 1784 nostram
683 1711 830 1802 babent,
850 1710 1043 1806 predictum
1066 1713 1288 1806 privilegium
1313 1713 1491 1803 innovari,
1516 1723 1551 1785 et
1576 1713 1725 1808 presenti
1745 1714 1927 1809 privilegio

514 1836 560 1910 de
592 1836 701 1908 verbo
732 1835 949 1908 adverbum
977 1835 1146 1928 jussimus
1180 1836 1305 1925 inseri,
1338 1837 1454 1908 omnia
1481 1857 1551 1930 que
1577 1835 1797 1908 continentur
1821 1837 1857 1908 in
1885 1858 1927 1910 eo

513 1959 724 2032 auctoritatis
746 1957 932 2052 imperialis
961 1957 1153 2030 munimine
1175 1957 1429 2030 confirmantes.
1458 1957 1648 2030 statuimus
1669 1957 1774 2050 igitur
1800 1967 1835 2031 et
1862 1957 1928 2030 im·

512 2083 632 2179 periali
648 2083 822 2154 sancimus
844 2080 977 2172 edicto,
996 2081 1149 2153 utnulla
1171 2102 1336 2176 persona,
1356 2082 1425 2154 alta
1445 2081 1503 2153 vel
1521 2079 1680 2169 humilis,
1701 2082 1928 2156 ecclesiastica

513 2209 569 2280 vel
588 2207 762 2292 secularis,
789 2205 963 2300 predictos
990 2205 1204 2300 prepositum
1226 2214 1260 2277 et
1281 2212 1490 2277 conventum
1511 2205 1547 2276 iu
1571 2204 1672 2277 bouis
1699 2205 1783 2300 ipsis
1810 2214 1927 2278 contra

513 2343 664 2404 tenorem
681 2329 851 2424 privilegii
878 2327 1069 2424 supradicti
1094 2350 1184 2402 ausu
1208 2329 1388 2401 temerario
1411 2330 1590 2402 molestare
1608 2337 1796 2423 prasumat.
1824 2329 1927 2414 Quod

512 2455 573 2548 qui
601 2453 863 2550 presumpserit,
892 2460 1004 2548 prater
1026 2473 1150 2547 penam
1173 2452 1356 2547 privilegio
1382 2452 1440 2525 illo
1467 2453 1657 2548 appositam
1677 2474 1782 2546 quam
1808 2453 1926 2526 incur·

511 2587 579 2658 ret,
605 2577 691 2649 alias
709 2575 802 2648 mille
822 2576 927 2648 libras
955 2576 1030 2648 auri
1063 2575 1140 2668 puri
1167 2583 1365 2669 componat,
1388 2573 1572 2648 medietate
1599 2574 1683 2647 fisco
1707 2585 1842 2664 nostro,
1869 2598 1925 2651 re·

509 2699 605 2795 liqna
621 2699 732 2794 passis
746 2698 908 2790 injuriam
925 2681 1169 2794 persolvenda.
1188 2698 1232 2770 Ut
1249 2707 1366 2770 autem
1383 2697 1448 2770 hec
1464 2707 1579 2770 nostra
1597 2699 1774 2771 innovatio
1792 2709 1827 2772 et
1842 2721 1926 2774 oon·

511 2822 658 2895 firmatio
674 2822 780 2894 robur
797 2821 950 2894 obtineat
967 2831 1132 2917 perpetue
1151 2820 1339 2911 firmitatis,
1362 2841 1504 2916 presens
1529 2821 1751 2916 privilegium
1776 2821 1868 2912 fieri,
1891 2835 1925 2896 et

510 2946 603 3020 bulla
620 2967 726 3018 aurea
743 2945 864 3038 tipario
881 2955 996 3018 nostre
1015 2944 1201 3039 majestatis
1220 2945 1384 3039 impressa
1397 2945 1565 3037 jussimus
1581 2945 1752 3040 insigniri.

559 3071 670 3161 Hujus
692 3069 741 3142 rei
766 3076 869 3141 testes
895 3077 975 3140 sunt
997 3095 1006 3140 ε
1029 3071 1064 3142 S.
1090 3069 1335 3162 Mogontinus,
1358 3069 1397 3140 Τ.
1420 3069 1631 3141 Trevirensls
1653 3069 1922 3164 archiepiscopi,

510 3195 548 3267 C.
573 3193 760 3288 Spirensis,
787 3194 825 3264 L.
850 3193 1114 3264 Wurmatieusis
1139 3193 1308 3288 episcopi,
1333 3192 1365 3264 J.
1386 3191 1541 3264 marchio
1564 3192 1922 3286 Brandenburgensis,

508 3318 552 3388 H.
573 3337 687 3390 eomes
711 3316 756 3389 de
780 3315 926 3402 Werde,
951 3317 992 3388 G.
1018 3315 1064 3388 do
1085 3316 1288 3388 Harnestein
1314 3315 1402 3388 sacri
1427 3316 1562 3411 imperii
1586 3316 1623 3388 in
1647 3316 1744 3389 ltalia
1768 3317 1920 3411 legatus,

509 3442 610 3514 irater
626 3441 664 3512 Β.
685 3439 730 3513 de
751 3439 926 3529 Taurode,
948 3439 990 3511 G.
1013 3439 1058 3512 de
1077 3439 1291 3528 Hubenlocb,
1311 3438 1504 3512 Everardus
1522 3439 1568 3513 de
1585 3439 1774 3514 Abenstein
1792 3450 1826 3512 et
1844 3439 1922 3512 Otto

508 3563 715 3654 iratereJus,
734 3565 773 3636 B.
794 3561 839 3636 de
854 3561 1070 3654 Garolsccke,
1091 3562 1196 3635 etalii
1214 3563 1449 3657 quamplures.

555 3686 701 3777 Signum
720 3685 850 3759 domini
868 3685 974 3758 nostri
989 3684 1153 3758 Friderici
1174 3685 1338 3774 secundi,
1360 3685 1423 3756 Dei
1442 3684 1551 3778 gratia
1572 3685 1786 3758 invictissimi
1799 3685 1923 3758 Roma·

507 3829 630 3881 uorum
647 3795 873 3904 imperatoris,
892 3829 1027 3902 semper
1041 3809 1198 3902 augusti,
1215 3807 1427 3881 Jberusalem
1444 3817 1479 3882 et
1490 3809 1602 3882 Sicilie
1617 3809 1723 3902 regis.
2034 3797 2036 3802 ’

553 3930 637 4004 Acta
653 3941 735 4004 sunt
755 3931 821 4004 hcc
837 3950 929 4004 anno
949 3930 1121 4004 dominice
1142 3931 1387 4004 incarnationis
1405 3931 1587 4004 millesimo
1603 3931 1841 4006 ducentesimo
1860 3933 1922 4004 tri·

507 4055 635 4128 cesimo
665 4055 833 4149 septimo,
862 4075 981 4128 mense
1005 4055 1116 4148 junii,
1154 4055 1289 4128 decime
1320 4053 1535 4147 indictionis,
1564 4056 1754 4150 imperante
1781 4055 1922 4128 dominc

506 4186 624 4250 nostro
641 4177 831 4261 Friderioo,
849 4177 911 4250 Dei
930 4178 1039 4272 gratia
1056 4178 1284 4251 invictissimo
1301 4179 1531 4251 Romanorum
1548 4179 1768 4274 imperatore,
1787 4200 1923 4275 semper

506 4308 671 4394 augusto,
698 4299 909 4373 iherusalem
934 4311 968 4373 et
983 4301 1099 4374 Sicilie
1124 4321 1207 4394 rege
1234 4301 1402 4394 glorioso,
1429 4322 1521 4373 anuo
1540 4301 1675 4397 imperii
1690 4303 1767 4394 ejus
1784 4300 1919 4376 decimo

505 4435 642 4510 octavo,
660 4423 760 4516 regui
775 4423 986 4498 iherusalem
1002 4424 1226 4514 duodecimo,
1243 4426 1343 4518 regni
1359 4445 1442 4496 vcro
1461 4424 1578 4497 Sicilie
1594 4425 1767 4498 tricesimo
1781 4433 1917 4516 octavo,

506 4549 660 4623 feliciter.
682 4546 805 4620 Amen.

552 4663 677 4743 Datum
697 4671 791 4766 apud
807 4670 979 4767 Spircam,
1000 4691 1105 4764 anno,
1123 4691 1243 4744 menso
1257 4680 1292 4744 et
1308 4670 1498 4744 indictione
1511 4671 1720 4768 prescriptis.
