4224 5898
221 616 317 679 nure.
337 615 398 700 ra]
669 617 866 680 ursrcnrr
893 616 1185 678 nrrucuarrca.
1572 617 1632 678 asc

219 749 287 824 sibi
303 752 490 841 committi,
506 761 541 824 et
561 750 725 824 domiuus
740 753 927 848 imperator
947 753 1027 824 licet
1045 753 1080 823 iu
1099 751 1223 825 endem
1239 751 1479 824 commissione
1494 754 1633 825 naufra-

222 873 318 967 gium
336 896 420 970 sepe
432 885 596 968 expertus
611 875 744 966 luisset,
763 876 875 948 voluit
888 885 1002 948 tamen
1020 875 1086 946 sibi
1103 875 1316 948 committere
1329 875 1376 948 ad
1392 883 1523 946 certum
1539 874 1632 948 diem

149 985 160 1012 ⁸
221 1005 255 1070 et
268 998 337 1070 sub
357 997 556 1071 conditione
573 997 668 1092 qued
685 997 732 1071 ad
755 999 919 1072 honorem
941 1021 1043 1070 suum
1062 1009 1094 1070 et
1112 999 1334 1071 commodum
1356 999 1489 1093 imperii
1514 999 1634 1072 firma·

220 1131 328 1195 retur.
348 1123 461 1208 Quam
480 1123 711 1196 conditionem
728 1122 892 1196 dominos
907 1145 1015 1219 papa,
1033 1133 1138 1218 prout
1151 1145 1213 1217 per
1226 1123 1355 1194 litteras
1379 1145 1461 1196 suas
1479 1132 1631 1215 constat,

222 1245 405 1320 admittere
423 1247 551 1334 noluit,
571 1269 770 1343 quenquam
788 1245 833 1320 ad
855 1269 998 1344 presens
1016 1269 1078 1341 per
1097 1247 1224 1319 litteras
1242 1267 1324 1318 suas
1342 1245 1434 1318 dicat
1450 1246 1547 1340 quod
1568 1249 1633 1320 Ec·

221 1369 325 1442 clesia
341 1370 518 1462 negotium
533 1371 648 1465 ipsum
662 1370 761 1444 salvo
772 1373 852 1464 jure
862 1380 898 1444 et
911 1371 1043 1444 honore
1056 1370 1191 1466 imperii
1206 1371 1326 1442 inisset
1338 1368 1482 1442 delinire
1496 1381 1632 1466 parata;

220 1502 255 1566 et
271 1513 320 1566 ex
335 1493 402 1567 boc
419 1503 514 1590 patet
525 1493 622 1589 quod
635 1495 745 1568 littere
758 1495 833 1590 ipse
850 1495 917 1566 sibi
933 1495 1081 1566 invicem
1096 1493 1374 1568 manifestissime
1387 1495 1633 1568 contradicant.

220 1616 263 1690 Et
280 1638 326 1690 ne
342 1618 564 1712 pretendatur
579 1617 675 1713 quod
694 1619 729 1688 in
744 1617 973 1714 prejudicium
991 1618 1093 1689 Terre
1109 1618 1234 1690 Sancte
1252 1617 1335 1689 velit
1350 1617 1511 1690 domiuus
1529 1619 1636 1712 impe·

221 1750 313 1812 rator
323 1741 401 1833 jura
418 1742 553 1838 imperii
568 1741 604 1814 in
624 1741 755 1814 ltaliam
772 1749 976 1830 restaurare,
995 1741 1143 1834 qualiter
1159 1739 1322 1812 dominus
1333 1740 1518 1836 imperator
1536 1763 1638 1834 nego·

223 1863 309 1935 tium
336 1865 439 1937 Terre
459 1867 585 1938 Sancte
610 1865 836 1958 assumpserit
863 1885 928 1936 nec
950 1863 1091 1936 duxerit
1113 1862 1379 1957 negligendum,
1405 1874 1547 1957 apparet
1578 1885 1638 1959 per

222 1987 354 2058 litteras
367 2009 448 2060 suas
465 1988 678 2082 responsales
694 1987 836 2080 regibus
853 1986 947 2060 orbis
965 1996 1000 2060 et
1022 1986 1267 2080 crucesignatis
1283 1987 1319 2057 in
1336 1985 1480 2060 Francia
1495 1989 1638 2091 scriptas

223 2109 283 2204 qui
303 2112 417 2205 ipsum
441 2111 476 2182 in
499 2111 679 2183 domiuum
700 2121 734 2183 et
754 2122 918 2183 rectorem
943 2110 1117 2183 exercitus
1137 2111 1327 2200 elegerunt.
1351 2109 1416 2182 Per
1433 2132 1520 2203 quas
1536 2111 1637 2183 etiam

224 2234 399 2330 respondit
418 2235 559 2330 insuper
570 2235 702 2308 eisdem
722 2235 817 2329 quod
837 2235 1015 2324 negotium
1034 2234 1148 2328 ipsum
1168 2233 1213 2306 de
1228 2233 1371 2305 coneilio
1387 2233 1536 2306 Ecclesia
1549 2243 1638 2307 trac·

224 2369 296 2430 tare
323 2357 472 2431 volebat.
495 2358 651 2452 Denique
677 2367 791 2430 tamen
818 2379 922 2452 super
944 2357 1105 2428 omnibus
1131 2357 1391 2451 gravaminibus
1417 2359 1639 2429 ecclesiarum

224 2481 455 2576 corrigendis,
486 2482 641 2554 notarius
670 2481 801 2553 domini
828 2481 1043 2575 imperatoris
1070 2480 1105 2552 in
1136 2481 1317 2575 specialem
1344 2481 1526 2570 nuntium,
1552 2482 1641 2554 sicut

224 2605 384 2700 superius
400 2615 451 2678 eet
466 2606 698 2700 propositum,
717 2614 770 2678 est
785 2605 1017 2677 transmissus.
1041 2603 1187 2676 Addidit
1201 2613 1355 2698 preterea
1373 2603 1559 2698 imperialis
1573 2627 1642 2678 res·

224 2729 347 2823 ponsic
360 2728 455 2824 quod
470 2727 507 2800 id
517 2728 613 2824 qood
627 2729 800 2802 enormius
812 2737 863 2800 est
877 2737 912 2802 et
926 2728 960 2799 iu
975 2728 1239 2802 admirationem
1254 2737 1289 2800 et
1298 2736 1472 2823 stuporem
1485 2729 1640 2801 omniurn

225 2849 442 2924 audientium
460 2853 546 2925 verti
573 2851 694 2944 debet,
713 2863 791 2948 post
816 2873 989 2925 recessum
1013 2873 1120 2947 supra
1145 2863 1411 2924 memoratorum
1428 2854 1642 2926 Panormita-

225 2976 342 3048 neneis
360 2984 396 3048 et
422 2975 653 3050 Messanensis
676 2976 1016 3072 archiepiscoporum
1040 2977 1168 3069 quibus
1196 2974 1359 3048 domiuus
1381 2998 1470 3072 papa
1490 2976 1643 3051 Ecclesia

226 3099 370 3192 gratiam
392 3119 455 3194 pro
481 3100 621 3173 domiuo
644 3102 849 3194 imperatore
872 3099 1048 3194 promissit
1064 3109 1099 3170 et
1118 3099 1215 3192 quod
1235 3099 1344 3171 voluit
1363 3121 1471 3173 uuum
1492 3111 1527 3174 et
1548 3103 1641 3174 idem

226 3242 301 3295 esse
314 3244 395 3294 cum
409 3242 468 3314 eo,
490 3222 632 3295 domino
652 3223 857 3318 imperatore
870 3231 972 3317 prout
990 3221 1108 3294 decuit
1121 3243 1190 3294 non
1208 3221 1345 3294 modice
1358 3221 1423 3296 boc
1440 3233 1638 3318 attentantc,

227 3355 408 3440 postquem
418 3345 627 3420 sufficienter
642 3347 753 3418 luerat
766 3345 817 3418 eis
830 3344 877 3418 ad
891 3346 1043 3440 quedam
1058 3345 1208 3440 capitula
1226 3347 1331 3420 missa
1349 3369 1410 3441 per
1423 3368 1483 3420 eos
1497 3371 1643 3446 respon-

226 3490 321 3560 sum,
337 3479 441 3564 prout
458 3471 494 3544 in
512 3492 631 3543 eorum
645 3472 862 3542 attestatione
878 3471 1044 3560 consistit,
1062 3479 1140 3564 post
1157 3479 1293 3564 tergum
1306 3483 1341 3543 et
1355 3471 1390 3542 in
1405 3474 1641 3548 contusionem

227 3592 426 3666 corumdem
444 3594 800 3690 archiepiscoporum,
819 3595 871 3665 eis
886 3595 1027 3666 omnino
1042 3594 1293 3684 nescientibus,
1316 3595 1419 3668 misse
1434 3608 1516 3668 suut
1533 3597 1644 3670 littere

227 3715 291 3790 iste
309 3727 344 3790 ct
356 3717 506 3812 capitula
521 3718 706 3790 interclusa
726 3718 882 3812 prelatis,
903 3741 973 3811 que
990 3719 1070 3789 licet
1089 3717 1240 3812 speciem
1264 3718 1509 3792 admonitionis
1533 3723 1642 3794 centi-

227 3849 349 3928 neant,
372 3840 625 3935 sugillationem
647 3849 762 3915 amen
784 3841 970 3937 imperialis
996 3843 1087 3913 lame
1102 3843 1279 3914 continent
1299 3843 1493 3917 manifeste.
1516 3844 1643 3919 Ultimo

226 3965 385 4058 generale
398 3965 544 4038 verbum
557 3964 737 4060 respondit
748 3975 782 4040 et
795 3967 972 4060 proposuit
985 3964 1147 4038 dominns
1160 3966 1344 4060 imperator
1358 3967 1455 4061 quod
1470 3989 1550 4040 cum
1568 3969 1643 4066 ipse

227 4086 286 4160 din
308 4087 412 4160 tuerit
429 4089 556 4162 absens
580 4110 727 4184 aregno
744 4101 778 4160 et
800 4091 897 4184 regni
920 4099 1046 4161 statum
1063 4088 1216 4180 ignoret,
1238 4090 1406 4184 quicquid
1428 4113 1582 4186 unquam
1606 4093 1642 4165 in

226 4212 426 4305 gravamine
442 4213 666 4284 ecclesiarum
684 4215 814 4286 lactum
836 4223 904 4303 est,
924 4213 1019 4307 quod
1041 4221 1217 4285 remaneat
1238 4213 1492 4288 emendandum
1508 4217 1642 4311 integre

226 4343 260 4408 at
277 4334 354 4407 sine
376 4333 576 4408 difficultate
598 4337 715 4430 aliqua
739 4336 777 4408 id
795 4335 971 4408 emendari
992 4334 1191 4425 mandabit,
1209 4347 1243 4409 et
1264 4337 1487 4411 nibilominus
1505 4351 1642 4435 propter

227 4457 422 4531 universale
451 4459 582 4531 bonum
609 4459 705 4552 quod
724 4481 770 4531 ex
795 4461 924 4532 unione
951 4460 1039 4532 inter
1063 4459 1176 4554 ipsum
1194 4471 1229 4531 et
1247 4461 1436 4533 Ecclesiam
1459 4463 1637 4556 provenit,

227 4591 366 4676 paratus
388 4590 442 4654 est
461 4603 599 4655 omnem
627 4605 768 4679 prorsus
790 4585 1007 4658 securitatem
1029 4605 1099 4678 quc
1121 4585 1309 4657 Ecclesiam
1334 4595 1369 4656 et
1385 4586 1499 4679 ipsum
1524 4587 1640 4682 impe-

229 4703 316 4778 rium
343 4703 465 4780 deceat
489 4717 643 4802 prestare
667 4708 838 4799 Ecclesia,
861 4707 957 4801 quod
977 4707 1024 4780 ad
1049 4707 1217 4780 bonorem
1239 4719 1274 4780 et
1291 4709 1538 4782 exaltationem
1557 4709 1637 4785 fidei

305 4825 344 4892 v.
1442 4841 1477 4892 aa
