4246 5906
492 577 552 638 506
992 571 1205 636 Futossulcl
1229 575 1399 636 succum
1711 579 1792 658 [dus.
1810 581 1895 642 1239.

492 716 644 780 tueretur
661 708 712 779 eis
733 729 795 802 pro
808 705 1005 778 incidendis
1019 708 1158 796 aratris,
1174 729 1221 780 ex
1237 729 1307 802 quo
1321 709 1414 780 nulla
1434 709 1584 783 delensis
1596 713 1720 785 nostris
1736 711 1822 787 lesio
1844 717 1898 786 in·

494 835 650 918 terretur,
672 829 858 925 placuisset
877 829 979 901 nobis
997 837 1033 900 et
1047 829 1344 904 mandavissemus
1366 832 1432 904 hoc
1445 831 1538 924 ficri,
1556 835 1586 906 si
1606 835 1766 909 distincta
1784 839 1898 909 locum

492 957 607 1051 ipsum
625 963 660 1026 et
678 955 882 1027 nominatim
898 962 1015 1026 nostro
1034 954 1177 1026 culmini
1192 955 1411 1047 nunciasscs3
1429 957 1490 1030 scd
1513 959 1596 1052 qnia
1614 959 1650 1030 in
1665 960 1732 1032 boc
1752 961 1899 1032 obscure

492 1079 671 1174 scripsisti,
690 1076 862 1172 significes
882 1077 983 1150 nobis
1000 1077 1035 1148 in
1052 1097 1122 1170 qno
1135 1078 1212 1150 loco
1225 1078 1300 1150 siue
1315 1079 1446 1153 lesione
1463 1080 1682 1154 defensurum
1701 1094 1898 1156 nostrarum

491 1202 672 1297 permissio
695 1201 872 1275 incidendi
896 1200 971 1273 fleri
990 1201 1128 1296 poterit,
1150 1208 1185 1273 ct
1200 1223 1264 1273 nus
1284 1201 1504 1295 postmodnm
1526 1205 1587 1276 tibi
1611 1215 1767 1278 nostrum
1791 1208 1896 1279 bene·

490 1328 656 1423 placitum
675 1327 919 1398 rescribemus.
936 1325 1092 1397 Prstcrea
1109 1325 1193 1416 quia
1208 1325 1244 1394 iu
1260 1326 1380 1396 castris
1398 1327 1525 1399 nostris
1543 1329 1710 1422 Trapani,
1732 1329 1894 1418 Manuale,

490 1453 623 1522 Mazare
636 1457 670 1522 et
685 1449 799 1521 Xacce
818 1449 978 1520 nolumus
993 1446 1090 1540 quod
1105 1446 1151 1518 de
1166 1447 1262 1519 curia
1278 1457 1393 1520 nostra
1414 1447 1498 1520 fiant
1510 1470 1676 1545 expense,
1696 1459 1808 1523 castra
1824 1451 1897 1545 ipsa

490 1572 749 1647 recommendes
768 1571 945 1666 aliquibus
962 1569 1123 1642 fidelibus
1141 1571 1265 1642 nostris
1284 1570 1329 1643 da
1345 1572 1444 1643 terris
1461 1572 1565 1667 ipsis,
1585 1574 1646 1668 qui
1665 1581 1796 1646 tantum
1820 1596 1896 1646 cus·

490 1699 625 1772 todiaut
638 1717 682 1768 nc
697 1696 822 1770 domus
842 1694 1064 1767 devastentur
1076 1715 1208 1766 corum.

540 1823 664 1892 Datum
679 1817 775 1914 apud
790 1817 959 1906 laudam,
977 1817 1069 1888 XVII
1092 1817 1302 1909 novembris,
1320 1817 1398 1888 Xlll
1414 1817 1627 1892 indictionis.

539 1947 586 2014 lle
601 1943 764 2037 superiori
776 1941 931 2012 mundato
945 1943 1075 2034 scripsit
1091 1941 1179 2012 idem
1192 1941 1298 2012 cidem
1312 1942 1517 2036 responsales
1529 1969 1539 2013 :

539 2067 757 2158 Fredericns,
777 2073 859 2156 etc,
879 2063 1049 2158 Roggcrio
1069 2063 1114 2136 do
1131 2063 1261 2136 Amicis
1274 2065 1457 2156 justitiario
1475 2067 1510 2136 in
1526 2066 1644 2138 Sicilia
1660 2067 1747 2137 ultra
1768 2065 1893 2138 tlumeu

490 2195 637 2265 Salsum.
658 2191 811 2282 Benigne
832 2187 1026 2282 recepimus
1045 2187 1182 2260 licterus
1197 2197 1275 2260 tuas
1293 2211 1381 2283 quas
1399 2189 1500 2260 nobis
1521 2189 1643 2261 misisti
1661 2197 1697 2260 ct
1716 2205 1776 2262 eas
1799 2191 1896 2260 intel·

491 2316 639 2387 teximus
661 2313 855 2406 diligenter.
877 2311 979 2396 Quod
994 2319 1111 2382 autam
1131 2309 1334 2403 significasti
1355 2321 1512 2407 oportere
1529 2323 1563 2384 te
1585 2314 1783 2406 frequenter
1802 2335 1896 2384 nun·

490 2441 561 2512 cios
581 2438 627 2510 ad
641 2437 771 2508 curiam
789 2443 938 2507 nostram
951 2433 1117 2526 dirigere,
1137 2436 1416 2528 praenecessariis
1436 2437 1586 2508 servitiis
1603 2437 1727 2508 nostris
1748 2459 1819 2531 quc
1836 2458 1896 2510 nc·

490 2582 587 2635 cesse
599 2560 707 2632 habes
719 2568 835 2634 nostro
848 2558 990 2630 culmini
1006 2557 1183 2647 nunciare,
1200 2569 1235 2631 et
1251 2558 1396 2654 proinde
1409 2559 1545 2632 nunciis
1561 2561 1645 2656 ipsis
1656 2560 1719 2633 tibi
1735 2562 1897 2633 convenit

490 2705 662 2780 expensas
681 2683 892 2756 necessarias
907 2681 1094 2770 exhibere,
1111 2703 1218 2778 super
1237 2683 1366 2776 quibus
1390 2693 1545 2756 nostrum
1568 2683 1778 2778 requisivisti
1795 2705 1896 2755 man-

490 2808 623 2899 datum,
643 2809 754 2904 placet
768 2807 868 2880 nobis
885 2815 920 2878 ct
944 2807 1105 2879 volumus
1125 2815 1164 2877 ut
1179 2807 1370 2878 necessarie
1383 2817 1417 2879 ct
1435 2806 1610 2880 moderato
1633 2828 1787 2902 expense
1810 2829 1896 2901 quas

492 2934 598 3006 lecisti
614 2933 779 3006 hactenus
794 2941 829 3004 et
844 2931 879 3002 in
896 2939 997 3003 antea
1016 2939 1051 3003 ta
1070 2929 1274 3023 contingerit
1296 2931 1408 3003 lacere
1430 2951 1494 3026 pro
1514 2929 1649 3004 nunciis
1672 2951 1761 3024 quos
1779 2951 1896 3001 neces·

489 3060 579 3131 sario
600 3057 723 3130 misisti
737 3058 794 3128 vel
816 3055 985 3128 missurus
1006 3075 1044 3126 es
1061 3053 1107 3126 ad
1130 3053 1259 3125 curiam
1279 3064 1430 3127 nostram
1448 3075 1511 3150 pro
1532 3053 1732 3127 necessariis
1748 3054 1895 3125 servitiis

490 3183 628 3272 nostris,
645 3182 681 3251 in
698 3179 767 3250 tuis
782 3178 931 3250 debeant
947 3177 1138 3250 rationibus
1155 3177 1356 3272 computari.

538 3306 661 3377 Datum
678 3303 727 3395 (ut
743 3300 876 3397 supra).

721 3614 737 3628 Ο
741 3607 1659 3626 —n-——a-—a-——ffl-m—-m

348 3977 363 4007 u
543 3898 702 3980 Litterae
718 3893 955 4006 responsales
972 3893 1022 3974 ad
1040 3899 1226 3974 secretum
1244 3889 1422 3974 Panormi
1440 3891 1545 4000 quod
1562 3891 1657 3972 nibil
1673 3890 1895 3974 immutetur

488 4031 637 4140 dejure
665 4055 777 4136 super
802 4025 1028 4110 victualibus
1046 4033 1152 4106 extra
1169 4048 1331 4132 regnum
1360 4025 1557 4132 portandis
1581 4051 1605 4106 a
1622 4024 1893 4107 mercatoribus

488 4163 809 4274 exigendo,·cum
827 4160 935 4241 idad
953 4155 1116 4267 gloriam
1139 4154 1336 4264 regnantis
1353 4179 1501 4238 necnon
1521 4155 1571 4236 ad
1596 4156 1797 4239 utilitatem
1818 4183 1893 4238 cu-

487 4297 565 4381 riae
584 4293 792 4406 proveniat.
813 4291 992 4376 Mandata
1010 4288 1116 4372 varia
1133 4288 1181 4370 de
1198 4287 1360 4369 naribus
1377 4289 1600 4396 reparandis
1617 4291 1719 4374 etde
1736 4291 1894 4400 pecunia

486 4453 557 4539 pro
574 4439 708 4512 mutuo
727 4421 1001 4508 mercatoribus
1024 4421 1193 4504 mmanis
1211 4419 1453 4502 exsolvenda.

568 4657 696 4739 (nepot.
711 4655 813 4735 imper.
829 4649 946 4714 Fredcr.
962 4648 1066 4726 11,t01.
1083 4656 1121 4710 at
1135 4654 1230 4720 recto;
1246 4651 1278 4708 in
1291 4647 1361 4708 edit.
1378 4647 1514 4725 Curcum,
1528 4665 1559 4726 p.
1576 4646 1655 4727 tut.)
