4246 5906
498 619 559 682 556
999 621 1210 685 rnrunnrcr
1237 625 1411 687 sncuuur
1722 628 1800 711 [nn.
1819 631 1904 693 rma.

499 779 577 829 mus
605 757 642 827 in
666 755 859 846 mandatis,
885 755 997 828 taliter
1018 757 1110 830 circa
1133 757 1200 832 boc
1225 759 1404 834 studiosus
1428 759 1582 834 existens
1613 773 1652 835 ut
1678 753 1906 860 possimns'tc

498 878 628 954 exinde
645 877 766 952 merito
778 877 1031 952 commendare.

547 1005 671 1075 Datum
689 999 785 1096 apud
797 1003 1002 1092 mcum,
1020 1003 1098 1074 xlv
1111 1002 1323 1091 decembris,
1342 1005 1420 1077 Xlli
1437 1006 1648 1081 indictionis.

711 1305 1413 1324 *Qun-un...-
1420 1317 1466 1324 κ-
1475 1317 1509 1324 ο..
1516 1311 1693 1325 ιι--ιά

350 1607 414 1659 uu
549 1587 771 1671 Mandatum
790 1584 839 1666 ad
864 1583 1068 1666 ilenricum
1089 1583 1276 1666 Abbatem
1298 1585 1348 1668 de
1371 1585 1603 1695 assignanda
1629 1589 1799 1672 rocketta
1826 1614 1901 1672 cu-

314 1659 445 1712 &mr

331 1711 460 1756 “W“
495 1719 575 1803 rinc
591 1743 662 1828 pro
680 1716 878 1800 Theodoro
895 1717 1121 1825 philosopho
1139 1716 1179 1798 in
1198 1742 1360 1826 regnum
1379 1728 1600 1802 revertente.

575 1919 706 2002 (chat.
722 1919 824 1999 imper.
838 1914 958 1978 mede.
974 1917 1014 1990 ll,
1027 1917 1080 1979 lot.
1094 1926 1131 1978 aa
1146 1917 1367 1992 recto31nedlt.
1380 1917 1520 1992 menn..
1535 1936 1566 1996 p.
1581 1920 1665 1998 tot.)

543 2095 589 2164 ue
613 2091 783 2188 imperiali
799 2089 956 2162 caudato
977 2091 1063 2182 [acto
1077 2111 1140 2183 per
1164 2089 1335 2162 amicam
1356 2089 1405 2162 P.
1426 2091 1467 2162 dc
1484 2091 1642 2164 Calabria
1658 2093 1790 2187 scripsit
1804 2090 1897 2166 aaa·

493 2221 646 2292 recubu:

540 2340 758 2431 Fredericus,
778 2349 861 2430 etc,
888 2338 1035 2412 Hennco
1054 2336 1200 2426 Abbati,
1224 2349 1292 2410 etc.
1318 2337 1403 2410 Cum
1422 2340 1585 2430 magister
1603 2339 1804 2414 Theodorus
1827 2340 1899 2414 filo·

491 2467 621 2561 sophus
638 2463 752 2538 bdclis
768 2471 883 2536 noster
896 2463 931 2534 in
945 2483 1091 2556 regnum
1106 2460 1152 2535 de
1164 2471 1277 2536 nostra
1293 2461 1431 2536 licentia
1443 2471 1648 2552 revertatur,
1672 2463 1825 2538 fidelitati
1843 2474 1899 2538 tue

491 2586 713 2686 precipiendo
728 2585 934 2660 mandamns
949 2593 1123 2680 qnatenus
1138 2583 1333 2658 vuckcttum
1352 2587 1438 2658 lscle
1458 2597 1653 2682 coopertum
1671 2589 1767 2660 curie
1786 2599 1899 2662 nostre

491 2735 561 2810 que
586 2731 697 2806 nuper
719 2711 817 2784 venit
840 2731 920 2782 cum
943 2709 1070 2802 galeis,
1088 2719 1122 2780 et
1138 2718 1191 2782 est
1208 2708 1305 2804 apud
1327 2710 1445 2800 Pisas,
1470 2710 1584 2784 eidem
1607 2733 1667 2807 pro
1693 2711 1809 2786 reditu
1836 2733 1898 2786 suo

491 2837 605 2912 stetim
621 2835 708 2908 benc
725 2843 878 2930 paratam
896 2843 931 2907 et
947 2833 1115 2906 munitam
1130 2831 1259 2906 debens
1279 2833 1466 2925 assignare.

539 2961 663 3032 Datum
682 2957 776 3053 apud
792 2959 997 3044 Senonum,
1016 2955 1078 3027 XV
1091 2953 1300 3046 decembris,
1321 2955 1399 3027 Xlll
1415 2956 1627 3032 indictionis.

708 3251 1685 3264 munnam-*numam

307 3565 406 3660 aaa
543 3533 704 3618 Litterae
741 3530 977 3640 responsales
1013 3532 1063 3613 ud
1095 3529 1282 3616 Obertum
1322 3531 1351 3616 F
1352 3532 1658 3616 ullnmonechum
1695 3535 1894 3642 probantes

291 3619 455 3720 ”dmm
491 3665 598 3776 quod
617 3666 666 3748 ad
685 3663 831 3746 cumam
849 3673 1078 3746 mercatores
1096 3661 1288 3746 Romanos
1300 3675 1338 3746 et
1353 3665 1552 3774 pecuniam
1567 3665 1659 3774 ipsis
1676 3693 1745 3774 pro
1762 3681 1893 3754 mutuo

489 3797 758 3884 exsoluendam
781 3807 890 3878 caute
907 3795 1073 3902 miserit,
1096 3795 1227 3878 dum
1217 3795 1289 3903 rpsi
1316 3821 1394 3879 non
1417 3795 1517 3880 fautu
1539 3795 1652 3880 fuerit
1669 3799 1781 3946 plene
1802 3801 1892 3884 fides

489 3939 620 4014 utrum
656 3938 776 4012 totam
814 3927 1064 4038 quantitatem
1096 3953 1145 4010 an
1177 3927 1374 4009 residuum
1408 3928 1588 4036 pecuniae
1619 3930 1783 4040 recipere
1816 3934 1890 4016 de-

489 4063 652 4150 buerint.

570 4262 696 4344 (liccat.
716 4262 819 4342 inpar.
833 4257 953 4323 stada.
967 4261 1007 4336 11,
1024 4259 1075 4321 iol.
1092 4269 1129 4322 aa
1141 4267 1234 4334 rectc;
1251 4261 1284 4322 ln
1296 4259 1518 4329 sulcensem,
1534 4279 1565 4340 p.
1581 4265 1664 4334 28³.)

536 4439 582 4506 De
596 4433 753 4528 manduc
771 4436 858 4525 facto
872 4453 935 4526 per
950 4433 1146 4524 moqistram
1159 4429 1325 4504 libertum
1336 4433 1470 4526 sempsit
1486 4431 1527 4504 G.
1543 4431 1582 4502 lle
1599 4432 1695 4504 Taceo
1711 4457 1723 4501 .·

535 4556 748 4650 Fredericus,
758 4567 843 4648 eto,
853 4555 979 4630 Obcrto
991 4555 1252 4628 Fallamonucho
1263 4556 1426 4648 magistro
1435 4556 1617 4652 portulano
1632 4555 1669 4628 in
1681 4555 1810 4643 Sicilie,
1823 4566 1886 4628 etc.

485 4685 591 4760 Solita
607 4681 819 4778 benignitate
840 4677 1014 4752 fidelitatis
1030 4686 1106 4768 tue,
1125 4687 1212 4770 etc,
1230 4687 1265 4751 ct
1281 4700 1350 4774 qne
1363 4680 1536 4754 continent
1555 4680 1791 4754 intelleximus
1806 4679 1890 4753 dili·
