4262 5910
234 635 334 697 hores
352 632 415 714 le]
562 627 566 634 ’
685 633 879 698 ulssouls
905 634 1197 698 claudamus.
1581 627 1642 691 62¹1

236 765 325 838 tiarii
337 765 552 860 Prinpratns
568 763 680 840 fidelis
694 769 814 858 nostri,
830 791 951 844 omnes
963 772 1168 844 Sarracenos
1181 765 1385 860 generaliter
1397 763 1458 858 qui
1469 762 1597 841 luerint
1606 763 1643 835 in

236 890 335 962 terris
345 889 467 962 vestris
477 888 776 980 jurisdictionibus
788 893 951 986 subjectis
965 894 1017 966 ire
1034 893 1213 966 Luceriam
1225 888 1436 986 compellatis
1449 895 1643 959 moraturos

236 1010 385 1104 ibidem,
405 1032 469 1084 nec
485 1011 663 1108 patiamini
686 1015 783 1110 quod
803 1015 927 1112 aliquis
943 1017 1151 1090 Sarracenos
1171 1013 1295 1088 amodo
1309 1014 1347 1085 in
1362 1011 1462 1086 terris
1474 1009 1643 1103 iurisdic-

237 1135 369 1207 tionum
387 1141 578 1208 vestrarum
598 1145 749 1209 moretur
766 1137 853 1232 quin
870 1139 1048 1212 Luceriam
1066 1138 1171 1211 vadat
1186 1138 1290 1230 juxta
1308 1134 1509 1208 mandatum
1527 1134 1644 1207 excel·

236 1258 339 1332 lentie
353 1235 486 1349 nostre,
506 1258 596 1331 sicut
611 1281 725 1334 caram
739 1260 873 1333 habetis
891 1261 1037 1354 gratiam
1050 1271 1214 1334 nostram.

285 1381 411 1454 Datum
426 1381 534 1470 Pisis,
547 1381 643 1458 XXV
660 1383 872 1480 decembris,
891 1385 971 1462 XIII
989 1385 1198 1461 inustionis.

290 1847 513 1932 Mandatum
539 1848 589 1931 ad
617 1849 843 1933 Riccardum
869 1851 917 1934 de
942 1847 1219 1936 Montelusculo
1247 1847 1295 1931 de
1321 1845 1542 1957 reparandis
1565 1846 1645 1930 do·
1680 1845 1847 1945 {lim

239 1977 367 2063 mibus
391 1981 590 2091 principis,
611 1983 659 2065 da
681 1983 856 2092 aptandis
877 1983 1066 2094 plecteriis
1088 1991 1126 2068 et
1147 1981 1318 2090 biremis,
1343 1979 1523 2065 debonis
1545 2005 1645 2089 cap-

237 2111 404 2197 tivorum
421 2114 626 2224 capiendIs.

320 2289 448 2374 (Μαι.
463 2293 566 2374 imper.
577 2291 692 2354 mida.
706 2292 747 2368 11,
762 2293 815 2355 lal.
830 2302 869 2358 te
882 2310 982 2366 veram
998 2296 1031 2354 ln
1043 2293 1115 2354 odit.
1130 2293 1268 2373 curcum,
1282 2309 1314 2372 p.
1331 2291 1414 2372 tot.)

288 2445 335 2514 lle
353 2443 523 2537 imperiali
536 2444 695 2515 madata
707 2443 838 2538 scripsit
859 2441 902 2517 G.
918 2442 958 2514 de
973 2445 1098 2514 Toccc:

288 2566 505 2658 Fredericns,
523 2575 606 2658 eto,
624 2568 664 2640 ll.
689 2566 734 2640 de
749 2567 1017 2650 Montelnsculo,
1033 2579 1099 2639 etc.
1116 2566 1206 2652 Quia
1222 2565 1345 2640 domos
1360 2574 1496 2640 nostras
1509 2564 1555 2639 do
1567 2569 1648 2660 jus-

239 2689 402 2762 titiariatu
420 2699 480 2762 tuo
501 2690 664 2764 decenter
679 2692 841 2763 volumus
861 2689 1031 2784 reparari,
1051 2687 1207 2762 fidelitati
1230 2699 1288 2763 tae
1311 2675 1534 2787 precipiendo
1552 2712 1648 2762 man·

242 2814 364 2887 damus
388 2823 559 2907 quatenus
584 2813 631 2886 ad
658 2814 750 2908 ipsas
778 2813 986 2910 reparandas
1013 2823 1047 2886 te
1074 2811 1236 2885 ostendas
1261 2833 1323 2907 per
1347 2813 1508 2886 effectum
1533 2813 1648 2908 operis

240 2937 429 3030 efficacem,
449 2947 653 3034 apparatum
669 2938 798 3011 taciens
811 2939 847 3010 in
866 2936 996 3012 eisdem
1011 2935 1057 3010 de
1073 2935 1223 3030 gallinis,
1246 2937 1430 3030 columbis,
1451 2937 1645 3027 anseribus,

242 3061 430 3150 auatribus,
451 3061 553 3156 lignis
566 3062 683 3153 siccis,
702 3072 736 3134 et
753 3061 830 3134 aliis
850 3060 1047 3154 oportunis3
1067 3059 1172 3132 iacias
1188 3061 1290 3133 etiam
1309 3061 1420 3134 abtari
1438 3061 1598 3156 plantaria
1614 3072 1648 3134 et

241 3184 374 3257 biveria
391 3193 506 3257 nostra
526 3183 593 3280 (a),
614 3193 649 3256 et
667 3185 814 3280 plantari
832 3205 993 3274 nemora,
1014 3184 1104 3256 siout
1126 3184 1189 3256 tibi
1208 3183 1372 3258 dedimus
1385 3186 1596 3258 verbotenus
1611 3186 1647 3257 in

239 3304 425 3380 mandatis.
445 3307 613 3379 Volumus
632 3307 734 3379 etiam
753 3315 788 3378 et
803 3305 1009 3380 mandamns
1027 3305 1182 3380 fidelitati
1199 3317 1258 3380 tue
1272 3317 1312 3378 nt
1327 3307 1443 3382 omnia
1457 3306 1546 3379 bona
1566 3329 1648 3402 cap-

163 3522 167 3531 .
240 3431 389 3504 tinorum
418 3428 607 3524 Capitinate
630 3451 718 3524 quos
742 3429 983 3524 inquisitiones
1006 3431 1096 3502 facte
1120 3431 1309 3526 culpabiles
1335 3429 1576 3522 ostenderunt,
1602 3431 1649 3504 ad

238 3575 326 3649 opus
343 3561 459 3625 nostre
471 3553 567 3625 ourie
584 3553 661 3648 capi
685 3553 807 3643 iacias,
829 3562 963 3626 etcum
983 3552 1161 3646 diligentia
1181 3552 1297 3627 debita
1320 3553 1516 3649 procurari,
1534 3555 1648 3628 taliter

240 3676 277 3748 in
288 3677 450 3748 omnibus
461 3675 586 3748 nostris
604 3675 753 3747 serviliis
771 3697 1013 3770 processurus,
1035 3684 1101 3748 etc.

288 3800 412 3871 Datum
430 3797 526 3894 apud
540 3798 652 3892 Pisas,
668 3799 763 3872 XXV
781 3799 994 3890 decembris,
1010 3799 1088 3871 Xlll
1104 3798 1312 3874 indictIonis.

475 4065 1085 4080 ..ψ-*Μηφ-
1088 4069 1414 4080 ——n--n--n--a--n

294 4283 516 4369 Mandatum
534 4289 583 4370 ad
601 4288 828 4371 Riccardnm
840 4290 888 4373 de
900 4290 1177 4376 Montefnsoulo
1189 4292 1237 4375 de
1255 4291 1361 4375 mille
1374 4292 1498 4377 bobus
1511 4293 1649 4377 dandis
1683 4309 1848 4410 3⁹32?ng

242 4416 291 4497 ad
318 4427 465 4525 partem
490 4419 688 4504 Saracenis
716 4422 893 4507 Luceriae
919 4433 957 4507 et
979 4425 1027 4508 de
1056 4449 1201 4508 canone
1228 4435 1265 4508 et
1291 4425 1398 4538 gesia
1425 4453 1449 4510 a
1479 4419 1650 4539 quolibet

242 4545 428 4632 Saracena
445 4553 682 4661 recipiendis.

281 4701 318 4782 (a)
331 4703 534 4768 Vertslmlllter
543 4709 837 4790 legendumflactorin
845 4717 874 4776 et
882 4712 989 4776 moola
997 4719 1107 4787 coebo.
1119 4713 1163 4776 Cf.
1173 4712 1330 4795 morum,
1341 4715 1510 4778 adverbum
1519 4713 1646 4778 Floctra
