4350 5922
507 579 547 639 72
1008 579 1222 641 FllllllllllCl
1248 581 1422 642 SECUNlll
1733 584 1815 664 [lius.
1833 586 1920 652 1237.

505 711 813 810 condempnemus,
830 711 1052 787 medietatem
1071 711 1155 788 fiseo
1168 725 1300 807 nostro,
1321 714 1494 808 injuriatis
1510 713 1733 790 medietatem
1749 718 1919 815 reliquam

504 836 720 932 deputantes.

552 961 662 1054 liujus
683 961 732 1033 rei
754 969 858 1032 testes
877 970 959 1032 sunt
986 959 1206 1035 Udslsealous
1229 960 1458 1056 Augustsusis
1481 963 1683 1058 episeopus,
1711 965 1919 1042 Bartholdus

503 1085 654 1158 Cicensis
672 1083 873 1179 episcopus,
891 1083 1071 1180 Philippus
1084 1083 1257 1179 Aquensis
1275 1086 1469 1181 prepositus
1483 1083 1576 1158 lilius
1593 1099 1722 1176 noster,
1742 1088 1918 1183 Egelollus

501 1209 699 1305 prepositus
716 1207 761 1280 de
777 1207 980 1297 Ratisbona,
1002 1207 1225 1282 Eberhardus
1242 1209 1351 1282 abbas
1374 1208 1593 1296 Werdensis,
1613 1211 1782 1286 ilenrious
1806 1213 1917 1288 abhas

499 1331 778 1418 Admundensis,
798 1331 993 1405 Friderious
1007 1331 1082 1404 dux
1097 1333 1308 1422 Suevorum‚
1323 1332 1400 1406 ouo
1417 1353 1533 1406 eomes
1551 1333 1752 1427 Burgundio
1772 1345 1807 1408 st
1824 1336 1916 1409 Cun-

499 1456 604 1530 radus
634 1455 696 1528 lilii
724 1455 848 1546 nostri,
880 1475 997 1527 eomes
1025 1455 1161 1528 Ulrious
1188 1456 1234 1530 de
1263 1459 1372 1550 Berge
1396 1467 1431 1532 et
1456 1459 1562 1530 irater
1589 1459 1664 1550 ejus
1689 1459 1913 1552 Bertholdus‚

500 1581 688 1677 Dispoldus
704 1600 821 1652 eomes
840 1579 886 1652 de
904 1579 1210 1674 Leohesgemunde
1226 1590 1261 1654 et
1275 1582 1382 1654 irater
1397 1581 1473 1676 ejus
1488 1583 1658 1656 Hauricus
1670 1582 1717 1657 de
1732 1585 1866 1673 Matrei,
1881 1595 1916 1660 et

497 1703 554 1780 alii
573 1707 808 1802 quamplures.

443 1826 448 1840 '
545 1831 619 1925 Ego
642 1830 816 1904 lohannes
840 1829 1032 1926 imperialis
1061 1831 1142 1904 aule
1170 1831 1396 1905 oanoellarios
1421 1832 1499 1905 vioe
1523 1831 1695 1906 Cuonradi
1719 1832 1913 1925 lloguntini

495 1954 744 2050 archiepiscopi
758 1964 793 2026 et
808 1952 995 2027 Germanis
1010 1954 1304 2028 archicancellarii
1318 1955 1519 2048 rsoognovi.

441 2065 447 2078 ’
543 2079 668 2152 Actum
686 2099 777 2150 anno
802 2077 977 2151 dominice
997 2077 1243 2151 incarnationis
1265 2077 1516 2167 MCLXXXlX,
1536 2077 1725 2152 indictione
1743 2079 1908 2174 septima,¹

494 2212 661 2299 regnante
681 2201 821 2276 domino
840 2200 1014 2274 Friderioo
1036 2202 1283 2296 gloriosissimo
1296 2203 1528 2277 Romanorum
1551 2203 1758 2298 imperatore
1772 2223 1910 2298 semper

494 2338 661 2422 augusto,
677 2347 768 2400 anno
778 2327 875 2421 regni
887 2327 964 2419 ejus
978 2326 1152 2400 trioesimo
1166 2336 1305 2416 octavo,
1321 2327 1457 2423 imperii
1470 2349 1552 2400 vero
1564 2328 1735 2402 trioesimo
1747 2327 1906 2422 septimo.

492 2455 617 2526 Datum
634 2451 730 2546 apud
746 2449 926 2542 Werdam,
940 2449 1099 2524 kalendis
1112 2449 1239 2539 madii,
1263 2451 1418 2524 ielioitsr.
1438 2449 1562 2524 Amen.

541 2579 610 2650 Nos
625 2576 729 2671 igitur
741 2573 1050 2670 supplicationibus
1069 2575 1177 2668 ipsius
1189 2567 1377 2670 benignius
1395 2575 1548 2648 inclinati
1562 2575 1782 2670 privilegium
1794 2577 1907 2671 ipsum

492 2703 537 2777 ds
551 2701 657 2776 uerbo
675 2698 884 2773 adverbum
905 2699 1054 2794 presenti
1078 2699 1260 2793 privilegio
1275 2699 1379 2772 inseri
1393 2701 1582 2792 jussimus,
1603 2699 1719 2772 omnia
1738 2720 1808 2792 que
1823 2721 1906 2774 oon-

492 2827 645 2899 tinentur
656 2825 693 2894 in
711 2845 753 2896 eo
771 2822 817 2896 de
837 2832 952 2896 nostra
970 2823 1080 2917 gratia
1093 2821 1348 2896 oonlirmuntes.
1366 2823 1560 2896 Statuimus
1570 2823 1675 2918 igitur
1690 2833 1724 2896 et
1738 2824 1906 2919 imperiali

491 2951 667 3026 sancimus
682 2948 797 3022 edicto
814 2956 853 3018 ut
870 2947 965 3019 nulla
983 2967 1130 3042 persona
1143 2948 1212 3019 alta
1230 2947 1287 3021 vel
1303 2947 1461 3039 humilis,
1482 2947 1710 3020 ecelesiastica
1728 2947 1785 3021 vel
1798 2970 1906 3020 mun-

491 3076 604 3164 dana,
628 3073 761 3146 dictum
778 3073 985 3162 claustrum,
1006 3071 1220 3167 prepositum
1244 3080 1279 3144 et
1299 3071 1486 3145 eontralres
1505 3069 1625 3144 fideles
1640 3080 1773 3144 nostros
1786 3080 1906 3146 eontra

490 3197 659 3296 presentis
682 3196 857 3293 privilegii
884 3195 1009 3268 seriem
1032 3195 1174 3290 impetat
1199 3203 1328 3268 temere
1349 3195 1407 3268 vel
1432 3195 1603 3287 molestet3
1621 3215 1724 3268 secus
1748 3195 1809 3289 qui
1826 3215 1905 3290 pre·

489 3322 692 3418 sumpserit,
712 3329 825 3416 preter
842 3339 968 3413 penam
994 3317 1176 3414 privilegio
1194 3318 1393 3414 supradicto
1419 3320 1613 3416 appositam
1634 3330 1774 3392 eentum
1797 3319 1904 3394 libras

488 3447 564 3520 auri
579 3447 658 3542 puri
671 3455 867 3541 componat,
886 3441 1070 3516 medietate
1088 3441 1172 3515 lisso
1186 3451 1314 3534 nostro,
1326 3443 1457 3538 reliqua
1474 3443 1584 3538 passis
1597 3443 1756 3535 injurium
1773 3445 1902 3538 persol-

488 3569 617 3644 venda.
638 3569 683 3643 Ut
702 3578 818 3642 autem
837 3568 903 3642 heo
926 3576 1043 3640 nostra
1067 3566 1245 3640 innovatio
1266 3577 1302 3639 et
1323 3565 1538 3641 confirmatio
1561 3568 1667 3640 robur
1689 3566 1843 3662 optineat
1864 3568 1902 3640 in

486 3703 662 3790 posterum
680 3693 889 3784 valiturum,
914 3711 1055 3788 presens
1074 3689 1293 3786 privilegium
1312 3689 1386 3765 lieri
1403 3702 1438 3765 st
1453 3691 1568 3786 sigillo
1582 3693 1769 3785 majestatis
1784 3701 1900 3766 nostre

480 3816 649 3909 jussimus
662 3813 880 3890 oommnuiri.

531 3936 643 4032 Hujus
663 3939 713 4012 rei
738 3948 843 4012 testes
863 3947 944 4010 sunt
956 3939 993 4010 S.
1012 3935 1242 4030 Augustensis
1257 3947 1291 4012 et
1311 3937 1353 4012 G.
1372 3938 1523 4014 Cieensis
1541 3939 1712 4036 episeopi,
1732 3939 1771 4012 C.
1789 3939 1900 4014 abbas

482 4063 597 4135 Sancti
626 4062 714 4136 Galli
745 4071 781 4135 et
807 4061 916 4135 abbas
943 4059 1249 4156 Campidonensis,
1276 4083 1391 4137 eomes
1413 4063 1586 4160 palatinus
1611 4063 1657 4138 de
1681 4063 1837 4158 Tuingsn
1865 4073 1900 4137 et

480 4207 596 4261 eomes
607 4187 812 4260 wilhelmus
830 4188 935 4259 frater
955 4188 1052 4280 ojus,
1070 4185 1225 4258 marchio
1242 4185 1288 4260 de
1302 4188 1477 4284 Bourgov,
1497 4186 1673 4262 Gotlridns
1692 4185 1737 4260 de
1759 4187 1900 4262 llohsn·

478 4310 558 4398 leh,
578 4311 742 4407 pinoerna
766 4310 811 4384 de
828 4311 1048 4402 Winterstet‚
1074 4308 1242 4382 llsnrieus
1263 4312 1491 4386 marescalcus
1514 4311 1560 4386 de
1582 4309 1836 4407 Bappenheim,
1864 4321 1900 4386 et

478 4435 537 4508 alii
554 4434 791 4529 quamplures.

525 4559 672 4651 Signum
682 4557 813 4630 domini
824 4557 930 4630 nostri
941 4556 1105 4630 Frideriei
1120 4555 1278 4649 seeundi,
1293 4558 1355 4661 Dei
1370 4557 1479 4651 gratia
1496 4559 1716 4634 invictissimi
1725 4561 1896 4636 Romano·

475 4703 552 4754 rum
566 4682 780 4778 imperatoris
794 4703 930 4778 semper
940 4681 1094 4777 augusti,
1110 4683 1300 4780 Jerusalem
1312 4693 1347 4758 et
1358 4685 1472 4760 Sioilie
1486 4686 1590 4782 regis.
1601 4683 1895 4784 (monogramma.)
