4224 5898
201 651 303 712 lantcr.
322 646 383 732 12]
651 640 847 703 lllsrottln
867 637 1158 700 llll‘noltltrtctt.
1550 629 1611 694 323

202 785 382 860 voluntate
405 779 559 854 omnium
583 785 618 852 ct
639 787 761 872 rogatu
779 775 909 870 juravit
926 797 1032 872 snpra
1049 796 1168 849 eorum
1185 774 1318 848 animas
1340 770 1436 866 qnod
1455 772 1522 868 ipsi
1542 773 1612 846 ob-

203 907 396 982 servabunt
412 902 654 980 inviolabiliter
671 902 709 974 in
730 901 890 974 omnibus
909 909 945 974 et
965 900 1158 996 peremnia
1175 898 1368 971 secundm
1386 895 1482 993 qnod
1503 919 1613 994 supe-

203 1031 277 1104 rins
294 1029 487 1105 continetur
499 1033 542 1102 'et
562 1025 658 1122 quod
680 1025 725 1100 de
747 1033 860 1098 cetero
877 1045 948 1098 non
973 1029 1171 1119 presumant
1192 1023 1411 1116 aliquatenus
1427 1022 1609 1096 contraire.

204 1155 359 1228 Sancivit
381 1153 485 1227 etiam
506 1150 693 1247 imperialis
714 1148 880 1222 serenitas
901 1146 998 1242 quod
1021 1145 1175 1220 universi
1195 1154 1229 1220 et
1252 1145 1381 1240 singuli
1403 1145 1450 1219 de
1475 1147 1614 1220 civitate

204 1278 340 1351 Verona
355 1275 573 1372 corporaliter
582 1275 701 1367 jurare
723 1272 872 1347 debeant
891 1271 1069 1345 consimile
1082 1277 1345 1358 sacramentum,
1364 1278 1399 1340 et
1414 1270 1553 1364 plenam
1570 1271 1612 1342 li·

206 1399 355 1474 centiam
373 1394 520 1473 contulit
541 1407 646 1492 atque
668 1397 819 1492 precepit
839 1393 1170 1468 cuilibet·tabellicni
1192 1393 1254 1487 qui
1272 1392 1407 1467 adesset
1427 1392 1558 1466 ibidem
1575 1403 1614 1466 ut

207 1521 252 1598 de
269 1523 440 1597 universis
460 1531 497 1595 et
511 1519 657 1615 singulis
672 1517 836 1616 predictis
849 1517 1018 1593 conficere
1031 1519 1137 1616 possit
1155 1517 1333 1616 publicum
1348 1517 1614 1591 instrumentum

206 1654 240 1719 et
256 1646 397 1742 publica
412 1643 463 1742 (c)
476 1645 713 1718 instrumenta.

424 1975 1385 1988 mmm

261 2259 496 2368 Fridericus,
530 2258 790 2343 Romanorum
821 2259 1049 2368 imperator,
1077 2259 1126 2340 ad
1154 2258 1466 2368 supplicationem
1494 2283 1619 2342 cano-
1700 2275 1781 2310 ‘¹⁰³⁸‘

212 2392 384 2475 nieorum
407 2401 445 2474 et
470 2390 625 2500 capituli
643 2389 800 2499 majoris
822 2389 1000 2473 ecclesiae
1016 2389 1262 2496 Veronensis,
1276 2415 1340 2472 eos
1365 2401 1403 2472 et
1422 2389 1619 2473 ecclesiam

211 2525 334 2634 ipsam
352 2550 440 2607 cum
459 2524 639 2607 omnibus
664 2523 775 2607 bonis
801 2523 873 2605 sub
896 2549 965 2605 sua
989 2532 1027 2606 et
1041 2522 1191 2631 imperii
1208 2522 1439 2632 protectione
1464 2523 1617 2632 recipit,

211 2657 401 2740 mandans
425 2657 530 2768 quod
557 2655 688 2740 nullus
708 2681 774 2739 eos
803 2655 1004 2739 molestare
1027 2665 1264 2765 praesumat,
1293 2654 1367 2737 nisi
1386 2653 1458 2740 sibi
1479 2655 1620 2740 inventi

210 2786 352 2872 fuerint
369 2789 484 2874 verbo
501 2787 562 2872 vel
579 2815 691 2898 opere
709 2789 928 2873 adversarii.

292 3009 420 3088 (Inndlt.
436 3026 475 3070 ex
492 3009 604 3075 areblv.
626 3012 714 3088 caplt.
730 3013 803 3088 maj.
816 3011 919 3072 eccles.
933 3012 1061 3085 Veron,
1076 3007 1142 3071 nil.
1156 3005 1283 3072 clarae.
1297 3006 1447 3090 pricilep„
1462 3007 1516 3072 tel.
1538 3014 1619 3086 1⁷8.)

259 3203 479 3296 Fredericus,
500 3207 563 3280 Dei
584 3207 693 3300 gratia
713 3207 943 3280 Romanorum
957 3207 1140 3302 imperator
1161 3229 1296 3302 semper
1311 3215 1493 3300 angustus,
1518 3209 1622 3280 Jeru-

210 3329 319 3402 salem
337 3338 371 3403 et
386 3329 501 3402 Sicilie
520 3351 597 3402 rex.
619 3331 683 3403 Per
697 3352 839 3425 presens
859 3331 1023 3425 scriptum
1043 3341 1162 3402 notum
1181 3329 1255 3402 fieri
1272 3331 1433 3404 volumus
1448 3331 1622 3404 universis

210 3452 348 3548 imperii
363 3450 523 3526 fidelibus
538 3462 609 3527 tam
627 3455 842 3548 presentibus
855 3477 961 3549 quam
983 3453 1106 3526 tuturis
1123 3454 1220 3548 qnod
1238 3475 1314 3546 nos,
1335 3455 1381 3527 ob
1393 3455 1622 3528 reverentiam

211 3578 306 3669 regis
331 3599 454 3672 Qum
479 3599 672 3674 perquem
699 3579 882 3652 salubriter
910 3579 1064 3652 vivimus
1090 3587 1125 3652 et
1153 3579 1297 3652 feliciter
1325 3579 1551 3673 imperamuS,
1576 3577 1623 3650 ad

212 3703 498 3798 supplicationem
519 3707 555 3776 S.
582 3705 788 3778 venerabilis
814 3704 1120 3800 archipresbyteri,
1151 3705 1394 3777 canonicorum
1420 3712 1455 3776 et
1481 3704 1622 3800 capituli

212 3826 354 3918 majoris
370 3828 515 3900 ecclesie
528 3826 747 3920 Veronensis,
768 3803 923 3902 fidelium
940 3839 1151 3916 nostrorum,
1176 3841 1245 3900 tam
1261 3827 1402 3900 eosdem
1427 3847 1532 3921 quam
1558 3850 1623 3900 ec-

213 3948 352 4022 clesiam
385 3950 499 4046 ipsam
525 3971 605 4022 cum
627 3950 839 4043 hominibus,
866 3952 1002 4024 familiis
1033 3973 1153 4026 eorum
1177 3960 1211 4024 et
1239 3950 1402 4024 omnibus
1425 3951 1500 4022 aliis
1522 3952 1623 4025 bonis

214 4072 368 4168 suisque
386 4095 481 4146 nunc
497 4076 590 4168 juste
613 4083 730 4148 tenent
744 4084 778 4148 et
795 4074 972 4170 possident
993 4084 1028 4148 et
1049 4076 1085 4146 in
1108 4085 1207 4148 antea
1228 4076 1323 4166 justo
1342 4075 1442 4146 tilulo
1463 4084 1624 4170 potarunt

214 4193 372 4290 adipisci,
395 4197 460 4268 snb
482 4198 691 4292 protectione
714 4221 755 4271 ac
772 4197 970 4272 defensione
992 4208 1107 4271 nostra
1129 4208 1165 4271 et
1183 4198 1318 4294 imperii
1338 4199 1532 4294 recepimus
1544 4221 1623 4296 spe·

215 4318 313 4408 ciali,
341 4321 510 4414 presentis
543 4321 661 4416 scripti
690 4323 891 4396 auctoritate
918 4322 1121 4396 mandantes
1151 4330 1323 4417 quatenus
1350 4324 1467 4403 nullus
1492 4325 1539 4398 sit
1560 4328 1623 4420 qui

215 4441 386 4536 predictos
406 4444 759 4541 archipresbyterum,
775 4447 958 4520 canonicos
974 4457 1009 4520 et
1021 4446 1212 4543 capitulum
1230 4455 1292 4519 aut
1307 4446 1489 4522 ecclesiam
1511 4451 1623 4545 ipsam

215 4562 250 4634 in
269 4567 424 4660 personis
439 4576 474 4639 et
496 4567 599 4640 rebus
617 4569 691 4642 scis
711 4578 771 4642 aut
786 4569 924 4644 familiis
946 4571 1151 4647 eorumdem
1168 4578 1286 4644 cenna
1301 4571 1470 4667 presentis
1488 4583 1622 4670 pretec-

256 4735 299 4826 (α)
319 4740 377 4820 Ap.
391 4741 479 4805 Verel
487 4739 630 4824 plurima.
