4242 5904
212 563 309 622 lsnrcr.
328 555 390 640 la]
659 553 855 614 tttsroatu
882 550 1177 612 DlPLOMthCtl.
1564 545 1625 606 245

212 691 431 790 Palazolum
467 698 504 770 et
539 685 750 770 Suncinum
786 685 889 768 venit
924 685 1179 788 Cremonam,
1217 679 1396 788 deditque
1432 677 1624 787 codigium

212 822 393 907 omnibus
421 816 638 903 forensibus
660 826 816 927 praeter
845 815 1098 900 theotonicis.
1128 815 1271 898 Eodem
1299 823 1468 920 tempore
1494 811 1624 920 impe-

212 967 317 1039 rator
333 955 373 1034 in
393 953 580 1036 Cremona
605 949 790 1034 llenzium
812 949 937 1032 filium
963 973 1078 1030 suum
1107 945 1320 1028 naturalem
1349 943 1509 1024 militem
1538 941 1626 1024 feeit

214 1098 252 1170 et
273 1112 363 1170 cum
390 1083 566 1168 comitiva
587 1081 754 1164 militum
780 1083 908 1190 ipsum
926 1081 1123 1162 mandavit
1144 1079 1183 1158 in
1203 1076 1443 1182 Sardiniam,
1469 1073 1535 1156 ubi
1556 1099 1626 1155 ac-

213 1222 311 1329 cepit
337 1220 377 1298 in
399 1241 558 1299 uxorem
580 1215 776 1297 dominam
801 1213 905 1295 illius
927 1211 1076 1293 insulae
1102 1210 1256 1294 nomine
1278 1206 1562 1316 [Adelasiamlt
1590 1207 1621 1317 ).

215 1349 386 1434 chronic.
408 1353 454 1430 dc
472 1349 550 1429 reb.
572 1346 614 1428 io
630 1349 720 1428 lici.
741 1345 868 1454 pestis,
883 1371 923 1453 p.
948 1344 1038 1427 169.

462 1689 692 1699 -——.--·—......
705 1683 1319 1698 ..---—---0——-.-————·—--·0--
1360 1683 1382 1691 -ι

266 2013 498 2121 hildericus,
517 2015 779 2098 Romanorum
799 2015 1020 2124 imperator,
1046 2015 1096 2098 ad
1115 2012 1427 2122 supplicationem
1448 2010 1627 2120 Stephani
1698 2064 1770 2147 ...h

214 2147 261 2228 de
277 2146 438 2254 Villars,
465 2148 660 2258 quoddam
685 2147 928 2256 privilegium
948 2148 997 2230 de
1019 2146 1191 2255 pedagiis
1214 2146 1317 2252 apud
1343 2144 1564 2253 Ambronay
1591 2153 1629 2226 et
1697 2170 1747 2200 ⁰⁶⁰
1783 2135 1816 2201 ·'

215 2277 387 2362 Treroux
408 2289 446 2361 et
462 2280 511 2362 de
529 2279 653 2361 feudis
669 2277 793 2390 Varey
815 2289 854 2361 et
881 2280 1012 2362 Sancti
1040 2279 1213 2361 Andreae
1241 2275 1449 2359 llumberto
1472 2279 1630 2386 praede-

214 2411 353 2492 cessori
382 2409 465 2520 ejus
487 2411 537 2494 ab
559 2410 720 2494 llenrico
742 2411 1006 2494 Romanorum
1035 2436 1125 2520 rege
1154 2420 1261 2518 patre
1286 2435 1356 2492 suo
1383 2435 1626 2512 concessum,

213 2551 372 2626 renovat
393 2552 431 2626 et
457 2542 679 2650 confirmat,
709 2545 967 2654 eumdemque
988 2542 1223 2650 Stephanum
1241 2543 1289 2623 de
1307 2540 1421 2622 leudo
1438 2541 1629 2648 praedicto

215 2675 380 2760 investit.
1433 2681 1436 2692 '

229 2979 234 2986 .
296 2901 413 2980 (Edidit
432 2901 636 2980 (immacu,
658 2901 785 2963 Histoire
808 2899 843 2961 de
865 2903 966 2962 nram
987 2908 1015 2962 ct
1037 2899 1072 2962 de
1089 2903 1198 2982 decep,
1213 2900 1359 2975 Prenvee,
1383 2917 1413 2978 p.
1438 2909 1496 2962 248
1518 2907 1548 2962 et
1571 2911 1628 2962 250

335 3003 449 3089 [Lyom
467 3015 542 3068 1650
557 3004 637 3088 toll,
654 3025 692 3070 ex
705 3008 825 3070 archivo
839 3011 929 3070 castrt
942 3009 979 3068 da
992 3005 1119 3086 blattta.)

263 3198 475 3290 Fridericus,
496 3199 557 3272 Dei
573 3201 682 3293 gratia
696 3201 927 3273 Romanorum
943 3199 1128 3295 imperator
1145 3219 1280 3295 semper
1294 3208 1480 3292 augustus,
1496 3201 1630 3272 Jerusa-

215 3324 282 3396 lem
304 3333 339 3396 et
358 3324 473 3397 Sicilie
489 3345 567 3396 rex.
585 3326 650 3397 Per
666 3346 807 3420 presens
826 3326 990 3419 scriptum
1007 3333 1126 3396 notum
1146 3325 1291 3396 iacimus
1311 3325 1481 3396 universis
1495 3325 1630 3419 imperii

216 3443 379 3520 fidelibus
390 3456 461 3520 mm
477 3449 693 3542 presentibus
708 3469 814 3542 quam
830 3448 954 3520 suturis
972 3448 1068 3540 quod
1084 3448 1289 3520 constitutus
1307 3448 1343 3517 in
1359 3457 1473 3520 nostra
1489 3470 1630 3541 presen-

216 3570 262 3642 tia
274 3569 468 3665 Stephanus
487 3569 532 3642 de
549 3570 695 3643 villariis
713 3569 825 3643 fidelis
843 3580 958 3642 noster
971 3569 1148 3663 quoddam
1162 3571 1325 3663 scriptum
1343 3571 1451 3641 laticis
1468 3572 1631 3643 memorie

218 3692 322 3786 patris
339 3693 448 3764 nostri
460 3693 649 3767 llumberto
667 3693 712 3766 de
726 3693 865 3765 Thoiria
882 3691 1116 3788 predecessori
1134 3694 1210 3784 ejus
1226 3692 1279 3787 (2)
1296 3703 1447 3786 tempore
1462 3694 1559 3786 regni
1576 3695 1629 3766 sui

253 3990 289 4063 tt)
308 3993 446 4051 ttarianue
460 3993 494 4050 de
507 3995 601 4066 Turre,
618 3995 661 4052 vir
675 3995 702 4050 in
716 3994 838 4052 Sardinia
851 3994 1066 4068 potentissimus,
1078 3992 1232 4051 liarisonem
1244 3998 1272 4050 et
1283 3991 1434 4050 Adstasiam
1447 3996 1547 4067 genuit.
1568 3997 1631 4056 Post

218 4095 331 4146 mortem
344 4090 480 4148 Bansonis
494 4106 565 4148 anno
576 4094 647 4148 4235
664 4092 750 4148 asnis
763 4091 859 4161 occisi,
873 4089 1009 4148 ltubalous
1021 4090 1184 4157 vicecomes,
1199 4090 1310 4146 Pisanus
1320 4091 1397 4160 civis,
1411 4090 1551 4148 thelesiae
1569 4109 1628 4150 ma-

218 4183 297 4254 ritus,
317 4186 392 4258 regni
405 4184 533 4244 Galluraa
548 4192 577 4243 et
591 4186 717 4243 'turrium
735 4187 932 4260 possessionem
950 4187 1074 4242 obtinuit.
1097 4187 1173 4242 Anno
1189 4202 1254 4244 vero
1276 4191 1346 4244 4233
1367 4187 1482 4254 ineunte,
1494 4189 1632 4265 ltubatdus

218 4280 271 4336 uta
288 4280 395 4340 fundus
409 4289 462 4341 est.
481 4283 563 4356 Cujus
575 4283 684 4342 viduam
697 4283 777 4340 simul
792 4290 819 4340 et
834 4299 946 4355 regnum
960 4281 1013 4339 filio
1028 4297 1091 4352 suo,
1104 4281 1188 4340 invita
1207 4289 1296 4340 tamen
1311 4285 1429 4340 Romana
1445 4285 1538 4354 curia,
1558 4285 1631 4342 dedit

218 4375 372 4450 imperator.

252 4473 286 4548 (2)
305 4474 359 4532 lete
372 4474 536 4535 humbertus
550 4477 637 4535 dictus
652 4477 684 4534 de
700 4478 797 4534 Thoire
810 4476 917 4549 reliquit
930 4476 1135 4548 primogenitum
1149 4477 1314 4547 Stephanum
1330 4477 1364 4532 de
1374 4477 1485 4548 Theirs,
1499 4480 1543 4550 qui
1556 4479 1634 4534 duxit

220 4569 347 4642 lgnetem
360 4572 504 4632 devillare
521 4574 603 4632 tiliam
620 4574 800 4648 stephanide
816 4574 915 4632 villars
930 4579 1036 4630 unicam
1053 4580 1080 4631 et
1098 4588 1167 4630 anno
1182 4577 1251 4630 4235
1268 4574 1373 4630 circiter
1387 4575 1461 4631 obiit.
1480 4577 1633 4648 Stephanos

221 4672 322 4739 nuum,
336 4668 407 4760 filius
422 4671 551 4746 Stephani
562 4677 590 4730 et
601 4673 722 4746 Agnetis,
738 4673 861 4729 dominus
873 4673 908 4730 de
923 4672 1019 4730 lboire
1032 4671 1104 4729 etde
1118 4671 1225 4739 villars,
1240 4672 1284 4727 itte
1296 4679 1338 4728 est
1352 4677 1428 4744 cnjus
1440 4672 1467 4726 in
1485 4672 1536 4729 boc
1548 4673 1633 4730 docn-
