4224 5898
195 566 292 626 bnrcr.
311 561 371 648 12]
642 559 839 621 HISTORIA
863 557 1155 620 utetotttt'rlct.
1549 562 1609 622 303

195 709 231 774 ct
242 699 431 794 justiciam,
449 719 492 770 ac
507 697 648 770 demum
661 695 929 768 satisfactionem
944 693 1170 785 offerendam,
1190 693 1293 767 etiam
1308 693 1355 766 ad
1367 695 1549 786 cautelam,
1565 696 1612 772 ad

195 823 402 918 presentiam
417 841 518 894 suam
539 827 574 891 ct
588 826 751 912 aspectus
766 817 924 911 publicos
939 816 1172 911 pervenirent.
1188 815 1257 888 Sed
1271 816 1351 888 licet
1366 839 1429 890 nos
1445 818 1613 912 singulari

193 946 346 1042 quadam
370 954 406 1018 et
427 943 566 1040 propria
580 942 713 1014 ratione
727 952 867 1037 propter
881 949 1034 1014 nostram
1054 940 1231 1034 justiciam
1247 949 1282 1014 et
1299 941 1475 1014 infamiam
1495 965 1612 1036 proca·

194 1067 328 1160 dantis,
352 1067 453 1140 malla
469 1065 592 1138 meritc
615 1065 805 1138 debeamus
821 1065 919 1159 quod
938 1087 1118 1160 perperam
1141 1073 1175 1136 et
1197 1063 1393 1137 inordinata
1409 1068 1613 1159 processerit

194 1201 313 1266 contra
341 1214 422 1282 nos,
450 1199 484 1264 ct
511 1189 712 1262 bullientem
740 1187 946 1261 intrinsecus
971 1189 1131 1282 spiritum
1162 1189 1374 1278 evomuerit,
1406 1211 1485 1262 cnm
1513 1212 1612 1263 suam

194 1316 385 1410 nequitiam
400 1314 560 1388 editurus
581 1313 701 1386 fuisset
726 1313 947 1399 omnimodo,
979 1312 1045 1384 nisi
1070 1314 1185 1386 forsan
1210 1321 1312 1384 antea
1328 1311 1380 1408 (a)
1403 1314 1609 1408 crepuisset;

194 1437 354 1512 dolemus
371 1448 487 1512 umen
515 1447 550 1510 et
575 1459 622 1510 ax
650 1435 753 1510 corde
777 1438 957 1508 turbamur
981 1445 1121 1531 pmpter
1142 1435 1388 1510 verecundiam
1407 1438 1613 1513 universalis

193 1563 345 1636 Ecclesia
365 1563 482 1635 matris
497 1572 629 1654 nostre,
649 1583 756 1656 quam
781 1563 949 1633 Dominus
966 1561 1066 1633 lasus
1079 1560 1234 1632 Christus
1247 1561 1313 1632 sub
1332 1561 1448 1656 specie
1460 1564 1612 1658 Virginis

194 1687 341 1780 gloriose
357 1687 392 1758 in
410 1686 580 1782 passionis
594 1685 788 1758 testimonio
805 1684 985 1779 discipulis
999 1683 1272 1774 commendavit,
1293 1684 1392 1757 uobis
1407 1707 1468 1780 per
1487 1689 1608 1778 talem,

194 1833 299 1903 quam
323 1810 444 1884 marito
467 1810 621 1902 judicem
637 1831 706 1882 non
729 1809 915 1898 babemus,
942 1809 1071 1880 nullam
1089 1807 1190 1880 nobis
1206 1829 1308 1904 posse
1327 1808 1400 1881 fieri
1416 1811 1608 1904 justiciam,

194 1935 273 2008 licet
307 1935 467 2026 injuriam
498 1933 571 2006 fieri
596 1943 822 2030 reputemus:
854 1943 972 2028 utpote
1006 1955 1085 2005 cum
1119 1953 1210 2027 papa
1241 1934 1399 2028 seprius
1432 1935 1611 2008 inimicum

194 2058 397 2154 capitalem,
424 2079 492 2130 non
514 2057 668 2150 judicem
697 2066 871 2148 nostrum,
898 2065 933 2128 et
956 2078 1061 2152 opere
1088 2055 1191 2128 fuerit
1215 2058 1389 2152 professus
1416 2074 1450 2131 et
1476 2059 1607 2150 verbo,

193 2182 338 2256 rebelles
356 2193 391 2254 at
408 2183 522 2254 hostes
542 2182 676 2276 imperii
692 2181 830 2275 publice
846 2179 1075 2252 confovendo.
1095 2179 1281 2274 Indignum
1304 2191 1458 2274 preterea
1473 2203 1512 2254 sc
1526 2183 1611 2254 tanti

194 2305 393 2378 cohertionc
416 2306 581 2400 principis
612 2316 646 2378 ct
671 2305 825 2398 qualibet
851 2301 1056 2398 pontificalis
1078 2305 1181 2376 officii
1207 2304 1373 2398 dignitate
1396 2327 1458 2377 seu
1484 2307 1612 2378 autbo-

195 2429 294 2502 ritate
316 2429 486 2517 reddidit,
515 2428 600 2501 dum
623 2428 914 2502 Mediolanensem
942 2427 1139 2518 civitatem,
1161 2449 1231 2522 qua
1253 2449 1315 2522 pro
1338 2429 1491 2500 maxima
1515 2441 1612 2524 parta

82 2561 85 2568 '
195 2553 390 2624 testimonio
411 2553 648 2645 religiosorum
665 2561 701 2626 at
717 2552 975 2646 quamplurium
995 2550 1065 2624 fide
1086 2550 1271 2644 dignorum
1286 2551 1497 2624 inhabitatur
1511 2553 1611 2626 hera-

195 2675 290 2764 ticis,
312 2684 430 2750 contra
455 2697 519 2748 nos
540 2686 575 2750 et
598 2675 780 2770 imparium
805 2676 986 2748 manifesto
1005 2678 1123 2748 favore
1140 2685 1277 2760 tuctur;
1301 2685 1336 2748 et
1360 2686 1475 2749 contra
1498 2679 1538 2750 ll.
1565 2678 1612 2752 da

194 2800 381 2890 Mandallo,
398 2800 508 2874 civem
521 2799 826 2891 Mediolanensem,
848 2799 982 2873 dudum
1001 2808 1204 2894 potestatem
1222 2800 1454 2872 florentinum
1467 2798 1532 2896 (l),
1551 2802 1611 2874 de-

195 2922 358 2996 lationem
377 2923 528 3019 episcopi
543 2925 745 3010 florentini,
761 2925 828 2996 viri
846 2925 919 2998 vite
939 2925 1127 3019 probabilis
1143 2933 1178 2997 et
1199 2925 1289 2998 fame
1300 2925 1459 3020 probate,
1479 2925 1515 2996 in
1536 2927 1610 3020 ple·

195 3046 312 3139 risque
332 3048 491 3142 capitulis
512 3069 616 3143 super
630 3049 779 3121 heretica
802 3049 973 3142 pravitate
996 3049 1213 3138 convictum,
1237 3050 1283 3121 ob
1307 3048 1426 3122 odium
1454 3059 1609 3121 nostrum

195 3178 231 3242 et
251 3169 558 3244 Mediolanensium
585 3172 730 3265 gratiam
750 3193 821 3244 non
844 3171 993 3244 admisit.
1013 3173 1112 3244 lllum
1130 3181 1283 3267 praterea
1299 3172 1422 3244 Christi
1438 3173 1609 3244 vicarium

195 3291 324 3365 babere
353 3301 387 3366 et
417 3293 505 3366 Petri
530 3315 760 3368 successorem
786 3317 826 3367 ac
846 3295 1118 3390 dispensatorem
1143 3296 1336 3368 animarum
1366 3295 1521 3368 fidelium
1547 3297 1609 3367 in·

199 3414 346 3509 dignum
363 3417 527 3505 fatemur,
549 3439 618 3490 non
635 3419 681 3490 ob
698 3418 875 3512 dignitatis
897 3419 1075 3512 injuriam,
1100 3419 1162 3492 sed
1182 3419 1227 3492 ob
1243 3440 1387 3514 persone
1411 3419 1605 3510 defectum,

202 3539 261 3632 qui
274 3538 548 3635 dispensationes
559 3563 638 3614 cum
648 3543 788 3614 fratrum
804 3542 1048 3616 deliberatione
1059 3545 1210 3616 maxima
1224 3543 1412 3635 faciendas,
1427 3543 1462 3614 in
1472 3565 1609 3616 camera

200 3682 263 3734 sua
278 3683 376 3736 more
386 3665 585 3737 mercatoris
601 3665 798 3758 cujuslibet,
814 3666 850 3737 in
868 3666 956 3738 libra
973 3665 1191 3738 mercationis
1203 3665 1382 3760 appendit,
1401 3667 1517 3738 calatis
1533 3669 1609 3738 fra-

200 3793 292 3857 trum
313 3787 484 3878 consiliis,
505 3809 585 3860 cum
610 3789 740 3882 quibus
755 3789 946 3862 secundum
960 3790 1224 3862 ecclesiasticam
1243 3789 1460 3883 disciplinam
1480 3789 1610 3863 deliba-

197 3928 274 3979 rare
296 3916 452 4002 tenatur,
469 3910 620 3984 existens
634 3912 708 4006 ipsa
723 3913 788 3984 sibi
806 3913 954 3986 bullator
971 3923 1005 3984 et
1021 3913 1166 4008 scriptor
1186 3922 1221 3984 et
1240 3913 1381 3985 forsitan
1396 3926 1607 3988 numerator.

198 4030 249 4102 Da
267 4031 397 4125 quibus
419 4033 590 4126 quasdam
608 4033 883 4129 dispensationes
905 4036 1058 4131 insigues
1080 4036 1244 4131 preterire
1259 4037 1392 4108 silentio
1412 4059 1482 4110 non
1508 4041 1610 4111 volu·

240 4195 282 4276 (a)
308 4197 743 4275 nomanatissimus.

204 4385 360 4395 ..n—-
366 4387 511 4396 --ω-*-
819 4391 857 4399 ...-

235 4482 272 4554 (t)
293 4483 426 4539 «luteres
442 4484 515 4554 facil.
531 4495 623 4542 manse
641 4486 713 4543 main
727 4484 812 4558 ttae)
829 4484 973 4543 Florentini
994 4484 1154 4546 obedierunt
1176 4487 1266 4545 comiti
1281 4489 1423 4548 Gabcsrdo
1441 4491 1493 4565 qui·
1504 4499 1564 4548 crat
1583 4495 1610 4550 in

199 4576 296 4636 rosea
311 4593 362 4652 pro
374 4579 549 4653 imperatore,
564 4583 660 4640 dantes
672 4583 807 4656 codigium
824 4583 988 4641 Robecomiti
1000 4583 1036 4641 dc
1048 4585 1177 4643 blondello
1195 4601 1288 4644 eorum
1304 4589 1439 4660 potestati.
1455 4590 1608 4648 »chronic

198 4671 232 4730 ds
242 4675 297 4732 reb.
309 4677 341 4732 ist
354 4675 422 4732 ftol.
438 4678 529 4750 pestis,
541 4693 569 4751 p.
584 4681 646 4736 tta.
