4350 5922
494 610 537 674 34
995 609 1212 673 rnlnnttlcl
1236 608 1410 670 secono!
1721 610 1801 695 [lin.
1819 611 1905 674 1237.

495 744 768 840 commendatior
784 745 885 818 nobis
902 745 977 820 istis
995 746 1198 834 accesserit,
1215 748 1313 819 velut
1335 745 1372 816 in
1388 744 1599 838 superlativo
1614 745 1821 841 purissimus
1838 757 1909 820 eta

494 891 533 944 se
548 891 688 966 prorsus
710 868 874 962 abjiciens
895 872 1003 944 seculi
1025 871 1214 958 vanitatem
1241 866 1499 966 propterquod
1524 869 1627 942 ctiam
1654 870 1739 942 siin
1763 871 1908 972 aliorum

494 993 687 1086 legatorum
716 1014 899 1066 occursum
929 995 991 1088 qui
1021 996 1117 1068 tercii
1142 994 1345 1083 veniabant,
1366 993 1409 1064 ll.
1444 993 1678 1066 venerabilem
1706 996 1908 1088 magistrum

494 1116 617 1189 Sancto
634 1117 741 1190 Maris
763 1117 1050 1191 Theotonioorum
1072 1119 1109 1192 in
1124 1117 1366 1191 Lombardiam
1385 1113 1560 1188 destinare
1581 1117 1773 1210 noluimus,
1794 1129 1909 1192 vestra

493 1242 680 1336 paternitas
693 1262 764 1314 non
781 1241 935 1330 mirelur,
952 1244 1050 1314 volnt
1066 1242 1128 1336 qni
1143 1239 1190 1314 ad
1201 1239 1434 1336 quorumlibet
1449 1240 1640 1334 legatorum
1659 1261 1798 1328 nomen,
1817 1242 1909 1337 legs·

495 1364 598 1437 tionis
617 1385 809 1436 cassanen
835 1365 992 1458 cognito,
1013 1386 1060 1438 ex
1082 1364 1246 1460 predictis
1267 1363 1389 1438 merito
1405 1363 1643 1438 formidamus.
1663 1362 1734 1437 Sed
1758 1387 1840 1438 eccs
1861 1366 1907 1440 ad

492 1487 689 1560 instantiam
714 1487 868 1580 magistri
897 1487 1059 1582 predicti,
1079 1500 1400 1583 quantumcumque
1417 1487 1542 1560 nostris
1559 1489 1645 1562 foret
1662 1490 1839 1582 presertim
1861 1489 1908 1563 ad

491 1631 633 1706 presens
645 1610 799 1704 negociis
815 1621 1048 1706 opportunus,
1066 1612 1268 1706 magistrum
1282 1610 1445 1684 eumdem
1464 1611 1531 1682 snb
1549 1611 1647 1684 solita
1678 1610 1761 1684 fidei
1789 1623 1825 1683 et
1850 1613 1909 1684 iu-

492 1730 624 1805 dustrie
642 1755 706 1805 sus
724 1731 872 1824 fidncia,
898 1734 982 1828 qnia
1008 1754 1192 1807 commune
1214 1735 1346 1807 bonum
1371 1734 1523 1808 Emissis
1547 1744 1583 1808 et
1608 1735 1743 1828 imperii
1772 1757 1908 1830 semper

490 1857 620 1929 zelatus
645 1865 697 1929 est
721 1856 908 1946 hactenus,
936 1857 984 1930 ad
1009 1857 1127 1930 sedem
1155 1857 1381 1952 apostolicam
1401 1855 1615 1930 destinamus
1637 1858 1703 1954 (l).
1726 1859 1769 1930 llt
1790 1879 1907 1952 qnan-

490 2000 597 2074 qnam
626 1980 671 2050 ab
704 1979 769 2052 hoc
803 1981 990 2052 multarum
1025 1990 1059 2054 st
1090 1980 1371 2054 convincibilium
1405 1980 1576 2054 rationum
1612 1981 1762 2054 varietas
1793 1991 1908 2054 nostra

491 2103 631 2176 consilia
652 2113 844 2196 revocaret,
861 2125 906 2176 ns
927 2113 1041 2177 umen
1059 2103 1247 2199 imperialis
1265 2101 1502 2200 prosperitatis
1518 2103 1703 2176 arentibus
1723 2103 1768 2176 dc
1786 2103 1909 2176 bumi-

490 2227 596 2300 litatis
622 2226 763 2300 bomine
785 2229 873 2324 rapti
897 2229 934 2300 in
962 2229 1060 2302 virus
1089 2229 1252 2324 superbie
1285 2229 1400 2302 subito
1427 2227 1646 2319 videremur,
1676 2229 1843 2322 elegimus
1871 2230 1907 2302 iu

489 2349 555 2422 bac
570 2359 667 2446 parte
691 2361 760 2424 tam
783 2351 956 2426 humiliter
978 2374 1080 2446 agere
1105 2373 1212 2447 quam
1234 2351 1440 2448 prudenter,
1468 2373 1548 2424 cum
1571 2352 1702 2424 nnllam
1727 2353 1907 2448 presertim

490 2495 537 2546 ex
557 2473 742 2548 alludentis
767 2475 867 2548 nobis
886 2475 922 2546 in
945 2475 1072 2548 talibus
1095 2477 1232 2548 fortune
1245 2475 1430 2550 blandiciis
1442 2476 1571 2567 iustam
1589 2475 1751 2568 superbie
1767 2497 1908 2548 causam

491 2597 637 2672 subesse
652 2597 849 2672 credamus.
869 2598 971 2684 Quod
986 2599 1079 2670 euim
1092 2598 1334 2672 sollicitudinis
1346 2609 1463 2672 nostre
1479 2599 1655 2672 laboribus
1668 2621 1771 2671 suum
1788 2599 1909 2672 diviua

490 2721 642 2815 potentia
665 2721 791 2794 diebos
820 2723 944 2794 nostris
967 2723 1098 2796 exaltat
1127 2722 1331 2818 imperinm,
1361 2743 1467 2816 quam
1498 2721 1623 2796 nostris
1650 2722 1795 2816 provide
1824 2743 1909 2818 pos-

490 2843 614 2939 sibns(
637 2844 673 2940 ')
689 2843 739 2940 (a)
748 2845 919 2918 ascribere
932 2845 1039 2918 titulis
1051 2867 1121 2918 non
1136 2845 1311 2918 videmus.
1326 2847 1434 2918 lmmo
1445 2845 1474 2917 si
1488 2845 1659 2918 subtiliter
1675 2855 1711 2918 st
1724 2846 1908 2920 efficaciter

490 2987 615 3040 verum
646 2967 814 3040 vellemus
843 2969 1034 3064 inspioera,
1069 2970 1178 3061 major
1207 2968 1310 3041 vobis
1339 2990 1386 3042 ex
1416 2967 1484 3042 boc
1512 2969 1732 3042 exdutionis
1761 2969 1905 3042 mauris

491 3089 633 3162 dsbsrst
654 3091 768 3164 afferri
785 3114 892 3188 quam
915 3092 1036 3182 nobis,
1055 3101 1095 3164 ut
1117 3101 1198 3188 pota
1216 3113 1295 3164 cum
1322 3092 1359 3163 in
1375 3093 1584 3166 exaltatione
1605 3093 1750 3166 Romani
1773 3092 1908 3188 imperii

489 3214 644 3287 Romana
662 3225 817 3310 patenter
841 3219 1013 3290 exaltetur
1028 3217 1196 3308 Ecclesia,
1218 3215 1313 3288 unda
1330 3237 1394 3311 per
1415 3215 1481 3290 boc
1499 3215 1582 3292 lidei
1605 3215 1788 3290 christiane
1809 3217 1908 3308 cnjus

491 3348 597 3433 caput
617 3347 651 3412 et
668 3349 778 3412 mater
797 3361 874 3412 esse
888 3339 1096 3430 dinoscitur,
1122 3341 1237 3411 cultus
1252 3340 1428 3414 extollitur
1448 3349 1484 3414 et
1506 3341 1663 3415 defensio
1688 3349 1905 3437 procuratur.

490 3461 616 3536 ilatum
633 3463 769 3536 llisnne
789 3484 893 3558 super
906 3463 1105 3536 Danubium
1109 3515 1181 3536 .....
1203 3461 1262 3560 (b).

719 3699 836 3712 0-—

360 3909 374 3944 =
410 3931 424 4002 .'
545 3884 778 3993 Fridericua,
809 3887 1069 3973 Romanorum
1100 3890 1325 4000 imperator,
1355 3885 1484 3970 abbati
1512 3895 1549 3969 et
1579 3885 1780 3969 conventui
1808 3883 1908 3967 Sco-

535 4082 579 4168 (o)
600 4087 697 4151 nom·
710 4088 848 4166 mutllua;
868 4089 994 4152 lorsltm
1011 4089 1169 4169 legendum
1185 4108 1194 4151 ε
1211 4086 1358 4168 Qrwmodo
1370 4087 1478 4151 cutm
1485 4084 1607 4168 procide
1613 4087 1757 4168 possimus
1770 4081 1910 4146 casdem

492 4191 725 4380 “wuddltur
737 4299 842 4363 datum
855 4318 893 4362 sx
905 4301 972 4364 cod.
989 4303 1219 4366 Vratlslsstensl.

530 4533 568 4606 (t)
587 4534 626 4591 De
637 4531 719 4606 huJ'us
737 4531 853 4590 adventu
864 4531 1009 4591 lticcardus
1024 4511 1058 4591 ds
1069 4533 1169 4591 Sancto
1180 4531 1317 4590 Germano
1328 4545 1379 4589 uos
1389 4530 1433 4588 his
1449 4528 1541 4588 verbis
1556 4531 1646 4586 monet
1658 4545 1666 4583 ι
1678 4545 1693 4582 ι
1706 4527 1799 4586 nense
1816 4523 1909 4598 aprilis

492 4630 621 4704 magster
637 4629 734 4688 domus
752 4628 978 4688 Thentoniccrum
994 4635 1022 4690 st
1040 4629 1167 4704 magister
1182 4629 1279 4688 Petrus
1292 4627 1423 4688 devince
1435 4627 1510 4686 missi
1528 4625 1563 4684 ab
1579 4625 1739 4701 imperatore
1756 4623 1791 4681 ad
1809 4636 1908 4697 papam

492 4728 606 4786 redunt
618 4743 667 4802 pro
679 4727 751 4786 iacto
765 4727 978 4786 lombardiae.»
