4350 5922
209 644 307 704 lsmcr.
325 636 386 722 10.]
647 635 846 698 HISTORIA
873 631 1173 696 ntetottautctt.
1582 633 1621 692 55

258 780 383 850 Datum
397 772 699 869 apndWiennam,
715 794 807 846 anno
822 770 993 844 dominice
1008 766 1248 842 incarnationis
1263 765 1443 838 millesimo
1457 765 1621 840 ducente·

211 901 298 976 simo
312 897 485 972 tricesimo
502 895 661 992 septimo,
677 917 796 970 mense
813 894 932 992 aprili,
950 891 1085 966 decima
1100 887 1299 964 indictione.

265 1516 499 1625 Friderious‚
528 1516 785 1599 Romanorum
819 1515 1044 1625 imperator,
1074 1514 1261 1598 civitatem
1287 1514 1536 1598 Viennensem
1568 1513 1618 1601 ob
1672 1551 1785 1607 viam.

211 1651 351 1734 ciuium
377 1651 597 1733 fidelitatem
614 1659 652 1734 et
674 1651 852 1734 Friderici
873 1653 983 1735 ducis
1006 1652 1180 1735 niustriae
1206 1651 1467 1760 oppressiones
1495 1650 1618 1734 innu-

213 1811 356 1890 meras,
382 1784 424 1866 in
447 1810 556 1867 suam
574 1793 612 1868 et
634 1785 782 1892 imperii
799 1783 983 1868 ditionem
1008 1783 1225 1866 immediate
1252 1783 1402 1892 recipit,
1427 1783 1618 1866 libertates

212 1916 296 2026 ejus
320 1915 540 2022 confirmat,
557 1915 725 2024 judicem
752 1917 791 1997 in
821 1941 866 1999 ea
895 1907 1075 2020 instituit,
1109 1939 1282 2024 novaque
1309 1913 1505 2024 privilegia
1534 1915 1617 1996 im-

82 2147 86 2154 ·
212 2049 371 2156 pertitnr
397 2077 406 2130 :
429 2047 569 2130 scilieet
585 2048 633 2130 de
660 2047 811 2132 servitio
834 2047 1062 2155 exbibenda,
1088 2048 1136 2130 de
1150 2045 1319 2156 judaeis,
1340 2047 1388 2128 de
1409 2045 1618 2129 actionibus

213 2179 358 2263 nimbus
381 2179 593 2288 intentatis,
614 2179 663 2262 de
679 2179 823 2288 duello,
844 2181 892 2263 de
910 2181 1036 2262 studio
1054 2180 1242 2288 regendo,
1264 2179 1312 2261 de
1331 2179 1485 2262 advenis
1510 2189 1548 2262 et
1571 2180 1619 2263 de

214 2311 501 2423 naufragiorum
520 2311 707 2422 reliquiis.

293 2543 528 2624 (adornans,
542 2543 768 2620 Rciccdmrrdin,
783 2551 808 2608 t.
825 2545 892 2624 Vll,
906 2561 938 2623 p.
950 2553 1069 2608 m.-
1082 2545 1216 2623 Stoyci-cr
1228 2560 1342 2618 comm„
1358 2560 1388 2620 p.
1406 2543 1619 2605 tat-Lu·

329 2669 459 2725 mcnm,
477 2651 572 2714 Ooetr.
587 2653 707 2732 interr„
721 2669 753 2731 p.
771 2661 869 2714 to.—
881 2653 1048 2725 flamna,
1069 2652 1166 2712 illicne
1180 2648 1292 2726 dext„
1307 2657 1331 2711 t.
1346 2651 1372 2723 1,
1389 2659 1419 2710 ²·
1430 2667 1508 2728 part,
1520 2667 1551 2728 p.
1568 2659 1618 2726 rt,
1636 2629 1647 2658 '

333 2767 435 2832 mtto,
450 2760 502 2836 qni
519 2759 640 2838 quidem
652 2759 800 2836 prioribus
819 2760 946 2836 nodas,
957 2774 1018 2818 nnn
1032 2763 1131 2818 umen
1149 2759 1272 2818 omnino
1292 2755 1454 2834 perlectum
1473 2756 1618 2819 exhibuit.

331 2863 419 2924 Nunc
435 2869 536 2926 cutem
550 2865 690 2926 collatum
703 2880 773 2926 cum
787 2861 893 2924 neta
901 2862 962 2944 Jitr
982 2861 1088 2924 Kuade
1100 2861 1358 2924 mtterrcicditcltcr
1370 2860 1481 2938 caet„
1495 2863 1621 2922 Zehntar

331 2969 429 3044 Bnnd,
440 2987 471 3047 p.
489 2978 557 3042 12⁵,
571 2977 602 3032 et
618 2985 687 3032 cunt
701 2971 767 3032 cod.
778 2969 918 3032 Bibliotb.
929 2971 1028 3032 Gerar.
1039 2969 1225 3044 Vindob.‚n⁰
1241 2977 1299 3030 915
1316 2967 1406 3048 (nunc
1423 2967 1527 3048 27³³),
1540 2967 1618 3028 Hitt.

328 3073 418 3155 ptus..
432 3075 483 3135 iot.
500 3084 556 3136 105
570 3082 660 3152 mlo,
678 3085 733 3137 tot
749 3093 845 3156 varro,
859 3081 888 3138 et
900 3072 961 3137 cod.
978 3075 1009 3138 S.
1025 3075 1066 3149 ll,
1082 3092 1113 3152 p.
1129 3083 1200 3154 449,
1213 3084 1245 3135 n·
1256 3071 1325 3154 x1.)

262 3281 300 3351 ln
314 3282 453 3354 nomine
466 3289 584 3354 sancte
599 3291 634 3353 et
651 3281 834 3356 individue
848 3281 1033 3355 Trinitatis.
1045 3281 1240 3355 Fridericns
1254 3282 1440 3374 sccundus,
1459 3282 1520 3354 Dei
1536 3303 1622 3375 gra·

214 3403 261 3474 tia
285 3404 516 3477 Romanorum
542 3405 737 3500 imperator,
762 3427 897 3500 semper
928 3415 1114 3500 augustus,
1137 3407 1325 3479 Jerusalem
1347 3415 1381 3477 et
1406 3405 1520 3476 Sicilie
1542 3427 1617 3476 rex.

212 3527 402 3598 Romanurn
419 3528 600 3623 imperium
620 3529 667 3601 ad
689 3529 866 3602 tuitionem
888 3527 970 3602 fidei
990 3539 1024 3603 et
1047 3529 1263 3602 diversarum
1288 3529 1441 3624 gentium
1464 3529 1621 3602 modera-

214 3651 305 3724 mina
329 3672 392 3745 per
407 3672 486 3724 eum
504 3653 564 3747 qni
590 3653 726 3726 celestia
750 3653 853 3726 simul
878 3664 911 3725 et
933 3653 1102 3726 terrestria
1129 3651 1338 3740 moderatur,
1360 3652 1467 3724 lilium
1494 3651 1621 3724 summi

213 3775 305 3868 regis
322 3775 384 3868 qui
403 3773 520 3848 condit
537 3797 643 3867 regna
663 3783 697 3848 et
719 3771 831 3848 firmat
851 3777 1012 3871 imperia,
1036 3797 1169 3850 summe
1193 3775 1457 3871 dispensationis
1479 3796 1622 3848 munere

213 3897 455 3988 constitutum,
485 3919 532 3969 ex
559 3897 813 3993 dispensatione
841 3899 961 3972 divina
985 3901 1091 3972 robur
1118 3909 1152 3971 et
1178 3900 1331 3994 regimen
1356 3921 1419 3972 sne
1445 3899 1622 3994 dignitatis

213 4021 344 4115 aceepit
362 4031 400 4091 nt
415 4021 587 4113 subjectos
609 4021 675 4093 sibi
693 4023 838 4117 populos
860 4023 895 4093 in
913 4023 1089 4118 opulentia
1109 4023 1202 4116 pacis
1222 4033 1257 4096 et
1278 4025 1393 4096 lavore
1412 4024 1544 4116 justitie
1567 4025 1623 4096 lo-

213 4150 308 4232 veat‚
327 4139 433 4214 tidem
447 4144 630 4238 provebat,
650 4143 831 4239 perfidiam
849 4156 1084 4241 persequatur,
1102 4146 1250 4218 humiles
1269 4157 1442 4242 protegat,
1456 4147 1622 4218 sublimes

212 4261 370 4338 humiliet
386 4277 421 4338 et
436 4267 617 4356 fastuosos,
636 4269 874 4362 oppressiones
892 4271 1022 4344 relevet
1035 4269 1271 4358 subditorum,
1285 4271 1330 4342 ab
1346 4270 1510 4365 improbis
1522 4280 1555 4341 et
1568 4271 1623 4341 in-

214 4387 319 4477 grube
332 4385 482 4460 dominis
496 4411 583 4483 qnos
600 4411 800 4462 excessuum
815 4393 1074 4465 commissorum
1093 4393 1278 4465 enormitas
1298 4393 1462 4487 indignos
1480 4392 1622 4486 imperio

213 4521 443 4605 representat,
462 4515 640 4587 materiam
657 4515 825 4588 bonorum
846 4513 897 4612 (a)
913 4517 1109 4610 subtrahat,
1128 4539 1191 4614 per
1208 4539 1277 4611 que
1293 4517 1409 4590 Decet
1425 4515 1622 4588 bominibus

255 4727 298 4808 (a)
319 4729 400 4791 Alibi
413 4727 566 4794 deamat.

1690 1608 1762 1663 apriti.
1785 1619 1790 1628 ·
