4242 5904
527 607 585 668 tvl
1020 603 1237 669 tttttnsstttct
1261 607 1436 668 securem
1743 606 1824 690 [An.
1841 608 1925 670 1238,

523 741 605 812 lutis
620 747 735 811 nostre
749 736 952 830 firmiorem,
971 737 1094 810 silvam
1112 741 1301 834 quamdam
1319 763 1389 836 qne
1407 741 1533 814 dicitnr
1546 741 1638 814 luris
1652 741 1689 812 in
1702 741 1778 813 loco
1794 741 1855 834 qui
1872 743 1926 816 di·

523 865 612 935 citur
638 861 924 935 Condadiscensis
948 883 970 934 a
995 865 1141 937 termino
1167 865 1321 938 Braccoli
1346 887 1438 961 aque
1461 873 1497 938 et
1522 865 1635 937 lacum
1660 863 1706 936 de
1730 863 1823 936 Orba
1847 887 1924 936 cum

522 1007 664 1078 egressu
685 994 721 1056 et
738 1005 899 1076 regressu
919 985 1007 1056 etin
1029 986 1105 1080 ipsa
1122 999 1240 1060 contra
1263 989 1422 1061 terminat
1440 989 1544 1080 Niger
1562 1008 1661 1059 mons
1687 987 1777 1059 sicut
1801 987 1926 1082 pendet

524 1128 616 1200 aqna
636 1115 671 1178 et
687 1105 722 1176 in
752 1105 827 1199 ipsa
851 1115 968 1178 contra
991 1108 1052 1179 nbi
1078 1131 1170 1203 aqna
1192 1111 1227 1182 in
1258 1112 1405 1184 {osseam
1435 1113 1537 1182 intrat
1565 1131 1676 1204 nsque
1700 1111 1735 1180 in
1765 1109 1869 1203 Alpes
1892 1121 1926 1182 et

524 1251 635 1323 usqne
653 1229 689 1300 in
706 1229 800 1300 viam
819 1251 889 1322 que
909 1231 1005 1302 venit
1029 1253 1089 1325 per
1114 1233 1263 1307 mediam
1279 1235 1485 1318 Ferrariam,
1505 1234 1593 1305 sicut
1613 1255 1707 1326 aqua
1728 1233 1835 1303 currit
1858 1255 1926 1326 que

522 1364 667 1425 vocatur
687 1353 834 1425 Serrona
857 1374 967 1445 usqne
989 1352 1036 1425 ad
1054 1357 1245 1428 Brunninm
1262 1357 1367 1430 Betns
1384 1367 1418 1429 ct
1435 1379 1457 1430 a
1476 1355 1666 1427 Brunnium
1690 1357 1795 1427 Betus
1817 1377 1926 1448 nsque

522 1476 568 1549 ad
586 1477 813 1548 Salcimanam
828 1483 862 1547 et
878 1496 898 1547 a
914 1477 1105 1550 Sulcimana
1124 1501 1236 1574 usque
1250 1481 1297 1552 ad
1317 1481 1422 1552 Betus
1443 1480 1612 1554 Nocivum
1633 1488 1705 1550 eta
1730 1479 1833 1550 lictus
1852 1479 1927 1549 No-

524 1601 642 1673 civum
667 1599 799 1672 tertiam
812 1609 944 1694 partem
965 1601 1129 1688 Fscalon,
1152 1604 1253 1674 sicuti
1277 1604 1323 1675 ab
1348 1605 1422 1698 ipsa
1445 1606 1518 1696 jam
1542 1601 1635 1675 dicta
1658 1601 1749 1674 Orba
1774 1599 1927 1695 partibus

523 1721 797 1796 occidentalibus
821 1723 960 1793 venitur
986 1723 1022 1795 in
1047 1725 1222 1797 Calmibus
1242 1727 1432 1799 llerrenses
1454 1726 1625 1798 vocabulo
1651 1745 1764 1818 nsque
1789 1721 1926 1816 quoad

525 1847 700 1944 planitiem
714 1843 872 1915 veniatur
882 1845 1042 1938 parochie
1052 1847 1350 1938 Secundiacensis‚
1366 1861 1582 1922 sacrosancto
1596 1847 1801 1919 monasterio
1812 1847 1924 1918 Sancti

522 1971 613 2044 Petri
635 1967 866 2064 apostolorum
894 1969 1058 2063 principis
1091 1971 1152 2042 nbi
1176 1971 1251 2066 ipse
1276 1974 1449 2045 confessor
1477 1971 1600 2044 Christi
1631 1968 1821 2060 lingendus
1846 1989 1927 2039 cor·

523 2115 606 2189 porc
624 2091 770 2186 quiescit
785 2111 847 2184 per
867 2089 932 2162 hoc
953 2093 1117 2187 scriptum
1136 2093 1324 2182 donamus,
1346 2106 1386 2166 ut
1403 2095 1591 2187 jamdictus
1601 2093 1804 2165 Vuillclmus
1819 2092 1927 2162 abbas

523 2217 668 2310 ejusque
689 2234 903 2286 successores
921 2223 956 2286 et
973 2216 1130 2288 monachi
1147 2215 1196 2288 ibi
1215 2221 1287 2291 Deo
1303 2219 1493 2291 servientes
1512 2227 1547 2290 et
1564 2215 1691 2312 posteri
1709 2235 1829 2287 eornm
1848 2235 1927 2310 pro·

523 2339 599 2435 prio
612 2339 691 2430 jure
707 2337 744 2409 in
764 2345 968 2434 perpetuum
990 2339 1201 2431 possideant.
1228 2341 1451 2414 Providentes
1476 2361 1617 2434 quoqne
1640 2339 1786 2433 imperio
1808 2347 1843 2410 et
1862 2359 1926 2432 po·

525 2464 638 2536 testati
662 2461 804 2536 ecclesie
823 2461 1039 2535 decernimus
1059 2473 1098 2535 ut
1120 2464 1165 2538 de
1184 2465 1357 2560 regalibus
1379 2465 1522 2538 ccclesia
1538 2463 1654 2537 Sancti
1672 2461 1832 2553 Eugendi
1849 2481 1928 2555 prc-

525 2587 615 2658 iatus
635 2585 743 2658 abbas
758 2596 793 2658 ct
811 2607 1026 2659 successores
1046 2587 1122 2679 ejus
1139 2589 1226 2660 nulli
1247 2589 1314 2661 nisi
1337 2598 1470 2661 tantum
1494 2588 1595 2661 nobis
1617 2596 1653 2660 et
1674 2583 1930 2658 successorihus

525 2711 651 2783 nostris
686 2709 894 2804 respondere
922 2719 1117 2782 teneantur.
1151 2713 1188 2784 Si
1215 2733 1298 2785 vero
1330 2713 1415 2785 tales
1445 2733 1549 2784 causo
1577 2709 1744 2784 adversus
1770 2707 1929 2780 abbatem

523 2835 580 2906 vel
604 2835 904 2926 congregationem
927 2833 1083 2924 ejusdem
1107 2835 1304 2908 monasterii
1332 2837 1387 2907 vel
1409 2835 1577 2908 adversus
1598 2833 1755 2906 homines
1780 2841 1814 2902 et
1839 2831 1930 2901 bona

524 2979 644 3031 eornm
660 2967 779 3030 exorte
800 2957 927 3030 luerint
947 2979 1018 3051 que
1033 2960 1107 3030 sine
1124 2958 1252 3032 damno
1268 2968 1304 3032 ct
1320 2959 1503 3054 dispendio
1520 2981 1636 3031 rernm
1653 2965 1689 3028 ct
1706 2975 1928 3051 personarum

523 3081 560 3152 in
578 3081 735 3152 terminis
753 3103 872 3154 corum
888 3103 958 3152 non
973 3091 1134 3175 poterunt
1152 3081 1300 3168 definiri,
1321 3081 1366 3155 ad
1385 3082 1591 3176 presentiam
1610 3091 1760 3152 nostram
1776 3077 1831 3149 vel
1848 3097 1929 3147 suc·

523 3225 700 3276 cessorum
723 3213 915 3276 nostrorum
941 3203 1138 3276 deierantur
1159 3227 1221 3300 per
1239 3205 1329 3297 juris
1355 3206 1521 3278 rationem
1544 3215 1648 3297 atque
1671 3203 1781 3295 legem
1805 3197 1930 3272 defini·

526 3325 631 3396 tivam
648 3333 828 3420 recepturo
842 3325 1028 3417 justiciam.
1044 3325 1100 3400 Ad
1114 3327 1179 3400 hec
1195 3350 1257 3424 pro
1274 3327 1427 3402 remedio
1440 3329 1555 3400 anime
1570 3335 1684 3398 nostre
1698 3335 1733 3398 et
1749 3323 1930 3419 predeces-

524 3469 640 3520 sorum
657 3457 692 3519 et
702 3469 941 3520 successorum
956 3459 1164 3542 nostrornm,
1181 3453 1356 3547 sepedicto
1369 3452 1573 3524 monasterio
1588 3447 1810 3521 concedimus
1826 3454 1931 3538 atque

524 3569 767 3644 confirmmus
788 3579 826 3642 nt
842 3571 934 3643 servi
954 3574 1097 3646 ecclesie
1113 3573 1205 3645 beati
1226 3573 1385 3667 Eugendi
1401 3571 1490 3672 [qni]
1508 3573 1668 3644 mulieres
1687 3570 1752 3642 sibi
1767 3567 1930 3661 conjugio

524 3695 808 3767 consociaverunt
830 3695 885 3767 vel
911 3695 998 3767 forte
1018 3696 1179 3770 mulieres
1202 3697 1297 3772 viros
1319 3697 1355 3768 in
1377 3697 1632 3770 matrimonium
1652 3716 1716 3790 per
1735 3693 1931 3787 desponsa-

526 3819 653 3891 tionem
668 3819 735 3890 sibi
753 3819 989 3913 copulaverint
1005 3820 1041 3891 in
1059 3821 1260 3916 Equestrico
1279 3823 1443 3895 comitatu
1463 3830 1497 3894 et
1513 3821 1549 3892 in
1563 3817 1778 3893 Gebcnnensi
1793 3815 1927 3911 episco-

525 3950 626 4039 patu,
645 3943 784 4014 liberam
800 3943 985 4016 etlirmam
1004 3955 1207 4040 potestatem
1228 3945 1377 4020 habeant
1394 3947 1553 4040 conjugia
1575 3955 1610 4016 et
1629 3941 1843 4014 matrimonia
1865 3959 1929 4010 sua

525 4064 730 4138 conficiendi
765 4067 840 4138 sine
873 4067 1116 4162 impedimento
1147 4079 1181 4142 et
1209 4071 1464 4144 reclamatione.
1501 4067 1724 4161 Indulgemus
1754 4063 1857 4136 etiam
1884 4081 1932 4132 ex

525 4189 635 4260 multa
659 4189 878 4280 benignitatis
900 4203 1013 4264 nostre
1034 4195 1216 4267 clementia
1240 4193 1478 4290 prenominato
1501 4191 1616 4264 abbati
1635 4188 1748 4261 Sancti
1772 4183 1930 4279 Eugendi

524 4323 560 4385 ot
576 4313 832 4385 successorihus
847 4315 920 4388 suis
935 4325 1135 4412 potestatem
1155 4317 1307 4391 cudendi
1320 4327 1490 4391 monetam
1506 4315 1551 4388 ad
1570 4315 1713 4387 sormam
1730 4319 1765 4383 et
1782 4307 1929 4404 pretium

525 4445 627 4530 pmut
649 4435 792 4509 ecclesie
817 4459 879 4510 sno
902 4439 1013 4532 magis
1041 4440 1242 4534 cognoverit
1268 4441 1451 4537 expedire.
1484 4441 1677 4512 Statuentes
1701 4443 1736 4507 et
1763 4431 1930 4527 imperiali

524 4559 725 4632 anctoritate
742 4560 931 4634 sancientes
946 4573 984 4633 ut
996 4565 1111 4636 nullus
1129 4565 1405 4660 archiepiscopus
1422 4565 1479 4637 vel
1494 4563 1689 4658 episcopus,
1706 4557 1823 4628 nullus
1837 4553 1925 4640 dux,

524 4681 640 4755 nullus
664 4705 780 4757 comes
802 4687 939 4760 nullave
962 4697 1129 4781 potestas,
1154 4689 1249 4762 nulla
1271 4689 1424 4786 donique
1449 4707 1593 4785 persona
1618 4681 1758 4756 humilis
1779 4677 1837 4753 vel
1860 4675 1927 4750 alta
