4350 5922
270 597 366 658 lsnrcr.
386 595 448 676 ln]
718 587 914 650 HISTORIA
939 587 1232 652 nlrtounnlcn.

561 903 566 910 -
576 901 748 912 .-.--—-.1-·
757 899 1428 912 -ιη,-.--..--.---.----......-.--..-.--η

319 1175 553 1279 l’ridericus,
572 1169 833 1254 Romanorum
856 1169 1075 1278 imperator,
1097 1169 1146 1251 ad
1173 1167 1486 1278 supplicationem
1504 1165 1677 1277 magistri

269 1309 366 1396 Petri
383 1309 432 1390 de
451 1307 589 1390 Sancto
607 1304 796 1387 Germano
822 1328 986 1412 magnae
1003 1301 1130 1384 curiae
1148 1327 1239 1384 suae
1257 1301 1415 1410 judicis,
1436 1300 1677 1410 privilegium

269 1438 495 1522 aLandollo
514 1437 737 1522 cassinense
766 1433 903 1517 abbate
930 1427 1052 1516 eidem
1075 1443 1113 1516 et
1129 1434 1228 1542 petri
1255 1433 1337 1544 ejus
1362 1435 1555 1518 Theudino
1577 1460 1677 1516 anuo

273 1574 374 1654 1235
404 1595 648 1676 concessum,
681 1567 720 1650 in
754 1565 934 1650 omnibus
960 1575 998 1649 et
1032 1565 1193 1676 singulis
1224 1566 1396 1676 partibus
1425 1565 1508 1676 ejus
1535 1567 1677 1650 eisdem

267 1704 479 1788 coufirmat.

348 1959 444 2038 (salt.
459 1958 539 2039 apud
552 1958 707 2038 dauon,
723 1953 883 2018 seems.
904 1953 946 2016 ad
962 1953 1063 2019 dictor.
1080 1953 1211 2037 Curis,
1226 1960 1251 2017 t.
1273 1957 1297 2018 1.
1318 1973 1348 2034 p.
1366 1963 1436 2032 aaa,
1453 1973 1493 2018 cx
1509 1961 1631 2038 ταψῐτο
1647 1966 1676 2020 1·

385 2067 501 2128 abbutls
514 2065 666 2140 Beruardl,
679 2063 732 2126 lol.
751 2061 833 2142 tot.)

314 2279 536 2374 Fredericns,
553 2281 616 2354 Dei
626 2280 736 2375 gratia
752 2279 982 2353 Romanorum
1002 2279 1186 2374 imperator
1200 2299 1338 2373 semper
1356 2289 1540 2376 augustus,
1556 2282 1677 2355 Hieru-

268 2406 371 2477 salem
389 2414 425 2478 et
440 2405 556 2477 Sicilie
569 2427 647 2477 rex.
666 2405 730 2477 Per
753 2424 896 2500 presens
914 2401 1080 2498 scriptum
1096 2412 1215 2475 notum
1231 2401 1305 2474 lieri
1328 2403 1491 2476 volumus
1507 2405 1676 2480 universis

267 2527 428 2601 fidelibus
439 2528 563 2602 nostris
578 2538 649 2600 tarn
661 2527 878 2624 presentibus
892 2548 998 2622 quarn
1009 2525 1134 2598 suturis
1148 2525 1245 2620 quod
1257 2527 1419 2621 magister
1433 2529 1554 2602 Petrus
1571 2528 1677 2604 Theo·

269 2651 342 2724 dini
353 2651 531 2725 deSancto
541 2651 710 2726 Germano
723 2671 850 2746 magne
867 2652 962 2724 curie
977 2659 1092 2724 nostre
1099 2650 1227 2744 judex,
1242 2650 1353 2724 fidelis
1366 2661 1495 2742 noster,
1507 2655 1675 2746 majestati

267 2785 381 2882 nostre
397 2775 570 2850 humiliter
587 2777 795 2874 supplicavit
808 2785 847 2848 ut
864 2775 1118 2870 infrascriptum
1137 2775 1358 2871 privilegium
1379 2777 1551 2849 indultum
1568 2779 1633 2850 sibi
1654 2801 1676 2852 a

267 2901 616 2996 Laudolroquondam
626 2901 743 2974 Cassia
788 2901 957 2974 seabbate
970 2900 1163 2974 confirmari
1175 2901 1241 2973 sibi
1250 2901 1294 2974 de
1308 2909 1423 2974 nostra
1432 2903 1542 2996 gretia
1555 2901 1675 2996 digua·

266 3047 398 3116 remur;
417 3027 517 3118 cujus
532 3035 631 3099 tenor
645 3027 836 3122 peremnia
849 3027 925 3097 talis
939 3035 1014 3098 est:

312 3161 382 3234 Nos
393 3161 597 3254 landulfus,
617 3162 680 3235 Dei
696 3163 806 3256 gratia
821 3162 1031 3235 Cassinensis
1048 3162 1174 3252 abbas,
1194 3161 1409 3236 attendentes
1423 3172 1519 3258 grata
1533 3163 1675 3240 servitia

265 3307 336 3380 que
358 3307 440 3376 vos,
468 3287 594 3360 domne
622 3287 798 3360 Theodine
818 3295 853 3358 et
878 3287 1041 3380 magister
1060 3287 1159 3359 Petre
1179 3285 1291 3380 judex
1316 3296 1350 3358 et
1374 3287 1565 3378 advocatus
1589 3290 1675 3362 Cas·

265 3408 425 3500 cinensis,
436 3411 642 3482 monasterio
654 3420 771 3482 nostro
783 3418 819 3482 et
829 3410 930 3482 nobis
944 3409 1089 3482 fideliter
1101 3409 1309 3482 exhibuistis
1325 3420 1360 3483 et
1372 3411 1409 3482 iu
1420 3413 1565 3487 Domino
1578 3423 1675 3510 pote-

264 3533 337 3605 ritis
353 3533 537 3625 exhibere,
559 3535 683 3608 damus
698 3543 733 3606 et
749 3533 972 3608 concedimus
989 3535 1090 3607 vobis
1113 3543 1153 3606 ut
1167 3557 1287 3608 omnes
1306 3545 1412 3610 terras
1436 3560 1523 3632 quas
1544 3561 1564 3610 a
1583 3562 1670 3633 qua·

264 3677 403 3750 cunque
425 3678 572 3752 persona
601 3658 760 3752 aquisitis
788 3669 823 3730 et
848 3659 1006 3752 aquirere
1031 3659 1184 3753 poteritis
1211 3659 1246 3730 in
1274 3661 1425 3732 futurum
1452 3684 1673 3760 quocumque

264 3781 367 3853 modo
380 3780 416 3852 iu
430 3781 549 3854 castris
561 3791 595 3853 et
608 3791 697 3854 terra
714 3783 824 3878 ipsius
836 3783 1046 3870 monasterii,
1058 3783 1103 3856 de
1115 3783 1243 3877 quibus
1256 3786 1451 3858 terraticum
1461 3789 1519 3861 vel
1534 3790 1602 3862 alia
1618 3813 1673 3864 res

264 3901 409 3976 debetur
424 3905 629 3977 monasterio
646 3905 858 3997 cassinensi,
879 3905 1033 3978 habeatis
1051 3907 1087 3978 in
1108 3908 1247 3980 servitio
1261 3910 1344 4003 equi
1371 3912 1475 3984 vestri
1498 3923 1532 3986 et
1548 3914 1672 3988 liberas

264 4035 297 4098 et
318 4037 498 4122 exemptas
520 4029 565 4100 ab
592 4029 686 4102 omni
711 4029 779 4102 alio
804 4029 1020 4125 prestatiouis
1041 4052 1158 4104 onere.
1185 4031 1332 4105 Censum
1355 4035 1457 4108 etiam
1484 4037 1569 4112 libre
1593 4062 1671 4114 cere

262 4173 367 4244 quem
382 4173 446 4225 vos
471 4153 633 4248 magister
652 4154 750 4227 Petre
764 4153 909 4228 reddere
925 4155 1057 4228 debetis
1079 4157 1258 4228 annuatim
1277 4156 1322 4231 de
1340 4159 1540 4235 molendino
1555 4173 1670 4239 vestro

262 4273 308 4345 ad
322 4274 537 4347 llelosorinm
554 4276 590 4347 in
612 4275 684 4348 vita
707 4285 821 4348 vestra
841 4287 875 4350 et
898 4276 1045 4350 liliorum
1066 4288 1254 4352 vestrorum
1278 4283 1493 4370 relaxamus;
1514 4287 1670 4382 quinque

262 4397 365 4468 etiarn
382 4399 490 4472 socias
503 4397 555 4495 (a)
566 4399 610 4472 de
621 4409 710 4472 terra
725 4399 762 4471 in
779 4401 894 4474 limata
906 4403 1030 4474 Bentre
1046 4403 1145 4476 vobis
1162 4406 1251 4500 patri
1265 4415 1299 4478 et
1315 4407 1384 4480 tilio
1398 4409 1620 4484 concedimus
1635 4423 1671 4486 et

263 4519 521 4614 mutirmamus3
541 4521 665 4595 damus
677 4524 818 4620 iusuper
831 4536 866 4596 et
881 4526 1103 4600 concedimus
1119 4528 1219 4601 vobis
1234 4538 1268 4602 et
1283 4530 1469 4607 heredibus
1487 4538 1609 4610 vestris
1624 4538 1670 4612 ad

304 4690 346 4772 (a)
367 4693 481 4771 supro
494 4711 572 4756 sacar
584 4699 648 4758 slve
659 4714 762 4778 sepau
775 4699 881 4761 modus
893 4702 956 4779 agrt
970 4708 1090 4762 centum
1103 4703 1193 4781 pedes
1206 4703 1330 4768 habens.
