4278 5920
226 618 324 678 lsntcr.
344 615 405 692 112]
676 611 872 676 fllstostll
897 611 1192 678 nlrtollaulcl.
1579 615 1638 678 lts

227 749 367 845 superbi
384 745 499 820 fossati
522 746 707 842 supercilio
728 757 910 843 snperato,
933 768 1044 841 usqne
1065 746 1113 819 ad
1134 746 1329 822 tbemoncm
1351 747 1423 820 lere
1443 747 1568 820 carocii
1591 771 1638 822 ex

226 871 352 946 nostris
368 871 503 964 aliquos
521 868 673 942 vidimus
691 872 903 963 pervenisse.
924 870 1196 964 Superveniente
1213 877 1327 942 mmen
1345 869 1455 942 noctis
1475 870 1638 945 umbrosa

227 995 392 1089 caligine,
415 1001 582 1066 tentatum
605 1013 809 1086 aggressum
834 993 1030 1082 omisimus,
1055 991 1155 1064 etad
1176 991 1347 1085 quietem,
1371 1014 1477 1085 quam
1503 1003 1636 1066 nostro·

227 1139 304 1190 rum
319 1125 399 1190 vota
413 1115 650 1210 longissimam
667 1116 902 1210 suspirabant,
914 1115 1160 1204 concessimus,
1171 1114 1324 1206 disjectis
1334 1113 1384 1210 (a)
1399 1115 1637 1190 tantummodo

218 1239 369 1334 ¹gladiis,
388 1239 451 1312 sed
476 1239 602 1310 tunicis
629 1237 748 1310 ferreis
771 1260 839 1312 non
866 1238 1002 1326 exctis,
1027 1257 1130 1310 mane
1154 1237 1312 1329 sequenti
1337 1236 1384 1309 ad
1408 1237 1637 1312 indubitatam

227 1364 405 1436 victoriam
435 1362 561 1434 oarocii
588 1361 765 1434 redituri:
796 1362 892 1455 quod
918 1361 1125 1434 adveniente
1152 1363 1251 1448 lnce,
1285 1361 1373 1434 inter
1401 1363 1485 1434 alias
1513 1363 1637 1436 vilium

227 1508 392 1560 curmnm
421 1495 553 1558 turmas
580 1484 752 1558 desertum
789 1485 942 1578 qualibet
970 1485 1168 1558 defensione
1195 1485 1404 1578 reperimus,
1441 1487 1638 1558 summitate

226 1611 368 1706 pertiae,
391 1610 452 1681 ubi
470 1608 582 1680 crucis
609 1609 749 1702 signum
771 1609 931 1680 extiterat
954 1608 1155 1681 detruncata
1181 1634 1190 1679 :
1217 1629 1286 1702 que
1307 1630 1395 1680 crux
1419 1607 1523 1680 etiam
1550 1608 1637 1680 dum

227 1734 403 1807 videretur
432 1732 479 1805 ad
509 1733 627 1824 lugam
657 1731 869 1825 fugientibus
902 1752 1065 1821 onerosa,
1099 1731 1135 1802 in
1165 1731 1281 1804 medio
1314 1732 1429 1804 extitit
1456 1730 1634 1804 derelicta.

227 1857 381 1930 Castrum
395 1857 502 1927 etiam
521 1855 632 1928 Curtis
649 1856 767 1942 Nova,
786 1858 887 1948 cujus
907 1855 1097 1927 munimine
1119 1855 1214 1950 ipsos
1232 1855 1380 1950 impetus
1397 1867 1531 1929 nostros
1549 1877 1636 1928 eva-

221 1978 310 2052 'dere
326 1979 570 2068 credebamus,
586 1977 746 2051 custodes
758 1987 793 2051 et
809 1979 920 2051 incole
934 1978 1116 2071 reliquere.
1132 1980 1202 2051 Nec
1218 1989 1366 2074 potestas
1379 2001 1519 2067 eorum,
1538 1979 1638 2056 ducis

222 2105 435 2176 'Venetorum
465 2101 575 2191 filius,
604 2123 675 2196 qno
703 2101 794 2174 duce
826 2101 985 2193 lugubria
1018 2102 1118 2196 signa
1146 2103 1317 2191 tulerunt,
1348 2124 1473 2175 manus
1504 2115 1638 2176 nostras

227 2227 350 2299 evasit.
365 2227 407 2298 Et
421 2224 478 2320 (ut
489 2227 597 2298 multa
610 2226 677 2297 snb
691 2225 896 2320 compendio
911 2224 1177 2320 concludamus)
1191 2234 1264 2296 tum
1279 2225 1387 2319 capti,
1402 2234 1476 2296 tum
1492 2226 1635 2314 mortni,

223 2351 315 2422 inter
330 2371 418 2444 quos
432 2349 530 2421 multi
547 2347 853 2422 Mediolanensinm
870 2350 1033 2443 primates
1046 2357 1081 2421 et
1095 2349 1267 2444 principes
1281 2357 1500 2438 corrnerunt,
1517 2349 1638 2422 decem

229 2473 335 2545 millia
353 2475 425 2545 lere
444 2493 586 2544 numero
604 2481 856 2568 computantur.
879 2473 949 2544 Nec
970 2472 1152 2545 tamenab
1174 2471 1308 2566 antiqui
1329 2471 1491 2546 draconis
1513 2473 1639 2562 contri7

228 2595 322 2668 tione
346 2604 523 2690 propterea
545 2618 669 2668 manns
691 2605 809 2670 nostra
831 2595 991 2678 desistet,
1014 2596 1100 2688 quin
1121 2594 1255 2666 tamdiu
1278 2605 1381 2690 capnt
1403 2597 1479 2688 ejus
1502 2598 1548 2670 ad
1568 2598 1640 2670 im-

230 2718 315 2814 perii
331 2717 471 2791 laudem
487 2719 689 2807 allidamus,
705 2719 873 2814 quamdin
892 2718 1039 2791 caudam
1056 2717 1166 2813 ipsius
1180 2718 1347 2812 palpitare
1361 2719 1576 2808 videbimus,
1593 2743 1640 2796 cx

229 2863 299 2936 quc
323 2841 431 2936 possit
446 2862 551 2914 causa
573 2839 709 2914 dissidii
730 2842 894 2936 posteris,
919 2842 977 2913 vel
1002 2841 1105 2914 etiam
1122 2839 1324 2912 scandalum
1348 2844 1470 2914 ceteris
1493 2845 1636 2916 exoriri.

222 2966 339 3060 Super
362 2963 489 3058 quibus
510 2966 690 3058 omnibns,
717 2966 932 3038 sanctissime
950 2974 1059 3059 pater,
1079 2963 1206 3057 gratias
1223 2984 1286 3036 vos
1307 2973 1342 3036 et
1363 2967 1485 3038 tratres
1511 2979 1640 3040 vestros

230 3109 292 3183 pro
320 3089 420 3160 nobis
436 3091 617 3162 exsolvere
633 3088 681 3184 (b)
709 3089 853 3162 Domino
880 3089 961 3160 lesu
979 3087 1111 3160 Christo
1134 3086 1227 3159 filiali
1249 3088 1433 3161 devotione
1455 3111 1636 3183 rogamus,

231 3211 291 3304 qui
308 3232 411 3282 sunm
429 3211 666 3306 prosequendo
684 3212 888 3306 negocium,
908 3233 1047 3283 suorum
1070 3211 1253 3306 imperium
1273 3213 1458 3286 victoriose
1478 3213 1641 3286 sublimat

233 3341 265 3406 et
276 3334 422 3406 extollit.

277 3459 402 3531 Datum
419 3458 605 3551 Cremone,
629 3457 696 3530 XX
715 3457 758 3554 (i)
775 3457 988 3547 decembris,
1008 3457 1194 3531 indictione
1210 3459 1269 3530 xl·
1289 3458 1303 3556 (
1328 3458 1355 3554 ).

266 3655 315 3737 (a)
335 3659 419 3718 ntus
431 3655 588 3722 meaux.

272 3761 313 3842 (d)
335 3764 371 3824 ln
383 3765 484 3826 ccdlce
498 3773 577 3826 2954
590 3765 718 3844 legltnr:
734 3763 831 3844 Super
843 3761 947 3845 quim
963 3760 1210 3844 ememusque
1229 3761 1341 3842 pretias
1353 3764 1563 3826 sanctissimum
1578 3783 1639 3846 pu·
1735 3757 1738 3764 ’

229 3876 304 3978 ‚m
314 3887 458 3930 summum
465 3867 633 3950 pontificem
648 3874 676 3931 ct
688 3888 735 3932 ocu
742 3887 801 3950 pro
812 3868 893 3931 nobis
906 3867 1057 3930 accoluere.

266 4200 304 4272 (l)
321 4201 406 4258 Notae
416 4199 617 4274 chronologicae
630 4201 791 4258 exhibentur
804 4217 838 4258 ex
851 4202 912 4259 cod.
930 4201 999 4260 bibl.
1016 4203 1134 4260 univers.
1153 4200 1358 4272 Breslaviensis,
1374 4200 1454 4260 class.
1467 4203 1512 4274 lv,
1525 4213 1556 4260 n⁰
1566 4207 1635 4277 lut,

230 4297 309 4369 epist.
322 4301 349 4369 9,
360 4313 405 4370 ap.
413 4300 635 4371 Perductus„
647 4307 666 4356 t.
678 4301 731 4371 Vll,
745 4318 773 4374 p.
786 4302 849 4359 tat.
861 4303 922 4358 Non
936 4309 1027 4359 tamm
1041 4302 1148 4359 omnino
1157 4301 1246 4374 quoad
1257 4301 1329 4356 diem
1340 4301 1440 4358 mensis
1448 4307 1562 4375 spectat,
1574 4302 1635 4360 buic

230 4393 313 4450 codici
326 4393 522 4452 confidendum.
535 4397 604 4454 Dum
621 4413 719 4472 nempe
732 4403 805 4455 certo
825 4399 926 4455 certius
937 4399 1125 4472 imperatorem
1140 4399 1258 4456 Laudem
1276 4401 1309 4454 tt
1327 4398 1477 4456 doeembris
1489 4399 1635 4458 accessisse

230 4489 875 4570 discemus,necessedtutadbunclocump1u
887 4497 956 4567 XX,
971 4497 1091 4570 legamus
1104 4496 1151 4553 ΙΧ
1162 4495 1204 4554 rel
1218 4496 1263 4554 XI
1276 4494 1318 4552 vel
1332 4510 1473 4552 numerum
1483 4497 1573 4569 alium,
1588 4501 1638 4572 qui

230 4586 419 4650 duodecimum
434 4589 507 4647 diem
520 4592 669 4650 antecedat.
761 4597 764 4606 ¹

308 4809 348 4871 V.
1436 4822 1472 4874 19
