4350 5922
275 588 371 647 unser.
393 584 455 662 tu]
722 579 926 672 ursrours
945 556 1250 640 nrrnouarrcn'
1649 567 1686 628 re

274 720 507 818 posteritatem
528 725 679 792 nostram
703 717 970 811 universamque
998 715 1162 788 familiam
1185 721 1334 786 nostram
1358 711 1394 782 in
1422 707 1542 782 eodem
1568 727 1687 778 mona·

279 844 383 918 sterio
396 843 579 916 statuimus
589 842 739 936 sepeliri.
750 841 858 934 Hujus
872 842 921 914 rei
934 851 1037 914 testes
1048 849 1150 912 sunt:
1168 859 1282 912 comes
1295 834 1474 906 Hainricus
1489 831 1534 904 de
1546 831 1685 920 Sohala,

276 990 390 1040 cemes
407 965 616 1038 Chunradus
632 964 841 1054 dePilstciu,
858 987 973 1038 comes
987 963 1186 1060 Leupoldus
1203 963 1247 1034 de
1258 960 1417 1054 Plaigen,
1439 959 1517 1030 Otto
1537 955 1581 1029 de
1599 955 1688 1026 Len·

274 1091 450 1186 genpacb,
466 1090 600 1162 Ulricus
615 1087 661 1162 de
676 1087 828 1184 Asparn,
849 1089 928 1161 Otto
945 1087 990 1160 de
1007 1087 1185 1178 Aschaun,
1204 1083 1424 1156 Eberhardus
1446 1081 1490 1154 de
1508 1079 1687 1170 Rudnich,

276 1213 401 1286 Albano
416 1213 461 1286 de
479 1213 700 1305 Chunringeu
719 1223 753 1284 et
770 1211 862 1284 filius
873 1213 948 1304 ejus
960 1211 1154 1283 Hadmarus
1171 1217 1204 1280 et
1219 1209 1320 1280 irater
1335 1210 1410 1301 ejus
1422 1208 1553 1302 Reputo
1568 1203 1689 1277 castel·

276 1339 377 1410 lanus
387 1339 433 1410 de
450 1337 600 1410 Medliclr
614 1345 648 1408 et
663 1337 795 1432 Rapoto
808 1336 900 1408 filius
916 1338 1008 1428 ejus,
1030 1345 1065 1408 et
1078 1335 1157 1406 Otto
1173 1333 1218 1406 de
1235 1329 1543 1418 Pureharchsdorf‚
1558 1331 1690 1402 Wern-

276 1461 407 1535 hardus
432 1460 478 1534 de
494 1460 734 1553 llawansteiu‚
759 1460 894 1534 Ulricus
912 1460 1072 1556 Dapiler,
1093 1456 1297 1530 Bertholdus
1314 1455 1359 1528 de
1380 1456 1562 1544 lwanstal,
1586 1453 1691 1525 Hein-

277 1585 369 1658 ricus
387 1585 432 1658 de
449 1584 667 1676 Mistelbach,
685 1584 854 1658 lrniridus
875 1584 920 1658 de
937 1581 1186 1658 Gnunnendorl
1198 1591 1232 1654 et
1252 1581 1311 1654 alii
1326 1578 1582 1674 quamplurimi.
1605 1576 1691 1650 Acta

277 1719 358 1782 sunt
376 1709 442 1782 hec
459 1730 573 1781 eoram
594 1708 716 1780 illustri
742 1711 891 1804 conjuge
908 1717 1024 1780 nostra
1044 1705 1221 1780 Theodora
1244 1704 1381 1778 ducissa
1398 1703 1536 1776 Austris
1555 1711 1590 1774 et
1612 1700 1692 1772 filiis

277 1831 402 1904 nostris
426 1831 596 1927 Luipoldo
624 1840 659 1903 et
675 1831 822 1904 ilenrico
846 1852 980 1904 necnon
1004 1841 1038 1904 et
1065 1829 1134 1904 lilia
1153 1840 1268 1903 nostra
1290 1829 1434 1922 Agnete.
1456 1829 1552 1900 Hanc
1576 1835 1691 1900 aulem

278 1955 475 2049 supradicte
491 1954 688 2030 donationis
709 1977 751 2028 ac
777 1965 892 2028 nostre
909 1953 1178 2028 confirmationis
1198 1953 1359 2050 paginam
1382 1961 1574 2048 presentem
1589 1951 1692 2045 sigilli

278 2079 385 2151 nostri
403 2079 628 2174 impressione
648 2079 946 2152 corroboravimus
967 2101 1012 2152 ne
1030 2079 1155 2174 aliquis
1181 2087 1334 2150 nostrum
1355 2083 1493 2174 pactum
1511 2085 1694 2148 retractare

278 2202 407 2276 audeat
425 2204 482 2276 vel
507 2213 654 2276 mutare.
682 2205 768 2278 Data
786 2205 952 2294 Wienne‚
981 2225 1072 2276 anno
1094 2204 1139 2276 ab
1160 2204 1394 2277 incarnatione
1417 2201 1554 2274 Domini
1576 2200 1694 2274 MCLX

278 2325 407 2421 primo,
428 2327 461 2398 X
480 2327 647 2400 kalendas
666 2327 748 2402 maii
764 2327 829 2423 (l).

327 2451 396 2522 Nos
413 2450 519 2544 igitur
534 2451 596 2544 qui
623 2450 670 2524 ad
688 2451 926 2546 ampliandum
947 2451 1169 2524 ecclesiarum
1187 2459 1313 2524 statum
1332 2461 1367 2523 et
1383 2452 1538 2524 locorum
1556 2451 1694 2544 religio·

277 2595 398 2646 sorum
416 2573 677 2647 commoditates
694 2575 947 2671 augendaspio
959 2577 1078 2649 lavore
1094 2587 1263 2666 tenemur,
1282 2575 1502 2672 privilegium
1516 2575 1631 2670 ipsum
1650 2574 1695 2648 de

279 2699 388 2770 verbo
406 2698 453 2771 ad
474 2700 622 2773 verbum
641 2699 791 2794 presenti
814 2701 997 2796 privilegio
1014 2701 1118 2772 inseri
1131 2700 1316 2792 jussimus,
1335 2699 1557 2794 singulaque
1581 2700 1696 2771 conti-

277 2831 403 2894 nentur
418 2823 456 2893 in
473 2844 516 2896 eo
533 2823 578 2896 de
600 2825 770 2919 imperiali
790 2826 901 2919 gralia
921 2823 1173 2898 confirmantes.
1193 2825 1382 2897 Statuimus
1404 2825 1509 2917 igitur
1527 2833 1560 2894 et
1578 2824 1695 2918 impe-

277 2945 352 3016 riali
374 2946 550 3018 sancimus
570 2947 683 3020 edicto
712 2958 749 3020 ut
767 2951 859 3022 nulla
877 2971 1022 3044 persona
1047 2950 1115 3022 alta
1134 2951 1188 3020 vel
1209 2949 1370 3036 humilis,
1394 2948 1623 3020 ecclesiastica
1641 2948 1695 3020 vel

277 3070 456 3160 secularis,
475 3071 648 3166 predictos
660 3073 819 3148 abbatem
834 3084 869 3147 et
883 3084 1090 3148 conventum
1110 3073 1305 3146 monasterii
1320 3074 1486 3146 nominati
1500 3094 1603 3166 super
1619 3093 1696 3167 pre-

277 3193 392 3266 missis
414 3206 532 3268 contra
549 3199 715 3292 presentis
731 3199 904 3294 privilegii
922 3200 1027 3271 nostri
1044 3209 1197 3271 tenorem
1213 3219 1302 3270 ausu
1319 3197 1498 3270 temerario
1515 3196 1696 3268 molestare

277 3329 472 3412 presumat3
483 3321 644 3416 quodqui
656 3324 901 3420 presumpserit
916 3333 1052 3397 centum
1065 3324 1170 3395 libres
1181 3322 1257 3394 auri
1268 3330 1463 3417 componat,
1477 3321 1694 3394 medietatem

277 3437 363 3514 fiseo
386 3453 522 3537 nostro,
541 3446 674 3539 reliqua
699 3446 793 3520 dicto
811 3448 1020 3520 monasterio
1042 3445 1283 3542 persolvenda.
1303 3447 1345 3518 Ut
1359 3455 1475 3518 autem
1496 3444 1561 3518 hec
1579 3454 1696 3518 nostra

278 3563 456 3639 innovatio
474 3575 508 3640 et
524 3568 737 3644 confirmatio
754 3582 920 3669 perpetue
933 3571 1100 3646 firmitatis
1116 3572 1221 3646 robur
1234 3571 1402 3661 obtineat,
1425 3591 1567 3665 presens
1585 3569 1694 3664 privi-

278 3685 407 3780 legium
436 3687 508 3761 fieri
532 3700 565 3764 et
588 3692 682 3766 bulla
712 3715 818 3767 aurea
843 3695 967 3791 tipario
992 3706 1107 3769 nostre
1136 3695 1322 3789 majestatis
1345 3695 1512 3790 impressa
1527 3694 1695 3786 jussimus

279 3813 452 3900 insigniri.

329 3935 441 4026 Hujus
467 3937 516 4010 rei
542 3945 646 4011 testes
672 3950 778 4012 sunt:
802 3943 997 4037 patriarcha
1020 3942 1291 4038 AquilegiensiS‚
1311 3944 1347 4014 S.
1367 3941 1610 4036 liugandans,
1629 3940 1692 4012 Th.

281 4057 495 4132 Trevirensis
517 4071 551 4134 et
576 4063 617 4134 ll.
644 4065 904 4160 salzburgensis
925 4067 1188 4163 archiepiscopi,
1209 4069 1250 4140 Ε.
1279 4066 1575 4160 Babenbergensis
1598 4075 1632 4138 et
1656 4067 1691 4136 S.

280 4179 537 4276 Ratisponcnsis
553 4186 741 4282 imperialis
758 4191 838 4262 aule
851 4193 1072 4264 cancellarius
1089 4192 1261 4288 episcopi,
1279 4192 1320 4264 O.
1336 4191 1413 4266 dux
1427 4190 1585 4267 Bawarie
1600 4189 1695 4285 pala·

282 4439 774 4460 mmm—n·—
780 4452 798 4461 .-
806 4453 855 4461 ...ι
860 4453 960 4462 ...ο-..-
965 4453 1070 4461 -n--.
1076 4455 1086 4460 -.
1091 4452 1347 4461 ...vn-m*—

320 4605 354 4677 lt)
372 4607 430 4664 lloc
443 4607 551 4666 Raurici
570 4610 645 4670 ducis
661 4613 778 4688 diploma
798 4615 869 4689 typis
887 4615 1050 4689 impressum
1067 4631 1121 4673 non
1135 4613 1237 4689 absque
1251 4615 1343 4672 multis
1360 4615 1465 4673 mendis
1478 4613 1610 4689 reperitur
1625 4613 1696 4688 apud

284 4701 433 4775 Lunnwru,
448 4706 546 4782 liclia,
559 4713 578 4764 t.
595 4709 641 4780 lV,
654 4729 682 4784 p.
694 4714 756 4783 ill,
767 4719 848 4786 etap.
862 4714 925 4785 Psz,
937 4713 1001 4770 cod.
1012 4713 1079 4788 dipl.
1094 4713 1192 4770 histor.
1208 4716 1300 4788 epist.²
1315 4721 1334 4770 t.
1349 4713 1371 4786 1,
1386 4729 1414 4787 p.
1429 4714 1490 4771 te'l.

426 4881 446 4918 Ὀ
