4278 5920
229 594 328 655 lonttr.
349 592 408 677 tlt]
677 593 869 656 tttsrottla
896 591 1187 654 cletoltttrlctt.
1600 589 1640 652 ot

229 749 291 802 ano
306 727 433 802 cedant
448 749 541 800 anno
560 727 671 820 gratie
692 727 881 801 secundnm
899 726 1184 800 consuetudinem
1203 725 1359 799 ecclesie.
1376 725 1509 798 Titulus
1525 734 1640 797 antem

231 851 383 926 dioensis
405 850 548 924 ecclesie
577 850 719 923 domiuo
747 851 910 946 episcopo
936 849 1201 942 Nnenburgensi
1229 848 1275 922 de
1305 858 1419 921 cetero
1445 849 1642 921 nullatenus

229 971 457 1046 adscribatur.
477 972 770 1066 Nnenbnrgensos
783 972 885 1044 etiam
900 971 1173 1044 anniversarium
1185 971 1318 1043 Ottonis
1331 970 1545 1065 imperatoris
1563 971 1642 1042 lun·

230 1095 359 1169 damnis
387 1117 468 1168 cum
499 1095 617 1168 dehita
656 1095 892 1190 solempnitate
929 1115 1097 1190 peragere
1132 1095 1271 1168 debent.
1306 1095 1502 1188 Propositus
1539 1095 1642 1168 etiem

231 1219 381 1292 Cicensis
396 1219 479 1314 qnia
491 1231 543 1292 est
565 1219 824 1294 archidiaconus
839 1218 996 1314 ejusdem
1010 1219 1093 1306 loci,
1109 1227 1144 1291 et
1156 1218 1241 1290 alter
1255 1217 1530 1306 archidiaconus,
1547 1218 1645 1294 vide-

230 1344 307 1416 licet
324 1343 502 1416 Gorardns
523 1343 743 1432 cellersrins,
761 1352 796 1416 et
819 1366 866 1437 qn
902 1343 1033 1436 cispio
1051 1353 1204 1438 tempore
1227 1342 1262 1412 in
1281 1341 1403 1414 iisdem
1427 1341 1644 1415 archidiaco-

231 1467 369 1540 natibus
394 1468 623 1540 successerint
648 1489 728 1540 cum
760 1467 852 1540 clero
877 1466 1032 1562 ipsorum
1059 1465 1096 1536 in
1126 1465 1261 1562 synodo
1288 1465 1433 1538 solemni
1459 1465 1493 1538 in
1521 1465 1645 1540 dextro

232 1592 337 1664 latere
355 1591 463 1685 ipsius
487 1591 613 1686 synodi
632 1592 747 1664 locum
774 1590 900 1662 habere
920 1588 1068 1678 debent,
1094 1590 1142 1661 ita
1165 1588 1261 1682 qnod
1284 1591 1399 1662 nullus
1425 1589 1475 1662 eie
1493 1591 1646 1685 prelatos

232 1713 465 1807 adjungatur,
482 1723 595 1810 preter
613 1737 674 1810 pre
701 1715 827 1788 ositum
854 1713 969 1788 Sancti
987 1713 1150 1809 Stephani
1170 1713 1206 1783 in
1228 1713 1306 1786 Cice
1322 1714 1383 1807 qni
1409 1715 1528 1788 sedeat
1544 1717 1647 1810 juxta

233 1837 447 1932 prepositum
466 1838 657 1910 C'ccnsem.
688 1840 860 1912 Statntum
882 1846 934 1910 eet
963 1837 1066 1910 etiam
1095 1847 1134 1908 ut
1157 1835 1303 1932 predicti
1328 1837 1399 1910 dno
1428 1837 1647 1912 archidiaco-

234 1969 335 2034 natus
354 1971 522 2056 perpetno
540 1971 702 2036 maneant
715 1984 784 2058 apu
798 1961 811 2034 l
827 1961 1005 2035 ecclesiam
1019 1960 1212 2050 Cicensem,
1228 1959 1286 2032 alii
1300 1969 1414 2032 antem
1431 1960 1647 2036 archidiaco-

234 2093 335 2156 natus
346 2105 468 2156 omnes
482 2086 579 2181 apnd
598 2108 710 2160 canon
726 2109 786 2160 cos
804 2085 1084 2180 Xnenbnrgensis
1105 2083 1249 2156 ecclesie
1269 2105 1331 2178 per
1346 2085 1545 2180 episcopum
1563 2109 1649 2182 per·

235 2217 340 2302 petuo
359 2208 577 2282 locabuntur.
595 2212 767 2284 Statutum
795 2221 847 2284 est
868 2211 971 2284 etiarn
995 2207 1288 2303 quandocumque
1309 2209 1467 2282 Cicensos
1491 2213 1650 2284 canonici

236 2331 378 2402 veniant
396 2331 443 2404 ad
466 2333 640 2428 synodum
665 2335 877 2430 solempnem
902 2333 957 2406 vel
981 2332 1028 2406 ad
1054 2333 1242 2428 capitulum
1264 2332 1555 2428 Noenbnrgense,
1576 2336 1651 2410 sine

236 2453 402 2546 religione
414 2452 467 2548 (l)
486 2476 532 2528 no
584 2455 733 2530 debeant
755 2478 916 2551 compare
933 2479 965 2528 e.
993 2455 1079 2528 Acta
1106 2467 1187 2527 sunt
1215 2455 1280 2526 hec
1304 2455 1339 2526 in
1368 2459 1488 2550 majori
1509 2461 1652 2532 ecclesia

237 2577 473 2667 hemburch,
494 2601 586 2652 anno
608 2581 745 2653 Domini
767 2581 815 2652 hl.
838 2581 902 2652 CC.
919 2581 1034 2670 XXX,
1052 2600 1172 2651 mense
1198 2577 1381 2652 februario.
1405 2605 1423 2650 a
1447 2582 1537 2666 Quia
1559 2583 1651 2655 idem

238 2700 416 2772 arbitrium
430 2705 655 2798 approbatum
672 2715 724 2776 est
741 2687 932 2800 apartibus
948 2714 981 2776 et
1004 2713 1197 2798 receptum,
1221 2704 1389 2796 majestati
1407 2717 1521 2778 vestre
1545 2707 1653 2780 devo·

238 2823 367 2897 tissime
385 2825 622 2922 supplicamus
638 2839 809 2922 qnatenus
825 2829 940 2924 ipsum
957 2827 1125 2922 imperiali
1145 2827 1348 2902 auctoritate
1364 2829 1556 2924 dignemini
1570 2854 1654 2906 con·

240 2947 387 3022 firmare.

286 3074 355 3146 Nos
380 3074 497 3170 itaque
521 3075 582 3169 qni
613 3075 760 3171 pacifico
785 3077 1009 3149 ecclesiarum
1035 3076 1138 3148 statui
1164 3075 1347 3170 providere
1374 3087 1530 3150 tenemur
1555 3089 1590 3151 et
1619 3080 1654 3152 in

241 3217 359 3267 earum
377 3197 571 3271 corcordia
583 3199 793 3272 delectamur
808 3223 878 3295 que
894 3201 938 3272 de
949 3222 1012 3272 sue
1026 3197 1207 3272 fertilitatis
1225 3207 1323 3272 utero
1342 3199 1486 3274 devotos
1504 3203 1603 3275 nobis
1621 3214 1655 3275 et

241 3319 385 3414 imperio
413 3321 528 3414 paruit
558 3323 595 3394 in
622 3324 781 3418 prelatis,
813 3347 843 3419 p.
854 3325 1044 3398 edictorum
1077 3323 1241 3419 prepositi
1269 3332 1304 3395 et
1330 3323 1449 3398 decani
1482 3327 1656 3422 totiusque

241 3441 400 3537 Cpoensis
426 3445 572 3518 ecclesia
603 3445 745 3544 capituli
773 3446 876 3540 justis
910 3445 1221 3542 supplicationibus
1249 3457 1461 3540 annuentes,
1493 3449 1656 3546 inspectis

242 3587 379 3660 qnoque
402 3567 703 3644 confirmationihu
748 3571 942 3666 Apostolioe
968 3567 1067 3642 Sedis
1089 3578 1124 3640 ct
1148 3567 1264 3640 dilecti
1290 3570 1455 3666 principis
1479 3573 1584 3644 nostri
1609 3575 1653 3646 Α.

243 3690 447 3763 venerabilis
459 3692 767 3789 Magdohnrgensis
780 3694 1027 3788 archiepiscopi
1046 3692 1295 3787 metropolitani
1308 3715 1449 3786 eorum,
1467 3718 1537 3790 qne
1553 3719 1657 3792 super

243 3813 364 3886 eodem
380 3815 523 3887 arbitrio
541 3826 623 3888 sunt
639 3817 795 3910 obtente,
814 3819 946 3892 dictum
962 3817 1159 3907 arbitrium,
1176 3826 1279 3911 prout
1291 3838 1382 3910 eque
1397 3817 1504 3892 latum
1520 3831 1572 3893 est
1587 3831 1621 3894 et
1635 3843 1658 3894 a

244 3937 397 4030 partibus
410 3940 637 4034 approbatum
650 3995 660 4033 ,
674 3943 879 4015 auctoritate
891 3941 1075 4036 imperialis
1093 3939 1254 4012 culminis
1267 3940 1435 4014 duximus
1451 3941 1657 4019 confirman-

243 4057 346 4150 dnm;
363 4061 481 4134 lavore
493 4063 659 4158 precipuo
670 4081 916 4160 prosequentes
929 4075 967 4138 ut
979 4067 1082 4158 juxta
1101 4064 1196 4160 quod
1213 4063 1356 4139 dictavit
1367 4067 1561 4160 arbitrium,
1577 4069 1657 4142 titu-

244 4183 296 4254 lus
321 4183 484 4280 Cpeensis
505 4189 651 4262 ecclesie
673 4190 834 4285 episcopo
855 4190 1136 4284 Nuenburgensis
1162 4192 1304 4263 ecclesie
1328 4193 1525 4266 nullatenus
1550 4194 1656 4268 ascri·

244 4306 355 4378 betur.
375 4307 431 4381 Ad
452 4308 516 4382 hec
538 4314 707 4407 presentie
723 4314 841 4410 scripti
859 4314 1064 4388 mandamus
1088 4314 1201 4387 edicto
1228 4316 1366 4410 penitus
1380 4317 1600 4412 prohibentes
1620 4330 1657 4391 nt

246 4430 337 4502 nullo
358 4451 502 4524 persona
525 4433 682 4508 sublimis
705 4439 762 4510 vel
792 4437 951 4528 humilis,
978 4437 1208 4510 ecclesiastica
1238 4441 1293 4512 vel
1317 4440 1514 4534 mundana,
1538 4452 1657 4516 contm

285 4707 320 4780 (ι)
338 4707 369 4764 ld
382 4717 426 4766 est
438 4711 497 4769 riae
508 4712 644 4786 rellptoeir
654 4717 831 4773 volumentis.
846 4715 886 4774 Cl.
901 4716 1034 4774 humero
1047 4717 1080 4772 od
1093 4716 1206 4772 verbnm
1220 4717 1373 4789 rsttptuscr.

324 4805 363 4868 V.
1462 4823 1496 4876 ra
