4350 5922
347 694 444 752 rane.
463 691 525 769 aa]
795 687 992 750 nrsronrn
1016 684 1309 749 nrrnonarrcs
1678 635 1681 640 ¹
1737 686 1759 750 a

348 826 447 898 triam
465 824 592 896 iaciant
604 821 793 918 deportari,
809 823 900 896 sicut
912 844 975 896 use
985 831 1066 894 suut
1080 823 1293 918 temporibus
1307 819 1485 916 quondum
1502 819 1759 917 ducisLupoldi

348 949 463 1024 dilecti
492 947 660 1044 principis
688 947 813 1036 nostri,
844 947 1029 1020 observare
1056 946 1101 1018 de
1127 956 1243 1018 nostra
1269 946 1379 1039 gratia
1408 945 1644 1040 dignaremur.
1674 943 1760 1016 Cum

349 1073 454 1168 igitur
470 1093 591 1146 omnes
610 1071 729 1145 fideles
746 1080 881 1144 nostros
906 1079 941 1144 et
958 1071 1122 1166 precipue
1138 1091 1302 1166 personas
1319 1073 1389 1144 Deo
1407 1069 1539 1144 dicatas
1562 1069 1707 1142 velimus
1722 1069 1761 1140 in

348 1199 421 1271 suis
434 1199 573 1290 juribus
592 1217 634 1269 ac
648 1195 842 1290 approbatis
857 1194 1168 1268 consuetudinibus
1184 1195 1379 1286 observari,
1399 1195 1473 1269 suis
1484 1194 1587 1288 justis
1601 1194 1762 1290 precibus

350 1329 562 1410 annuentes,
583 1319 798 1392 universitati
816 1327 931 1392 vestre
947 1319 1158 1414 precipimus
1174 1328 1209 1390 et
1221 1317 1428 1392 mandamus
1444 1327 1617 1413 qnatenus
1629 1339 1763 1414 preme-

351 1453 516 1518 moratam
530 1443 741 1516 abbatissam
754 1451 790 1516 et
802 1451 1012 1516 conventum
1030 1439 1152 1514 fideles
1165 1449 1301 1516 nostras
1318 1451 1389 1516 tam
1405 1441 1442 1514 iu
1460 1440 1640 1515 advocatia
1657 1463 1762 1536 quam

309 1579 313 1590 ”
352 1571 387 1642 in
405 1569 509 1642 rebus
521 1568 730 1641 victualibus
742 1566 887 1640 ecclesie
899 1588 963 1640 suc
974 1565 1208 1662 deportandis,
1221 1567 1310 1640 sicut
1325 1566 1537 1662 temporibus
1549 1565 1633 1640 dicti
1646 1587 1765 1660 quon·

353 1691 433 1766 dam
451 1693 552 1765 ducis
572 1691 717 1788 Lupoldi
734 1689 851 1764 dilecti
873 1690 1037 1788 principis
1062 1692 1168 1764 nostri
1192 1691 1283 1767 bone
1302 1692 1465 1766 memorie
1489 1699 1761 1782 consueverunt,

353 1816 535 1889 molestare
556 1817 754 1888 nullatenus
778 1814 997 1910 presumatis.
1026 1814 1128 1900 Quod
1151 1815 1213 1910 qui
1233 1815 1478 1910 presumpserit
1493 1813 1765 1908 indignationem

353 1939 459 2013 nostri
474 1938 635 2011 culminis
652 1960 690 2012 se
709 1937 844 2012 noverit
861 1937 1095 2011 incursurum.
1111 1937 1167 2012 Ad
1180 1939 1286 2032 hujus
1307 1939 1426 2032 itaque
1447 1937 1497 2012 rei
1510 1938 1710 2011 memoriam
1732 1946 1767 2011 et

355 2063 531 2136 roboreis
552 2063 589 2134 in
607 2069 784 2158 posterum
807 2062 997 2137 valiturum
1018 2083 1160 2159 presens
1185 2062 1351 2158 scriptum
1375 2061 1449 2135 lieri
1463 2061 1631 2156 jussimus
1652 2061 1766 2154 sigillo

354 2196 469 2260 nostro
480 2187 666 2258 munitum.

401 2312 526 2384 Datum
540 2309 636 2406 apud
650 2311 865 2406 Wyennam,
881 2331 974 2384 annc
990 2308 1163 2383 dominice
1180 2308 1425 2384 iucarnationis
1441 2308 1622 2382 millesimo
1636 2307 1767 2384 ducen-

355 2434 476 2508 tesimo
489 2434 661 2510 tricesimo
678 2443 796 2528 sexto,
818 2454 939 2507 mense
948 2433 1117 2528 ianuarii,
1136 2434 1270 2508 decime
1286 2433 1497 2509 indictionis.

592 2757 1383 2770 Munna—ffl-
1403 2762 1456 2769 ...-
1463 2759 1537 2771 ...o-

408 3053 640 3164 Fridcricus,
664 3055 926 3140 Romanorum
948 3056 1168 3168 imperator,
1189 3055 1366 3140 abbatem
1389 3057 1437 3140 de
1464 3056 1631 3142 Chotwio
1647 3055 1770 3167 (Got-
1815 3095 1958 3153 aseae.

1798 3163 1859 3207 nan,
1867 3150 1977 3206 ianuario.

357 3184 474 3296 wich)
494 3186 534 3268 in
552 3188 706 3271 dustria
726 3214 816 3272 oum
838 3188 1068 3272 monasterio
1095 3188 1177 3298 ejus
1201 3188 1273 3272 sub
1296 3214 1407 3271 suam
1432 3197 1470 3271 et
1495 3188 1644 3298 imperii
1671 3215 1770 3298 pro-

356 3319 558 3402 tectionem
585 3319 740 3428 recipit,
772 3321 962 3404 mandans
988 3333 1031 3404 ut
1066 3320 1196 3404 nullus
1224 3321 1273 3404 sit
1299 3320 1366 3422 qui
1393 3319 1504 3403 illum
1532 3319 1573 3402 in
1600 3320 1712 3405 bonis
1735 3333 1774 3405 et

354 3448 507 3559 juribus
524 3451 727 3536 molestare
744 3463 976 3563 praesumat.

439 3715 535 3789 (lidii.
550 3718 582 3777 ln
598 3715 730 3780 Chaonio.
749 3717 1173 3798 sormam.,tom.1,ltb.11,
1188 3733 1252 3795 cap.
1272 3725 1320 3795 tr,
1333 3735 1365 3795 p.
1381 3725 1452 3797 tat,
1466 3733 1505 3778 ex
1517 3717 1674 3778 iac-simile
1686 3733 1774 3796 super

478 3822 621 3900 originale
634 3823 820 3902 deprompto.
837 3824 933 3904 sigilli
946 3823 1043 3884 torma
1056 3823 1177 3884 insimul
1189 3821 1370 3902 exhibetur.)

408 4047 630 4140 Fredericus,
647 4051 710 4124 Dei
731 4053 842 4146 gratia
856 4054 1090 4127 Romanorum
1108 4054 1291 4149 imperator
1308 4071 1444 4148 semper
1466 4061 1653 4147 augustus,
1672 4055 1775 4127 leru-

361 4173 467 4245 salem
484 4185 518 4245 et
540 4174 654 4246 Sicilie
666 4195 743 4248 rcx.
761 4177 826 4250 Per
843 4198 986 4273 presens
1001 4179 1170 4275 scriptum
1188 4186 1308 4249 notum
1328 4175 1404 4248 fieri
1419 4177 1583 4250 volumus
1601 4179 1775 4252 universis

361 4297 493 4391 imperii
507 4297 669 4372 fidelibus
684 4311 752 4372 tam
769 4303 987 4396 presentibus
1002 4325 1108 4397 quam
1125 4303 1250 4374 tuturis
1267 4300 1363 4396 quod
1383 4322 1447 4374 uos
1463 4301 1694 4376 venerabilem
1710 4305 1774 4378 ab·

360 4420 475 4494 batem
493 4420 538 4494 de
551 4422 707 4497 Chotwic
725 4424 863 4500 fidelem
880 4437 1047 4520 nostrum,
1062 4426 1309 4500 monasterium
1322 4426 1452 4520 ipsum,
1466 4447 1629 4520 personas
1643 4427 1774 4502 ibidem

362 4543 507 4618 Domino
524 4541 730 4622 famulantes
742 4573 823 4622 cum
839 4551 940 4624 bonis
950 4561 985 4626 et
996 4553 1135 4645 juribus
1152 4552 1225 4624 suis
1237 4573 1306 4646 que
1312 4551 1406 4642 juste
1420 4559 1537 4623 tenent
1549 4561 1585 4623 et
1597 4551 1776 4648 possident

362 4675 398 4740 et
413 4667 449 4739 in
467 4679 568 4744 antea
589 4673 683 4765 justo
708 4675 945 4770 acquisitionis
963 4677 1061 4749 titulo
1079 4685 1241 4773 poterunt
1255 4674 1420 4771 adipisci,
1440 4673 1560 4748 divine
1576 4697 1775 4753 remunera·

362 4787 464 4863 donis
479 4791 608 4867 intuitu
623 4818 695 4892 quo
707 4819 870 4894 personas
881 4801 953 4873 lieo
966 4799 1100 4874 dicatas
1115 4800 1332 4896 respicimus,
1348 4799 1415 4872 sub
1428 4809 1578 4873 nostram
1592 4809 1626 4875 et
1638 4801 1774 4900 imperii
