4224 5898
223 599 322 661 laurea
341 596 406 676 ta]
670 595 866 658 HISTORIA
890 594 1181 658 ntrnotttutca
1569 595 1627 662 33I

224 733 289 804 lica
313 739 514 826 occupatam
540 731 616 822 ejus
629 729 699 821 juri
722 731 869 804 restituit
886 741 920 805 at
942 730 1135 818 libertatem
1159 730 1423 804 ecclesiasticam
1445 733 1481 802 ln
1504 741 1631 807 statum

225 855 409 950 pristinum
434 863 469 926 et
495 852 651 926 debitum
678 855 887 928 reformavit.
906 855 935 926 Ο
953 856 1085 928 utinam
1107 855 1172 927 ists
1195 855 1373 929 falsidicus
1394 864 1482 928 esset
1499 857 1555 928 vir
1569 858 1632 931 ba·

225 979 312 1052 bans
342 973 519 1074 spiritnml
554 977 583 1050 0
609 978 739 1051 utinam
767 979 873 1072 hujus
898 980 1083 1074 propositio
1112 978 1268 1050 laisitatIs
1296 1001 1420 1052 verum
1456 980 1634 1055 habuisset

225 1083 408 1176 eventum!
433 1102 546 1197 Ipsius
561 1123 645 1175 veru
667 1103 844 1196 negotium
856 1103 951 1197 quod
970 1125 1032 1198 per
1052 1103 1285 1176 venerabilem
1306 1104 1442 1176 tratrem
1465 1104 1635 1200 archiepi-

227 1245 370 1321 scopum
382 1226 616 1298 Ravennatem
643 1226 688 1298 de
704 1226 927 1300 restituendis
947 1227 979 1300 ei
998 1236 1033 1300 et
1051 1227 1143 1300 dicto
1164 1225 1321 1298 Conrado
1341 1227 1481 1317 juribus
1493 1227 1576 1322 ipsis
1598 1230 1634 1300 in

228 1368 334 1440 reguo
354 1349 662 1444 Hierosolymitano
679 1350 861 1424 subtractis
878 1350 1076 1424 ordinatum
1094 1351 1218 1440 luerat,
1238 1369 1301 1422 nos
1319 1349 1506 1442 quamcito
1524 1350 1636 1424 delata

229 1472 339 1566 potuit
362 1474 536 1544 numerari
559 1475 722 1568 pecunia,
745 1475 975 1566 destruxisse3
995 1473 1158 1547 fidelibus
1172 1469 1272 1570 [suis]
1289 1495 1377 1566 quos
1393 1494 1462 1546 non
1484 1475 1560 1547 sine
1580 1497 1636 1548 ec·

231 1595 410 1668 etesiarum
435 1595 607 1670 incendiis
629 1605 664 1669 et
686 1598 864 1670 homiuum
889 1599 1061 1692 stragibus
1085 1597 1218 1668 hostilis
1244 1595 1446 1668 devastabat
1470 1598 1635 1689 insultus,

228 1718 340 1813 ipsius
364 1719 585 1793 interdixisse
608 1742 809 1792 succursum
831 1730 866 1793 et
882 1721 928 1794 ob
946 1721 984 1793 id
1003 1742 1065 1795 nos
1088 1721 1251 1792 nuntium
1268 1721 1420 1792 noluisse
1437 1720 1493 1792 vel
1513 1721 1639 1793 litteras

232 1841 421 1932 destinare,
444 1843 632 1916 contrarius
657 1845 793 1916 veritati
819 1845 1053 1939 conqueritur.
1075 1841 1126 1915 Ac
1144 1843 1322 1916 Civitatem
1349 1843 1495 1915 Castelle
1522 1852 1641 1916 contra

231 1964 375 2038 formam
394 1966 489 2061 pacis
505 1975 539 2038 et
553 1969 695 2040 fratrum
713 1969 855 2040 consilia
867 1969 903 2038 in
920 1969 973 2039 sui
984 1968 1072 2060 J'uris
1089 1964 1321 2062 prejudicium
1338 1965 1485 2039 detineri
1503 1988 1524 2038 a
1541 1966 1641 2039 nobis

233 2089 305 2160 suis
325 2110 468 2161 exarare
496 2090 614 2163 litteris
639 2092 726 2186 stylo
748 2090 920 2164 mendacii
950 2111 1018 2162 non
1043 2099 1192 2162 veretur.
1214 2089 1420 2183 Quanquam
1448 2100 1563 2162 autem
1589 2090 1642 2162 his

233 2209 405 2306 figmentis
432 2212 567 2285 modica
594 2215 721 2286 veritas
750 2213 950 2286 intermixta
972 2212 1106 2307 aliquid
1134 2213 1255 2285 coloris
1282 2213 1437 2305 adjiciat,
1465 2223 1505 2283 ut
1530 2222 1643 2285 tamen

234 2337 384 2431 apertius
409 2335 606 2430 intelligatis
633 2338 728 2429 qnod
757 2346 887 2410 tanum
915 2337 1020 2429 bajas
1048 2337 1233 2408 commenti
1258 2337 1380 2408 seriem
1409 2358 1478 2408 non
1510 2337 1645 2410 modIca

235 2459 391 2530 salsitatis
408 2457 556 2552 adjectio
579 2459 765 2548 decolorat,
787 2462 908 2534 scitote
934 2481 998 2555 pro
1025 2469 1117 2532 certo
1146 2458 1359 2552 quodcum,
1385 2459 1474 2532 sicut
1489 2483 1583 2531 nunc
1598 2483 1645 2533 ex

234 2591 426 2677 temporum
450 2591 579 2656 eventu
601 2585 831 2677 cognoscitur,
853 2585 999 2657 discrete
1012 2584 1117 2656 menti
1136 2583 1324 2655 verIsimile
1337 2581 1515 2654 videretur
1530 2584 1645 2678 ipsum
1676 2651 1679 2658 ,

236 2705 281 2778 de
295 2706 497 2778 Lombardis
515 2729 616 2778 suum
639 2709 751 2802 potius
770 2710 935 2804 consequi
954 2708 1166 2804 propositum
1183 2707 1355 2801 potuisse,
1375 2707 1404 2778 si
1420 2729 1459 2780 se
1477 2707 1543 2780 illis
1559 2731 1646 2802 quos

235 2829 439 2923 populorum
458 2831 685 2904 numerositas
702 2833 988 2926 profunditasque
1015 2831 1204 2922 vallorum,
1233 2841 1442 2904 armatorum
1477 2833 1577 2927 copia
1606 2855 1646 2906 ac

235 2973 410 3024 murorum
429 2953 545 3026 reddit
572 2957 716 3028 altitudo
733 2959 903 3048 munitos,
923 2956 1059 3050 pietatIs
1076 2963 1253 3048 parantem
1273 2954 1489 3026 exhibuisset
1516 2965 1550 3027 et
1573 2957 1646 3028 ole-

237 3075 364 3147 mentIe
381 3076 561 3148 dominum
587 3081 742 3172 quamsi
768 3081 994 3152 trementibus
1017 3099 1079 3173 pro
1097 3078 1200 3172 culpa
1227 3077 1385 3171 imposita
1410 3077 1558 3150 subditis
1584 3080 1646 3150 ul-

236 3197 340 3270 tionis
364 3211 482 3274 exerto
506 3223 669 3275 mucrone
698 3204 859 3275 terribilis
888 3211 1081 3275 occurreret
1096 3202 1131 3272 ln
1154 3201 1272 3273 cuneis
1288 3211 1515 3292 armatorum,
1536 3203 1568 3274 ci
1584 3224 1647 3275 nos

235 3321 296 3415 qui
314 3322 408 3394 bona
423 3323 519 3418 pacis
541 3346 730 3419 procurare
754 3336 923 3419 tenemur,
942 3326 1035 3398 bona
1054 3325 1123 3398 lide
1139 3325 1313 3396 suasimus
1331 3335 1370 3395 ut
1381 3335 1511 3397 armate
1525 3327 1646 3399 militie

236 3445 364 3517 omisso
381 3455 524 3538 terrore,
543 3447 610 3520 sub
623 3447 832 3522 indictarum
848 3449 1032 3522 omissione
1047 3469 1217 3544 penarum
1234 3455 1267 3518 et
1284 3445 1531 3520 beneficiorum
1549 3449 1646 3523 obla·

236 3567 329 3640 tione
359 3569 435 3640 illos
459 3568 504 3640 ad
530 3569 665 3664 imperii
693 3572 915 3646 devotionem
934 3572 1127 3646 reduceret.
1153 3571 1220 3655 Qui
1247 3571 1311 3642 atsi
1338 3570 1375 3640 iu
1404 3571 1647 3646 Lombardiam

237 3691 375 3764 lamulis
393 3693 538 3787 stipatus
551 3695 742 3767 inermibus
760 3698 919 3788 accessit,
937 3698 1020 3791 quia
1037 3704 1152 3768 tamen
1169 3693 1304 3765 consilii
1320 3692 1432 3766 fidelis
1448 3695 1589 3788 oblitus,
1611 3697 1648 3768 in

237 3824 368 3908 partem
395 3815 674 3890 Cremonensium
697 3818 806 3909 cadit,
827 3829 921 3892 actor
947 3821 1056 3891 lactus
1079 3828 1132 3890 ast
1149 3817 1354 3905 schismatis,
1376 3817 1589 3913 scissamque
1610 3820 1647 3892 in

239 3935 428 4012 dIscordias
453 3941 693 4014 lombardiam
718 3943 839 4015 lortius
855 3942 1011 4016 solndsre
1030 3951 1065 4015 at
1079 3940 1386 4015 Mediolanensesa
1404 3963 1442 4014 se
1460 3943 1647 4016 terroribus

239 4069 274 4132 et
291 4061 393 4134 minIs
411 4063 550 4154 abIgere
577 4065 721 4157 studuit,
749 4089 837 4162 quos
852 4075 968 4140 tamen
985 4066 1130 4139 adversa
1150 4072 1248 4159 parte
1262 4064 1309 4138 ad
1327 4065 1494 4136 unitatem
1514 4067 1648 4142 trabere

239 4185 355 4278 potius
380 4184 502 4258 debuit
523 4189 559 4259 in
579 4191 734 4263 funiculo
758 4192 951 4282 charitatis3
973 4211 1042 4262 non
1059 4189 1223 4283 estquod
1244 4199 1359 4261 nostra
1381 4188 1570 4284 imputetur
1594 4193 1649 4264 iu-

235 4309 398 4381 nocentie
415 4310 445 4381 si
462 4314 723 4405 spe-frustratus
740 4315 775 4385 in
791 4315 953 4410 Apuliam
971 4314 1086 4401 rediit,
1106 4315 1181 4408 ipso
1200 4313 1273 4408 spei
1290 4321 1454 4406 concepta
1473 4313 1647 4386 interitum

241 4443 457 4524 procurante.
477 4435 557 4507 Post
572 4436 637 4510 bec
654 4459 760 4532 snper
780 4439 922 4512 tuitione
939 4439 1105 4510 libertatis
1118 4435 1349 4510 ecclesiastice
1364 4444 1399 4507 et
1415 4457 1519 4531 super
1540 4437 1648 4510 extir-

240 4555 357 4648 panda
375 4557 525 4632 heretica
543 4561 710 4654 pravitate
726 4563 850 4636 nostris
865 4563 1087 4658 beneplacitis
1101 4570 1259 4657 paratum
1274 4581 1311 4632 se
1326 4559 1468 4650 obtulit;
1487 4559 1533 4633 ad
1544 4581 1649 4655 quem

239 4677 419 4754 recurrens
444 4683 555 4756 littera
583 4694 697 4758 nostra
723 4687 899 4782 respondit
922 4687 1019 4781 quod
1044 4709 1124 4760 cum
1158 4685 1194 4758 in
1217 4706 1327 4778 regno
1354 4704 1418 4756 suo
1442 4683 1504 4755 nbi
1531 4684 1648 4757 nullus
