4242 5904
229 604 329 663 lentur.
348 603 409 679 ll.]
671 602 877 700 lllSTOlllll
897 597 1192 660 ulphottarlca
1584 601 1638 664 191

230 735 370 830 Siquis
396 743 511 807 autem
539 757 627 809 ausu
654 736 832 810 temerario
861 743 978 807 contra
1005 733 1070 804 hec
1094 739 1209 804 nostre
1232 729 1453 803 sublimitatis
1481 749 1642 830 precepta

229 859 349 932 venire
369 861 623 955 presumpserit,
644 862 790 956 agretia
804 868 919 932 nostra
939 857 1102 930 exclusus
1115 877 1157 928 ac
1173 855 1359 950 imperialis
1377 855 1483 927 banni
1501 857 1642 932 vinculo

229 983 273 1054 sit
287 983 473 1056 innodatus
489 993 523 1056 et
540 1005 630 1078 pena
644 985 898 1079 quinquaginta
911 981 1076 1054 librarum
1090 979 1166 1052 auri
1183 977 1357 1073 purissimi
1377 979 1638 1071 condemnatus,

227 1127 376 1198 quarum
402 1106 517 1180 media
541 1129 621 1201 pars
650 1106 733 1179 fisco
759 1105 946 1201 imperiali,
979 1101 1117 1174 residua
1145 1097 1307 1197 episcopo
1329 1101 1641 1199 Gratianopolitane

226 1229 447 1302 exhibeatur.
470 1231 513 1303 Ut
536 1231 601 1304 hec
627 1251 712 1304 vero
736 1239 809 1304 rata
832 1230 996 1322 deinceps
1020 1235 1054 1300 et
1076 1226 1280 1298 inconvulsa
1303 1225 1416 1298 eidem
1440 1229 1584 1302 ecclesie
1606 1241 1641 1304 et

225 1355 301 1446 ejus
327 1353 489 1448 episcopo
514 1355 724 1450 quicumque
747 1355 794 1426 ibi
818 1375 880 1449 pro
907 1363 1060 1448 tempore
1079 1349 1180 1423 fuerit
1204 1349 1450 1438 observentur,
1473 1354 1640 1446 presentis

226 1476 399 1569 privilegii
428 1477 591 1572 paginam
623 1479 767 1550 fecimus
796 1476 877 1549 inde
906 1473 1074 1548 conscribi
1108 1485 1141 1546 et
1169 1494 1274 1546 aurea
1307 1482 1422 1546 nostre
1453 1477 1639 1568 majestatis

226 1599 322 1672 bulla
338 1601 490 1672 roborari
508 1601 652 1673 testibus
669 1601 840 1674 annotatis
861 1599 922 1693 qui
941 1607 1021 1672 sunt
1042 1597 1226 1669 Guiraldus
1241 1597 1368 1692 primas
1383 1598 1634 1692 Lugdunensis,

228 1723 305 1797 Odo
326 1723 530 1796 Valentinus
553 1724 757 1820 episcopus,
783 1726 884 1816 Ilugo
909 1720 1094 1794 Verdensis
1123 1720 1326 1816 episcopus,
1352 1721 1454 1815 Hugo
1480 1723 1556 1795 dux
1580 1725 1639 1796 Di·

226 1848 354 1938 rionis,
375 1846 575 1922 Guillelmns
594 1869 709 1922 comes
731 1849 947 1936 Valentinus,
967 1845 1176 1916 Hnmbertus
1194 1845 1238 1916 de
1254 1845 1440 1938 Bellojoco,
1461 1847 1573 1939 Guigo
1594 1847 1639 1922 dc

226 1973 435 2063 Rossilione,
463 1975 551 2046 Boso
573 1972 725 2046 decanos
742 1973 959 2060 Viennensis
985 1971 1184 2043 Guillelmus
1212 1970 1474 2044 archidiaconus
1496 1975 1638 2069 Lugdu-

227 2097 360 2188 nensis,
378 2097 544 2170 Girardus
559 2097 715 2170 Adimari
734 2097 779 2170 de
797 2097 962 2180 Montilio,
981 2105 1016 2168 et
1033 2095 1092 2168 alii
1108 2095 1344 2189 quamplures.

273 2345 347 2438 Ego
373 2345 582 2436 hucbertus,
610 2345 672 2416 Dei
694 2345 804 2435 gratia
826 2344 1030 2416 Viennensis
1057 2343 1334 2438 archiepiscopus
1360 2351 1394 2416 et
1417 2343 1515 2438 regni
1534 2346 1638 2418 totius

225 2468 424 2560 Burgundie
439 2469 775 2556 archicancellarius,
801 2467 1001 2561 recognovi.

273 2591 359 2664 Acta
376 2602 457 2664 sunt
473 2593 538 2665 hec
558 2615 651 2666 anno
678 2593 848 2666 dominice
869 2591 1113 2664 incarnationis
1138 2590 1318 2664 millesimo
1347 2594 1534 2664 centesimo
1557 2615 1635 2688 sep·

223 2717 416 2810 tuagesimo
432 2726 573 2806 octavo,
590 2715 777 2790 indictione
790 2713 994 2804 undecima,
1011 2723 1175 2807 regnante
1191 2712 1330 2786 domino
1346 2712 1542 2806 Frederico,
1563 2719 1635 2789 lio-

223 2860 405 2911 manornm
425 2839 630 2936 imperatore
655 2838 917 2934 gloriosissimo,
946 2859 1037 2908 anno
1059 2837 1157 2930 regni
1181 2839 1256 2930 ejus
1280 2837 1448 2910 vicesimo
1473 2841 1631 2934 septimo,

221 2961 356 3057 imperii
372 2973 487 3036 autem
501 2963 669 3036 vicesimo
686 2963 820 3057 quinto,
840 2962 993 3034 feliciter.
1017 2961 1140 3032 Amen.

270 3087 395 3159 Datum
408 3087 504 3184 apud
522 3087 744 3180 Lugdunum,
762 3085 1004 3159 terciodecimo
1021 3085 1183 3158 calendas
1201 3083 1419 3178 septembris.
1530 3115 1532 3120 ¹

268 3211 338 3283 Nos
355 3211 463 3304 igitur
480 3212 540 3306 qni
557 3213 665 3284 Deum
684 3211 850 3282 habemns
874 3232 935 3304 pre
956 3209 1065 3281 oculis
1086 3217 1120 3280 et
1144 3230 1308 3303 personas
1329 3208 1576 3282 ecclesiasticas
1592 3233 1633 3283 ac

221 3335 453 3408 ecclesiastica
484 3337 559 3408 loca
591 3335 699 3430 ipsius
725 3336 850 3404 intuitu
890 3355 931 3406 ac
962 3333 1175 3405 humanitate
1207 3332 1307 3404 nobis
1338 3345 1544 3427 suggerente
1582 3337 1633 3407 fo-

221 3479 362 3548 vemus,
389 3459 603 3532 attendentes
631 3458 734 3531 fldem
761 3480 882 3552 puram
913 3467 949 3550 et
976 3457 1194 3529 devotionem
1217 3457 1384 3529 sinceram
1413 3479 1518 3552 quam
1548 3481 1633 3554 pre-

222 3581 334 3654 dictus
365 3581 697 3678 Gratianopolitanus
723 3583 906 3676 episcopus
941 3581 986 3652 ad
1019 3583 1229 3674 majestatem
1259 3588 1469 3652 nostramet
1495 3604 1632 3655 sacrum

220 3705 404 3800 imperium
423 3707 543 3797 habet,
571 3705 681 3802 ipsius
698 3726 837 3800 quoque
854 3705 1163 3799 supplicationibus
1181 3704 1354 3794 inclinati,
1374 3705 1535 3778 eumdem
1553 3708 1632 3802 epi-

220 3849 363 3923 scopum
398 3851 531 3901 necnon
564 3839 599 3902 et
625 3829 973 3922 Gratianopolitanam
1008 3828 1188 3900 ecclesiam
1223 3849 1302 3899 eum
1336 3829 1498 3901 omnibus
1530 3831 1631 3904 bonis

219 3954 292 4024 suis
314 3955 381 4025 sub
408 3955 616 4048 protectione
643 3964 677 4026 et
707 3953 905 4026 defensione
933 3951 1092 4024 culminis
1115 3951 1221 4024 nostri
1247 3952 1439 4045 recepimus
1469 3955 1627 4048 speciali,

219 4077 487 4172 suprascriptum
515 4077 734 4173 privilegium
757 4077 831 4150 divi
856 4077 993 4170 augusti
1019 4076 1230 4171 imperatoris
1255 4075 1422 4149 frederici
1444 4079 1501 4149 avi
1523 4079 1630 4151 nostri

219 4201 391 4273 indultum
420 4203 570 4274 antefato
597 4202 720 4274 Ioanni
744 4201 979 4296 predecessori
1004 4222 1068 4272 suo
1100 4199 1144 4273 de
1172 4201 1356 4294 imperialis
1385 4203 1630 4296 preeminentie

218 4325 327 4418 gratia
346 4324 598 4398 confirmantes.
618 4325 806 4396 Statuimus
822 4346 904 4418 ergo
921 4333 955 4395 et
974 4323 1142 4418 imperiali
1162 4324 1335 4395 sancimus
1351 4324 1465 4398 edicto
1482 4337 1518 4397 ut
1535 4328 1630 4399 nulla

218 4467 362 4540 persona
378 4449 447 4522 alta
464 4449 520 4521 vel
538 4449 692 4540 humilis,
708 4448 939 4520 ecclesiastica
952 4449 1008 4520 vel
1025 4447 1202 4535 secularis,
1221 4449 1408 4542 sepefatum
1428 4449 1630 4544 episcopum

219 4569 569 4668 Gratianopolitanum
584 4575 640 4646 vel
656 4595 872 4646 successores
895 4594 977 4645 suos
994 4581 1112 4644 eontra
1134 4573 1299 4668 presentis
1324 4573 1496 4667 privilegii
1523 4575 1630 4645 nostri

218 4703 368 4770 tenorem
386 4719 474 4770 ausu
493 4698 673 4773 temerario
689 4699 865 4773 offendere
878 4719 939 4771 seu
952 4698 1154 4796 perturbare
1167 4698 1222 4771 vel
1237 4698 1418 4770 molestare
1435 4707 1625 4793 presumat3
