4228 5892
345 545 347 552 “
468 537 527 600 356
966 531 1178 593 ΗΠΒΕΜΕΙ
1199 528 1369 593 securint
1686 523 1766 608 [Ass.
1785 524 1875 588 me.-

466 674 598 767 prelato
609 667 770 764 hospitali
785 666 920 739 dudum
936 666 1121 738 clementer
1135 663 1272 736 indulta
1284 661 1367 734 hnic
1380 669 1496 731 nostro
1509 657 1690 752 privilegio
1708 657 1754 730 de
1769 657 1877 730 verbo

466 796 512 870 ad
535 793 681 866 verbum
703 790 807 862 inseri
824 790 1008 880 jussimus,
1033 789 1148 860 omnia
1169 809 1241 883 qne
1260 785 1478 859 continentur
1500 781 1537 852 in
1557 781 1608 854 eis
1626 781 1671 854 de
1689 781 1878 877 imperialis

466 914 715 1012 proeminentia
730 913 840 1007 gratia
865 911 1122 1002 confirmantes,
1145 929 1251 1005 supra
1276 908 1332 979 illa
1356 904 1517 978 videlieet
1538 923 1608 997 que
1633 903 1784 976 feudalia
1807 925 1877 976 non

465 1048 547 1112 sunt
563 1039 621 1111 vel
639 1034 765 1109 nostris
784 1033 932 1106 servitiis
952 1033 1112 1126 obligata.
1139 1035 1189 1104 De
1211 1028 1453 1104 abundantiori
1475 1047 1617 1122 qnoque
1640 1026 1878 1100 munificentie

465 1169 580 1233 nostre
598 1159 707 1254 gratia
727 1155 949 1229 concedimus
967 1165 1002 1226 et
1021 1153 1264 1226 confirmamus
1283 1152 1443 1248 hospitali
1458 1152 1590 1247 prelato
1607 1171 1727 1223 omnes
1743 1171 1878 1246 posses·

464 1283 579 1356 siones
601 1291 635 1354 et
655 1283 749 1353 bona
767 1288 939 1373 quatenns
955 1279 1049 1368 justo
1068 1278 1166 1350 titulo
1186 1277 1312 1373 adepta
1331 1297 1407 1349 esse
1424 1275 1650 1348 dinoscuntur
1668 1283 1701 1346 et
1718 1275 1755 1346 in
1772 1284 1877 1347 antea

464 1406 618 1500 quolibet
627 1406 721 1498 justo
736 1403 834 1474 titulo
848 1410 1009 1496 poterunt
1025 1400 1183 1495 adipisci,
1201 1410 1270 1472 tam
1286 1399 1448 1472 videlicet
1465 1398 1501 1468 in
1518 1397 1612 1469 cuma
1624 1397 1821 1470 Cameliacii
1831 1396 1878 1470 ds

464 1529 609 1600 Florano
625 1548 729 1620 quam
751 1526 787 1596 in
805 1525 890 1598 locis
911 1523 987 1596 aliis
1009 1524 1071 1617 qui
1089 1545 1137 1596 ex
1154 1523 1388 1596 contractibus
1404 1521 1440 1592 in
1458 1521 1562 1611 hujus
1580 1521 1743 1593 terminos
1760 1531 1797 1594 et
1813 1542 1876 1616 per

464 1649 602 1724 ultimas
612 1651 805 1721 voluntates
816 1644 1044 1744 [devenerunt
1055 1644 1102 1744 ?],
1119 1657 1152 1718 et
1162 1646 1355 1742 specialiter
1364 1667 1490 1718 novem
1502 1645 1672 1718 bubulcas
1682 1655 1772 1718 terre
1785 1667 1875 1740 quas

463 1773 500 1844 in
511 1772 725 1868 pertinentiis
732 1769 922 1861 formiginis
930 1767 975 1864 (l)
984 1769 1189 1844 Mutinensis
1199 1769 1291 1841 lilius
1299 1768 1476 1864 qnondam
1486 1767 1603 1862 Egidii
1612 1768 1781 1842 Manbedi
1790 1789 1875 1841 oon·

462 1918 586 1970 versus
603 1893 780 1988 hospitalis
800 1893 956 1984 ejusdem
980 1893 1016 1963 in
1036 1891 1167 1964 dictum
1189 1892 1361 1964 transtulit
1383 1891 1572 1986 hospitale,
1597 1891 1663 1964 nisi
1685 1892 1873 1987 possessio-

463 2041 546 2106 nes,
563 2018 655 2090 bona
671 2025 705 2088 et
722 2024 810 2087 terre
823 2016 914 2108 ipse,
934 2014 1024 2086 sicut
1039 2013 1170 2086 dictum
1189 2023 1241 2086 est
1258 2015 1437 2108 superins,
1453 2013 1607 2086 feudalia
1620 2015 1690 2086 sint
1705 2014 1761 2086 vel
1779 2014 1875 2087 enrie

463 2149 580 2213 nostre
605 2139 760 2212 serviciis
785 2137 949 2230 obligata.
968 2136 1197 2209 concedimus
1225 2138 1328 2208 etiam
1359 2147 1396 2208 ut
1418 2137 1519 2210 liceat
1538 2137 1697 2233 hospitali
1718 2139 1870 2233 prefato,

462 2261 634 2356 magistris
653 2271 688 2334 et
706 2260 898 2334 rectoribus
911 2257 1068 2352 ejusdem
1084 2281 1148 2332 nec
1166 2281 1235 2332 non
1258 2259 1433 2332 conversis
1447 2270 1483 2333 et
1499 2259 1665 2334 ordinatis
1680 2261 1753 2333 suis
1769 2263 1874 2335 aralia

462 2407 543 2467 sua,
566 2385 688 2474 blava,
703 2383 848 2474 vinum,
873 2383 1007 2470 oleum,
1027 2383 1120 2472 sale,
1147 2403 1283 2472 carnes,
1309 2402 1486 2454 oorramen
1507 2393 1542 2455 et
1560 2403 1781 2477 quecumque
1804 2385 1874 2457 alia

461 2508 642 2604 hospitalis
669 2507 873 2602 ipsiusque
904 2505 949 2578 de
976 2505 1077 2578 bonis
1104 2506 1261 2598 ejusdem
1292 2505 1421 2580 habent
1450 2516 1485 2578 et
1515 2507 1708 2601 percipiunt
1737 2515 1799 2579 ant
1827 2529 1874 2580 ex

462 2636 659 2728 elemosyna
671 2630 934 2704 misericorditer
942 2631 1138 2724 acquirunt,
1144 2653 1205 2726 per
1218 2632 1416 2723 Lucensem,
1428 2631 1603 2722 Pisanum,
1611 2631 1870 2722 vulterranum,

462 2755 724 2842 Pistoriensem,
741 2755 976 2845 Luenensem,
995 2755 1228 2840 Parmensem,
1245 2756 1431 2848 Reginum,
1450 2755 1699 2842 Mutinensem,
1715 2755 1873 2829 Mantua·

461 2901 566 2971 num,
586 2879 837 2951 Bononiensem
857 2879 1073 2974 episcopatus
1092 2894 1127 2952 et
1148 2878 1322 2952 districtus
1340 2889 1375 2952 et
1396 2879 1527 2974 ubique
1546 2899 1608 2974 per
1624 2877 1808 2974 imperinm
1826 2877 1873 2952 ad

461 3003 582 3077 domos
605 3012 640 3076 et
659 3003 821 3098 grangias
843 3024 925 3076 suas
948 3003 1057 3076 libere
1083 3013 1118 3076 et
1143 3025 1265 3076 secure
1288 3013 1424 3099 portare
1445 3004 1579 3098 absque
1604 3003 1870 3098 impedimento,

460 3127 621 3222 passagio
636 3127 693 3200 vel
710 3126 826 3222 aliqua
842 3127 997 3212 molestia
1015 3147 1238 3222 personarum
1253 3136 1288 3200 et
1300 3149 1435 3218 rerum,
1451 3127 1500 3215 ita
1518 3137 1632 3200 tamen
1645 3127 1741 3221 qnod
1757 3148 1799 3199 ea
1815 3125 1873 3198 vel

461 3247 507 3322 de
523 3248 608 3344 ipsis
624 3247 671 3322 ad
692 3257 798 3322 terras
819 3259 1014 3323 nostrornm
1032 3251 1209 3324 rebellium
1233 3253 1290 3324 vel
1311 3250 1358 3324 ad
1379 3250 1523 3324 rebelles
1541 3259 1674 3324 nostros
1691 3249 1873 3323 nemmem

460 3371 535 3468 ipsa
548 3372 691 3445 minime
705 3371 913 3445 deterantur.
930 3372 1156 3448 concedimus
1168 3396 1307 3470 quoque
1319 3375 1478 3470 hospitali
1487 3363 1652 3472 jamdicto
1664 3395 1727 3470 pro
1741 3374 1872 3446 molen·

461 3494 554 3569 dinis
569 3497 642 3568 suis
661 3496 769 3568 libera
785 3517 915 3592 pascua
932 3518 994 3592 per
1013 3498 1137 3570 claram
1150 3507 1185 3570 et
1200 3499 1349 3571 insulam
1365 3498 1497 3590 Sitnlle,
1517 3497 1686 3591 liceatque
1701 3497 1872 3590 eiaqnam

461 3639 507 3691 ex
525 3619 601 3713 ipso
622 3619 765 3690 llnmine
782 3619 903 3692 Sitnlle
919 3629 954 3692 et
973 3620 1116 3694 tluminc
1133 3621 1331 3696 Cestelionis
1349 3625 1454 3715 juxta
1477 3631 1602 3694 terram
1619 3621 1791 3694 Mansonis
1808 3641 1871 3715 per

461 3747 568 3810 terras
591 3760 672 3810 snas
695 3738 888 3812 conducere
909 3740 954 3812 ad
974 3763 1059 3814 usus
1083 3751 1118 3814 et
1141 3743 1321 3816 utilitatem
1344 3743 1618 3816 molendinorum
1640 3763 1779 3814 suornm
1802 3761 1871 3835 qne

460 3860 589 3934 habent
605 3862 660 3934 vel
680 3862 830 3934 construi
848 3863 973 3935 facient
988 3863 1024 3935 in
1041 3864 1199 3938 districtu
1219 3865 1388 3939 lliriberie
1406 3873 1442 3938 et
1458 3865 1562 3938 curiis
1574 3865 1693 3938 Noceti
1714 3874 1748 3936 et
1766 3862 1869 3936 domo

460 3983 652 4077 llansonis,
669 3985 743 4057 sine
765 3985 983 4059 incommodo
1005 3997 1118 4060 tamen
1140 3988 1278 4082 publico
1300 3998 1336 4062 et
1357 3989 1511 4062 evidenti
1528 3987 1717 4084 prejudicio
1734 3985 1870 4060 ricino-

460 4129 550 4180 rum.
576 4108 769 4180 Statnentes
796 4117 831 4180 et
856 4109 1023 4205 imperiali
1050 4113 1242 4185 sancientes
1269 4111 1383 4186 edicto
1404 4123 1576 4206 quatenns
1603 4111 1699 4183 nulla
1724 4130 1870 4206 persona

459 4231 528 4303 alta
559 4231 615 4302 vel
640 4229 802 4316 humilis,
835 4233 1063 4307 ecclesiastica
1089 4236 1145 4307 vel
1169 4237 1361 4328 secularis,
1389 4237 1484 4308 nulla
1513 4235 1635 4308 civitas
1667 4235 1869 4328 nullumque

461 4375 643 4426 commune
652 4353 858 4446 jamdictum
867 4355 1047 4451 hospitale,
1060 4359 1251 4454 magistros,
1261 4369 1410 4432 rectores
1417 4361 1473 4433 vel
1485 4358 1661 4432 ordinatos
1669 4358 1744 4450 ejus
1752 4364 1868 4430 eontra

460 4475 630 4571 presentie
661 4475 832 4572 privilegii
862 4487 1013 4552 tenorem
1042 4501 1130 4553 ausu
1157 4481 1338 4558 temerario
1364 4483 1574 4578 inquietare,
1601 4481 1780 4555 molestare
1805 4500 1867 4552 seu

461 4601 663 4695 perturbare
685 4611 871 4697 presumat.
900 4603 1001 4688 Quod
1022 4605 1083 4698 qui
1102 4607 1348 4702 presumpserit
1365 4606 1637 4702 indignationem
1661 4604 1768 4679 nostri
1791 4603 1867 4677 cnl-
