4278 5920
284 533 382 592 laorcr.
401 533 463 610 to]
730 531 926 594 HISTORIA
951 531 1241 594 DIPLOMATICA.
1651 529 1691 592 8³

286 663 499 772 scriptionis
517 661 680 745 absoluit
700 663 821 747 donee
842 665 883 744 in
902 664 1052 748 servitio
1076 691 1146 746 suo
1168 663 1394 772 morabitur,
1415 689 1460 746 ca
1477 661 1692 746 conditione

284 796 387 905 quod
414 795 447 876 si
469 796 543 878 hoc
565 795 764 879 intervallo
788 797 1011 905 compositio
1037 797 1262 882 intervenire
1286 822 1363 878 non
1381 795 1535 904 poterit,
1558 795 1691 877 cadem

285 927 554 1037 pmscriptione
570 937 743 1011 teneatur
761 929 951 1011 astrictus.

363 1126 486 1205 (luedlt
501 1145 540 1189 cx
560 1113 720 1207 exemplarl
738 1131 825 1206 culus
838 1128 925 1190 uobis
940 1129 1100 1191 liberaliter
1112 1132 1228 1208 coplam
1245 1129 1316 1190 lectt
1333 1129 1371 1190 cl.
1387 1130 1434 1192 vir
1450 1127 1608 1190 Staellnus.
1625 1129 1692 1193 Ori·

401 1235 498 1312 ginale
510 1235 661 1312 quondam
675 1235 856 1313 smegma,
866 1241 967 1312 posim
980 1238 1013 1296 ln
1026 1237 1146 1297 archivo
1158 1236 1284 1297 Budensl
1297 1241 1481 1296 asservatum
1494 1233 1690 1313 nuncabcst.)

329 1402 537 1494 Fridericus,
555 1405 618 1480 Dei
638 1405 748 1500 gratia
768 1407 999 1478 Romanorum
1023 1408 1206 1502 imperator
1225 1427 1359 1502 semper
1383 1416 1569 1500 augustus,
1588 1408 1692 1479 Jeru-

284 1527 384 1599 salem
400 1537 434 1599 et
447 1529 563 1602 Sicilie
577 1550 653 1600 rex.
671 1531 734 1602 Per
752 1549 893 1623 presens
912 1529 1078 1624 scriptum
1095 1541 1212 1602 uotum
1229 1530 1372 1602 iacimus
1391 1529 1575 1620 universis,
1595 1529 1690 1624 quod

284 1650 460 1724 Conradus
483 1651 529 1726 dc
556 1653 772 1725 Stralauberc
794 1649 948 1726 dictante
974 1655 1142 1726 sententia
1169 1653 1380 1750 proscriptus
1401 1654 1510 1724 luerat
1533 1654 1579 1726 ad
1601 1676 1693 1747 quc-

285 1779 460 1851 rimoniam
478 1775 686 1850 venerabilis
704 1778 916 1852 Elwaceusis
939 1777 1074 1850 abbatis
1091 1777 1205 1852 dilecti
1228 1779 1391 1874 principis
1416 1779 1539 1868 nostri,
1564 1799 1626 1874 pro
1650 1799 1692 1850 eo

288 1901 379 1996 quod
396 1910 547 1974 castrum
565 1901 780 1975 Straleubero
796 1903 832 1974 iu
851 1901 958 1975 luudo
978 1901 1122 1974 ecclesie
1143 1923 1206 1974 sue
1224 1903 1431 1994 construxit,
1457 1913 1491 1976 et
1507 1904 1692 1997 requisitus

286 2047 346 2122 per
374 2047 456 2098 eum
482 2025 585 2118 juxta
612 2023 815 2097 mandatum
840 2035 1011 2112 nostrum,
1040 2025 1151 2097 uoluit
1177 2035 1217 2098 ut
1236 2024 1359 2098 debuit
1379 2025 1575 2100 emandare.
1603 2026 1693 2111 Quia

284 2149 412 2244 juravit
428 2148 546 2222 venire
561 2149 740 2222 uobiscum
758 2147 795 2221 iu
814 2151 944 2222 Italiam
972 2149 1007 2220 in
1031 2149 1178 2222 servicio
1201 2159 1316 2223 nostro
1339 2157 1373 2223 ct
1398 2149 1545 2245 imperii,
1568 2159 1602 2222 et
1629 2171 1692 2222 ex·

286 2272 446 2368 pcdiebat
474 2293 555 2346 eum
583 2293 605 2344 a
626 2272 874 2368 proscriptione
896 2273 1029 2346 absolvi
1054 2272 1164 2345 donec
1185 2295 1264 2346 cum
1287 2273 1361 2346 aliis
1387 2271 1546 2347 fidelibus
1571 2273 1694 2346 uostris

287 2395 320 2468 iu
344 2405 461 2468 nostro
486 2394 625 2468 servitio
651 2397 860 2486 morabitur,
885 2397 1097 2470 absolvimus
1117 2417 1197 2469 eum
1224 2419 1246 2471 a
1271 2397 1411 2470 vinculo
1438 2397 1695 2494 proscriptionis

287 2519 440 2612 ejusdem
456 2541 503 2592 ex
519 2528 659 2592 nuncet
677 2519 788 2592 donec
805 2521 842 2592 in
858 2521 1005 2594 servicio
1019 2528 1134 2593 nostro
1150 2520 1265 2612 luerit,
1284 2529 1409 2616 etpost
1426 2519 1574 2594 reditum
1592 2542 1694 2592 suum

288 2643 330 2716 ad
347 2665 412 2716 sex
427 2643 653 2739 septimanas,
676 2643 733 2716 tali
753 2643 914 2718 videlicet
930 2644 1126 2718 conditione
1141 2641 1236 2739 quod
1251 2653 1400 2717 castrum
1417 2643 1452 2714 in
1471 2665 1512 2717 eo
1527 2652 1618 2716 statu
1634 2645 1691 2732 sit,

288 2769 409 2864 inquo
433 2789 527 2840 nunc
547 2777 617 2860 ast,
637 2768 740 2840 nullis
760 2768 837 2841 aliis
863 2768 1009 2842 edificiis
1032 2768 1077 2842 de
1104 2789 1196 2842 novo
1220 2767 1459 2841 construendis
1484 2767 1634 2860 ibidem,
1661 2778 1695 2841 et

289 2891 379 2987 quod
394 2891 511 2965 medio
525 2899 699 2986 tempore,
720 2891 750 2964 si
767 2893 910 2987 poterit,
931 2915 1010 2966 cum
1034 2892 1160 2965 abbate
1176 2900 1377 2987 componat,
1397 2891 1445 2964 ita
1464 2901 1502 2963 ut
1525 2890 1570 2964 de
1586 2913 1695 2986 ques-

289 3015 376 3089 tione
392 3037 454 3088 sua
472 3015 538 3088 sibi
557 3024 694 3111 reputet
717 3017 928 3089 satisfactum
951 3025 985 3089 ct
1011 3016 1097 3088 alias
1115 3016 1317 3107 satisfaciat,
1337 3015 1529 3088 secundum
1551 3019 1695 3089 lormam

289 3139 378 3214 curia
395 3148 435 3211 ut
449 3139 675 3235 proscriptus,
701 3148 737 3213 et
753 3141 804 3214 sic
827 3141 902 3237 ipse
927 3141 964 3213 iu
985 3153 1085 3215 antea
1103 3149 1301 3236 permaneat
1323 3137 1515 3214 absolutus.
1539 3141 1641 3228 Quod
1665 3143 1695 3214 si

290 3265 485 3361 compositio
502 3263 709 3338 intervenire
728 3286 797 3337 non
816 3265 941 3360 poterit
963 3265 1108 3337 termino
1131 3272 1327 3360 pretaxato,
1347 3273 1424 3360 post
1441 3265 1595 3360 elapsum
1622 3276 1694 3339 ter-

290 3387 416 3459 minum
438 3387 560 3461 eadem
583 3388 829 3483 proscriptione
848 3397 1004 3461 teneatur
1027 3388 1197 3462 astrictus.
1221 3385 1277 3461 Ad
1299 3388 1399 3481 cujus
1418 3389 1467 3462 rei
1495 3389 1693 3462 memoriam

290 3532 424 3606 presens
442 3512 607 3607 scriptum
625 3510 699 3584 fieri
716 3523 749 3585 at
766 3511 879 3604 sigillo
894 3521 1010 3584 nostro
1022 3512 1190 3604 J'ussimus
1205 3511 1423 3583 communiri.

332 3635 417 3706 Data
439 3633 535 3729 apud
557 3635 710 3730 Spirum,
737 3655 829 3707 anno
855 3634 1027 3708 dominica
1052 3635 1295 3708 incarnationis
1323 3635 1504 3708 millasimo
1529 3635 1693 3709 ducente·

292 3757 370 3830 simo
383 3757 553 3831 tricesimo
566 3757 726 3854 septimo,
744 3778 863 3831 meuse
874 3757 979 3852 junii,
996 3757 1129 3831 decime
1144 3757 1352 3831 indictionis.

338 4341 537 4452 Cipriauus
559 4345 608 4428 de
631 4346 788 4452 Theate,
810 4346 929 4456 judex
951 4347 1158 4458 imperialis
1182 4345 1310 4456 aulae,
1335 4347 1497 4432 vicarius
1525 4347 1690 4432 Simonis

290 4473 431 4558 comitis
450 4477 620 4561 Theatini
639 4478 786 4587 imperii
813 4479 928 4590 legati
949 4492 988 4564 et
1008 4481 1204 4590 potestatis
1221 4481 1393 4588 Paduae,
1412 4481 1594 4590 praecipit
1610 4507 1689 4590 po-

291 4608 408 4691 testati
434 4619 472 4692 et
493 4611 802 4696 ambaxaton'bus
825 4611 1033 4725 Coneglaui
1054 4623 1098 4698 ut
1118 4641 1179 4698 res
1202 4623 1372 4724 acceptas
1394 4615 1442 4696 dc
1468 4611 1569 4696 villis
1593 4614 1689 4698 Gol-

1754 4349 1859 4402 Padusa,

1755 4403 1781 4446 to
1790 4405 1859 4458 juull.
