4350 5922
475 571 518 633 eo
916 535 920 542 ⁴
978 578 1196 641 rurnuurcr
1221 577 1397 639 sucurrnr
1703 578 1782 655 [crs.
1802 577 1887 640 rear.

474 707 569 778 tinus
585 728 701 782 comes
717 711 820 804 llcni,
839 714 1060 787 Bernhardus
1082 714 1157 786 dux
1175 713 1371 802 Kerinthie,
1391 712 1434 783 u.
1453 711 1667 806 lantgravius
1682 712 1885 806 Thuringie,

474 830 579 902 irater
611 833 654 904 fl.
682 836 891 908 venerabilis
916 838 1080 931 magister
1105 837 1231 910 domus
1255 838 1378 908 Sancte
1402 835 1507 908 illarie
1532 835 1821 909 Teuthouicorum
1851 837 1887 908 in

474 955 684 1047 Jerusalem,
707 957 910 1032 Gottilridus
933 960 978 1032 de
996 959 1195 1046 liobeuloh,
1221 957 1446 1030 burccravius
1468 957 1758 1052 deNuremberc,
1776 960 1887 1032 etalii

473 1080 712 1173 quamplures.

521 1203 668 1296 Signum
689 1203 821 1276 domini
840 1205 1004 1278 Friderici
1021 1207 1182 1293 secundi,
1208 1206 1271 1278 Dei
1288 1206 1397 1300 gratia
1415 1205 1646 1277 Romanorum
1674 1205 1887 1300 imperatoris

472 1346 608 1419 semper
624 1327 782 1421 augusti,
803 1329 990 1400 Jerusalem
1004 1340 1039 1400 et
1056 1329 1170 1402 Sicilie
1189 1329 1281 1420 regis
1298 1327 1535 1422 gloriosissimi
1547 1326 1834 1424 (iimwpromma).

519 1447 604 1522 Acta
620 1459 702 1522 sunt
725 1451 789 1522 hcc
810 1473 903 1524 anno
919 1451 1093 1526 dominice
1110 1452 1354 1524 incarnationis
1373 1451 1554 1523 millesimo
1571 1449 1807 1523 ducentesimo
1825 1451 1885 1522 tri-

471 1574 597 1646 cesimo
614 1573 777 1668 septimo,
798 1597 916 1648 meuse
938 1577 1122 1667 februarii,
1143 1575 1276 1648 decime
1296 1575 1515 1666 indictionis,
1538 1573 1727 1668 imperante
1743 1573 1885 1648 domino

470 1707 586 1770 nostro
602 1698 776 1772 Friderico
793 1698 965 1790 secundo,
981 1701 1043 1772 Dei
1060 1701 1168 1794 gratia
1185 1699 1412 1772 invictissimo
1429 1699 1662 1771 Romanorum
1681 1698 1884 1792 imperatore

468 1841 605 1916 semper
628 1831 794 1915 auguste,
825 1821 1013 1895 Jerusalem
1039 1833 1074 1895 et
1099 1822 1215 1895 Sicilie
1243 1844 1342 1916 rege,
1372 1821 1509 1916 imperii
1539 1821 1615 1913 ejus
1639 1842 1730 1892 auno
1758 1830 1882 1895 octavo

468 1945 619 2037 decimo,
640 1945 736 2038 regui
755 1945 942 2018 Jerusalem
958 1945 1182 2038 duodecimo,
1200 1947 1297 2038 regni
1312 1966 1396 2018 vero
1411 1944 1527 2017 Sicilie
1543 1945 1716 2017 tricesimo
1737 1955 1878 2036 octavo,

464 2070 619 2144 feliciter.
639 2067 764 2140 Amen.

513 2195 639 2266 Datum
657 2193 825 2284 Wicnue,
840 2215 949 2282 cuno,
965 2215 1082 2267 mense
1096 2203 1130 2266 ct
1144 2193 1332 2266 indictione
1345 2193 1470 2288 prescri
1476 2193 1554 2288 ptis.

709 2531 775 2541 ⁸¹¹—-
790 2533 825 2540 --n-
832 2533 847 2540 ι·
854 2534 862 2540 -
868 2535 915 2542 —=-·
927 2528 1634 2542 ι-ι-α-ο--οι--ι--οοιι-«σιιαιωκ--σ--ι--ιη-

281 2859 401 2958 pm·
514 2830 751 2935 Friderious‚
791 2831 1050 2915 Romanorum
1086 2831 1310 2939 imperator,
1343 2827 1584 2938 privilegium
1623 2825 1809 2912 libertatis
1839 2835 1877 2907 et

460 2964 710 3072 exemptionis
737 2990 761 3045 a
790 2989 831 3046 se
853 2964 937 3072 ipso
967 2989 1069 3046 anno
1100 2966 1226 3069 1215,
1256 2971 1394 3072 quarto
1417 2961 1566 3044 decimo
1588 2959 1649 3043 die
1672 2957 1872 3064 februarii,

459 3097 691 3180 monasterio
709 3096 838 3179 Sancti
860 3096 1026 3178 Floriani
1049 3097 1089 3176 in
1111 3095 1265 3178 Austria
1287 3093 1481 3177 indultum
1506 3095 1633 3176 denuo
1658 3091 1872 3176 confirmat.

539 3357 752 3438 (Memorutum
766 3376 815 3437 ap.
831 3360 944 3440 Suum,
961 3357 1121 3422 decreto
1140 3359 1188 3422 du
1201 3359 1304 3441 Str'fles
1318 3362 1366 3423 St.
1385 3358 1516 3438 Florian,
1527 3379 1559 3439 p.
1576 3361 1771 3424 sou-vido
1784 3376 1873 3438 supra

577 3471 601 3524 t.
625 3465 656 3539 1,
679 3482 710 3542 p.
734 3474 805 3526 242.
830 3467 886 3526 Hic
910 3467 1044 3527 eumdem
1066 3467 1212 3546 privilegii
1231 3483 1293 3528 nou
1312 3468 1526 3530 transcribendi
1546 3484 1667 3530 cuumm
1686 3467 1788 3544 effert,
1811 3471 1873 3527 teo·

575 3570 656 3632 tibus
667 3577 786 3632 tantum
799 3578 829 3632 et
842 3574 921 3632 notia
935 3572 1149 3651 chronologicis
1160 3576 1278 3634 mortis
1291 3587 1367 3652 quae
1380 3581 1451 3636 sunt
1466 3577 1508 3634 itu
1521 3573 1550 3652 ε)

502 3929 614 4020 Hujus
629 3927 677 4000 rei
696 3937 800 4002 testes
816 3937 943 4003 eunt...
961 3930 1168 4003 venerabilis
1186 3930 1380 4026 patriarcha
1395 3929 1655 4026 Aquilegensis,
1675 3929 1712 4001 S.
1730 3929 1873 4022 Mogun-

453 4051 611 4141 tinus,...
640 4051 898 4146 salzburgensis
923 4063 1002 4126 et...
1036 4054 1247 4127 Trevirensis
1269 4054 1517 4150 archiepiscopi
1530 4106 1589 4146 ,...
1610 4053 1871 4146 Pambergensis

451 4185 531 4248 et...
567 4175 778 4248 Pataviensie
804 4177 977 4272 episcopi,
1005 4179 1042 4249 S.
1074 4177 1333 4273 Ratisponensis
1361 4177 1545 4272 episcopus
1572 4175 1764 4272 imperialis
1790 4172 1871 4247 aule

451 4297 735 4389 cancellarius‚...
753 4321 818 4370 rex
829 4301 980 4389 Boemic,
997 4303 1099 4374 irater
1113 4302 1331 4375 Hermannus
1345 4301 1552 4375 venerabilis
1569 4300 1732 4394 magister
1745 4298 1868 4371 domus

449 4423 573 4496 Sancte
599 4422 707 4496 llario
733 4423 1023 4496 Tbeutonicorum
1055 4425 1091 4496 in
1123 4426 1380 4518 Jerusalem,...
1417 4425 1493 4498 dux
1525 4424 1755 4516 Bawcrie,...
1791 4423 1867 4495 dux

449 4545 644 4637 Kerinthio‚
666 4547 868 4638 langravius
888 4548 1068 4642 Turingie,
1094 4549 1277 4623 Gutlridus
1298 4549 1343 4622 de
1364 4549 1564 4642 lichenloh,
1589 4548 1795 4621 burcravius
1821 4546 1866 4619 de

446 4668 695 4762 Nuoremberc,
715 4680 750 4745 et
766 4672 824 4745 alii
842 4673 1079 4769 quamplures.
