4242 5904
465 539 523 602 190
964 542 1175 604 Flttbbttlcl
1201 544 1372 606 secubet
1684 543 1764 624 [Ass.
1783 542 1869 609 1238.

463 673 583 746 dentes
602 674 786 747 clementer
812 675 1050 761 admittamus,
1070 678 1244 752 credimus
1268 678 1367 752 nobis
1389 677 1435 751 ad
1458 679 1565 750 eterni
1589 678 1685 772 regni
1712 679 1867 751 meritum

462 809 496 871 et
522 799 717 894 temporalis
735 800 841 894 glorie
861 803 999 874 titulum
1018 804 1184 899 proficere
1200 825 1241 876 ac
1263 825 1323 876 eos
1345 825 1494 898 qnorum
1512 823 1631 899 preces
1648 803 1748 876 dictis
1767 805 1867 877 effec-

462 927 557 998 tibus
572 925 793 1018 honoramus,
808 925 852 998 de
868 938 982 1000 cetero
998 929 1097 1002 nobis
1114 932 1187 1002 lore
1201 929 1373 1002 fideliores
1387 938 1423 999 et
1438 926 1484 1000 ad
1496 929 1666 1000 orationes
1678 951 1740 1022 pro
1757 938 1870 1002 nostro

462 1062 497 1124 et
525 1051 659 1146 imperii
684 1060 775 1124 statu
804 1073 926 1146 regum
954 1053 1028 1146 regi
1059 1053 1283 1148 porrigendas
1311 1053 1460 1124 existere
1485 1053 1722 1148 promptiores.
1746 1051 1869 1124 Notum

462 1175 568 1269 igitur
587 1174 731 1248 lecimus
753 1175 924 1248 universis
951 1177 1087 1270 imperii
1114 1177 1219 1249 nostri
1240 1175 1401 1252 fidelibus
1424 1186 1492 1248 tam
1517 1177 1641 1248 futuris
1657 1198 1764 1270 quam
1789 1197 1872 1271 pre-

462 1300 617 1372 sentibus
637 1299 733 1393 qnod
753 1320 816 1372 uos
838 1299 1054 1374 attendentes
1075 1299 1179 1374 iidem
1201 1309 1234 1374 et
1257 1301 1378 1372 merita
1399 1299 1527 1394 quibus
1543 1299 1689 1374 dilectus
1711 1309 1745 1370 et
1763 1298 1870 1370 hono·

462 1423 580 1496 rabilis
601 1423 735 1518 imperii
762 1425 868 1495 nostri
894 1424 1055 1520 princeps
1077 1426 1225 1498 loannes
1248 1425 1560 1520 Gratianopolitane
1586 1424 1730 1496 ecclesie
1758 1445 1869 1496 vene-

352 1589 354 1594 ·
462 1546 579 1618 rabilis
602 1547 839 1643 episcopusin
860 1560 1045 1643 conspectu
1072 1558 1189 1620 nostre
1214 1548 1405 1621 serenitatis
1427 1546 1617 1642 prudencia
1639 1557 1674 1619 et
1694 1547 1870 1620 honestate

462 1671 745 1745 commendabilis
768 1671 945 1766 apparuit,
975 1673 1192 1766 postulationi
1219 1694 1282 1744 sne
1301 1671 1452 1764 benigno
1475 1692 1535 1765 per
1559 1670 1675 1743 omnia
1696 1671 1789 1741 cultu
1808 1691 1870 1741 ac-

461 1797 640 1892 quiescere
661 1795 807 1888 dignum
828 1795 1011 1886 duximus,
1034 1797 1218 1891 ipsumque
1239 1805 1273 1867 et
1297 1815 1396 1867 suam
1414 1793 1592 1866 ecclesiam
1610 1817 1690 1866 cnm
1711 1794 1871 1865 omnibus

461 1920 537 2012 ejus
552 1919 763 2012 pertinentiis
776 1918 813 1988 in
827 1927 941 1990 nostre
956 1918 1109 1990 tuitionis
1125 1918 1273 2013 speciale
1289 1918 1517 2012 patrocinium
1535 1917 1763 2012 suscepimus.
1780 1917 1870 1989 Anc-

461 2043 605 2116 toritatis
628 2063 766 2136 quoqne
787 2041 1001 2136 imperatorie
1022 2063 1166 2114 munere
1188 2052 1222 2113 et
1240 2041 1479 2114 benevolentia
1497 2039 1719 2114 concedimus
1736 2050 1771 2112 et
1787 2063 1869 2113 eon-

461 2167 638 2240 firmamus
661 2165 774 2239 eidem
801 2175 835 2238 et
857 2167 930 2238 sois
946 2177 1022 2261 pust
1040 2188 1120 2239 eum
1141 2166 1396 2240 successoribus
1415 2166 1628 2260 ecclesieque
1647 2163 1871 2260 Gratianopo-

461 2293 567 2364 litane
594 2289 766 2384 quidquid
783 2289 828 2363 de
850 2289 993 2384 antiquo
1014 2291 1070 2364 vel
1092 2289 1137 2362 de
1159 2311 1251 2364 novo
1272 2292 1352 2384 jore
1376 2291 1450 2386 ipse
1474 2291 1533 2362 vel
1561 2289 1616 2361 sni
1640 2298 1870 2362 antecessores

460 2416 599 2489 nomine
619 2415 711 2487 illius
726 2413 869 2488 ecclesie
886 2414 1038 2508 legitime
1055 2413 1283 2509 possederunt
1300 2415 1357 2487 vel
1373 2412 1550 2509 possidere
1563 2414 1641 2506 jure
1654 2412 1866 2499 debuerunt,

460 2539 624 2612 videlicet
650 2539 779 2633 regalia
805 2538 920 2611 omnia
945 2560 967 2610 a
987 2539 1125 2612 castello
1150 2537 1246 2632 quod
1270 2538 1396 2611 dicitnr
1420 2537 1635 2611 Bellacomba
1664 2537 1808 2610 interius
1833 2537 1870 2608 in

461 2675 609 2758 utraque
628 2663 703 2758 ripa
720 2665 810 2736 lsare
833 2662 984 2736 tlnminis
1004 2683 1067 2758 ρετ
1088 2671 1196 2734 totum
1220 2662 1471 2758 episcopatum,
1494 2663 1532 2733 in
1557 2661 1697 2734 civitate
1713 2671 1748 2733 et
1772 2670 1870 2734 extra

461 2788 649 2876 civitatem,
668 2787 703 2857 in
721 2786 824 2881 agriS,
845 2786 969 2879 vincis,
990 2787 1140 2880 pascuis,
1161 2785 1407 2884 pratis,silvis,
1425 2786 1637 2875 nemoribus,
1656 2785 1753 2858 terris
1771 2807 1814 2856 on
1829 2784 1871 2856 tis

460 2924 495 2988 et
512 2913 667 3004 incultis,
688 2911 789 3006 aquis
810 2932 1049 3005 aquarumque
1070 2910 1295 2998 decursibus,
1314 2909 1522 3004 paludibus,
1542 2908 1725 3004 portubus,
1755 2908 1820 2980 viis
1837 2918 1872 2980 et

460 3037 585 3127 inviis,
613 3035 870 3126 venationibus,
893 3033 1158 3130 piscationibus,
1180 3031 1346 3124 castellis,
1376 3034 1485 3124 villis,
1505 3033 1715 3122 hominibnS,
1738 3030 1867 3125 plateis,

460 3160 636 3256 pedagiis,
656 3159 819 3252 monetis,
840 3159 929 3245 loro,
951 3157 1085 3252 argenti
1102 3157 1247 3250 fodinis,
1269 3157 1394 3246 turnis,
1414 3157 1638 3246 molendinis,
1655 3155 1688 3225 in
1706 3154 1871 3226 iaciendis

455 3284 601 3378 judiciis
626 3293 661 3357 et
685 3283 808 3355 bannis
835 3282 994 3356 tollendis
1028 3290 1064 3353 et
1089 3282 1210 3353 ceteris
1236 3281 1383 3374 justiciis
1410 3291 1445 3354 et
1471 3279 1675 3374 generaliter
1700 3277 1871 3349 universis

458 3407 675 3504 pertinentiis
691 3429 778 3500 quas
797 3405 918 3480 eadem
938 3406 1081 3479 ecclesia
1099 3427 1160 3500 ρετ
1180 3425 1262 3478 snos
1281 3406 1459 3500 episcopos
1479 3405 1524 3476 ab
1540 3403 1674 3498 imperii
1690 3400 1870 3475 clementia

460 3533 627 3606 hactenus
646 3533 738 3624 juste
766 3531 919 3626 possedit
941 3541 975 3602 et
993 3531 1102 3603 tenuit
1128 3531 1185 3603 vel
1207 3529 1295 3622 juris
1319 3530 1453 3601 ratione
1480 3527 1657 3624 possidere
1683 3548 1725 3599 ao
1753 3534 1869 3598 tenere

459 3656 582 3730 debuit
600 3665 635 3728 et
651 3677 692 3727 ea
710 3656 897 3750 simulque
915 3653 951 3726 in
970 3655 1136 3744 loturum,
1158 3656 1230 3726 Deo
1247 3655 1402 3744 favente,
1426 3651 1671 3724 rationabiliter
1692 3648 1869 3742 acquirere

458 3779 593 3876 poterit.
611 3781 682 3852 Hsc
699 3779 841 3874 inquam
865 3789 899 3851 et
922 3791 1033 3852 cetera
1050 3799 1191 3872 quoque
1206 3797 1276 3872 qne
1291 3777 1414 3850 cadem
1438 3776 1583 3848 ecclesia
1605 3775 1640 3846 in
1659 3772 1869 3868 quibuslibet

459 3904 712 3999 episcopatibus
739 3927 801 3978 seu
819 3904 1036 3976 comitatibus
1054 3912 1088 3974 ct
1115 3902 1293 3975 territoriis
1310 3902 1415 3976 habet
1436 3911 1471 3972 et
1494 3899 1694 3972 nominatim
1719 3905 1868 3970 castrum

459 4027 574 4100 Sancti
587 4029 707 4100 Donati
721 4049 799 4100 cum
814 4029 976 4100 omnibns
988 4025 1202 4122 appendiciis
1215 4027 1291 4118 ejus
1305 4025 1417 4098 eidem
1429 4025 1572 4097 ecclesie
1582 4033 1617 4096 et
1630 4023 1760 4117 prelato
1773 4019 1866 4094 fideli

462 4163 577 4225 nostro
596 4153 716 4225 loanni
738 4153 899 4248 episcopo
923 4161 957 4222 et
978 4151 1051 4223 suis
1071 4151 1107 4220 in
1132 4159 1338 4245 perpetuum
1367 4147 1623 4221 successoribus
1646 4145 1867 4218 concedimus

459 4286 494 4347 et
513 4274 776 4366 confirmamus,
805 4275 900 4347 salva
924 4274 1093 4346 tamenin
1114 4271 1275 4346 omnibus
1298 4271 1464 4368 imperiali
1480 4269 1629 4364 justicia.
1656 4269 1867 4364 Precipimus

458 4421 544 4493 ergo
562 4399 747 4495 imperialis
767 4399 869 4471 edicti
892 4399 1012 4493 vigore
1034 4399 1186 4470 neforto
1208 4398 1279 4468 ulla
1303 4417 1457 4489 unquam
1484 4413 1630 4488 persona
1657 4413 1785 4484 magna
1809 4392 1866 4464 vel

458 4545 567 4618 parva
584 4523 773 4619 predictam
795 4522 972 4596 ecclesiam
996 4522 1122 4613 etejns
1142 4518 1375 4614 episcopusin
1400 4517 1561 4590 omnibus
1583 4513 1867 4611 supradictisuli·

457 4658 628 4743 qnatenus
647 4647 810 4722 divestire
827 4649 884 4723 vel
899 4647 1014 4742 aliqua
1030 4645 1194 4719 violentia
1215 4665 1277 4718 sen
1297 4641 1452 4716 molestia
1470 4641 1660 4736 inquietare
1675 4649 1862 4735 presumat.
