4228 5892
480 576 541 642 aas
925 633 930 646 .
983 581 1195 645 rs1nnarc1
1219 579 1394 643 succum
1698 577 1779 663 [aaa
1798 578 1881 643 mas.

479 711 649 786 immerito
669 715 865 812 suspicatur
885 713 980 810 qnod
1004 715 1113 812 ipsius
1139 715 1327 812 potentiam
1351 711 1518 787 habentes
1538 714 1632 806 justu
1651 713 1785 788 ratione
1810 735 1886 788 sus·

478 845 627 931 pectam,
648 859 728 910 oum
745 839 869 912 molius
886 839 932 911 sit
946 847 1027 913 ante
1044 849 1182 935 tempus
1194 859 1375 912 cucumere
1390 857 1496 932 quam
1509 845 1588 932 post
1601 835 1729 910 intlicta
1741 837 1885 910 vulnaa

477 959 670 1034 remedium
687 962 857 1056 invenire,
878 963 925 1037 ad
937 963 1143 1038 avertendas
1159 983 1300 1037 suornm
1319 981 1563 1059 progressuum
1577 961 1716 1034 semitas
1734 959 1885 1034 officium

477 1084 656 1178 legationis
680 1085 774 1160 dicto
793 1088 926 1162 notario
949 1088 1201 1182 commisimus3
1228 1088 1290 1183 qui
1313 1107 1532 1182 nequaquam
1551 1087 1653 1178 juxta
1676 1084 1787 1180 ipsius
1809 1105 1885 1157 sus·

475 1207 648 1303 picionem
669 1209 706 1282 id
725 1210 888 1304 fecimus,
909 1211 973 1284 sed
990 1221 1029 1283 ut
1046 1232 1109 1306 per
1125 1233 1206 1286 eum
1222 1212 1391 1285 bellorum
1404 1209 1574 1298 cladibus,
1597 1208 1790 1281 animarum
1809 1229 1884 1282 cor·

475 1351 670 1426 porumque
691 1331 852 1427 perieulis
876 1334 1018 1408 obviare
1034 1355 1225 1430 possemus.
1252 1335 1302 1406 lix
1328 1333 1505 1430 premissis
1528 1331 1635 1425 igitur
1658 1339 1694 1404 et
1716 1330 1796 1404 aliis
1825 1353 1884 1404 ne·

475 1462 645 1547 queuntes
659 1453 705 1527 de
717 1455 827 1550 ipsius
840 1455 1050 1530 comestione
1061 1479 1200 1552 sperare
1211 1467 1246 1532 et
1261 1457 1419 1530 dolentes
1431 1475 1495 1528 nos
1510 1455 1587 1548 ejus
1601 1453 1886 1547 promissionibus

474 1576 574 1650 toties
588 1585 624 1651 et
641 1578 740 1651 toties
753 1579 860 1654 tuisse
875 1579 1030 1673 delusos,
1051 1584 1223 1678 prelatum
1235 1579 1456 1655 Frederioum
1471 1577 1517 1651 de
1529 1579 1671 1650 fratrum
1688 1586 1882 1650 nostrorum

474 1701 617 1774 consilio
634 1703 802 1777 sententia
817 1705 1186 1779 excommunicationis
1207 1705 1376 1779 duximus
1399 1701 1652 1777 innodandum.
1676 1701 1882 1795 Quanquam

473 1843 521 1894 ex
540 1823 609 1897 hoo
634 1825 805 1919 perditum
836 1827 1046 1902 intellectum
1067 1849 1243 1902 mamere
1272 1837 1308 1902 et
1334 1849 1448 1901 coram
1474 1827 1547 1901 Deo
1572 1825 1687 1921 potius
1709 1824 1883 1896 humiliari

473 1945 633 2038 deberet,
662 1969 705 2021 eo
733 1958 848 2024 amen
875 1953 1022 2046 amplius
1053 1951 1136 2026 inde
1169 1954 1288 2026 lurens
1310 1973 1382 2047 quo
1407 1953 1480 2044 jam
1510 1969 1610 2022 suam
1645 1947 1883 2020 contusionem

472 2091 663 2164 agnoscens
682 2073 803 2146 lortius
820 2084 961 2148 veretur
979 2087 1018 2148 ut
1034 2077 1186 2150 Ecclesie
1205 2075 1446 2150 obstetricante
1467 2093 1576 2146 manu
1599 2071 1767 2146 educatur
1785 2069 1882 2143 colu·

471 2191 544 2266 biis
562 2203 747 2286 tortuosus,
767 2218 830 2270 nos
847 2219 895 2270 ex
911 2219 1058 2293 persone
1078 2208 1193 2272 nostre
1208 2199 1338 2272 meritis
1356 2197 1520 2292 indignos
1535 2215 1708 2283 asserem,
1727 2191 1884 2287 qualibet

472 2317 577 2392 officii
590 2323 792 2393 auctoritate
806 2323 939 2417 papalis
952 2343 1014 2418 per
1031 2343 1094 2396 nos
1110 2322 1266 2418 predicta
1284 2322 1454 2396 sententia
1469 2318 1611 2392 minime
1626 2317 1779 2413 potuisse
1800 2335 1881 2389 con·

470 2441 593 2532 stringi
614 2443 688 2515 suis
703 2453 967 2540 presumptuose
990 2445 1111 2520 litteris
1134 2445 1265 2518 assent.
1291 2444 1337 2518 m
1355 2465 1419 2516 nos
1440 2442 1503 2538 qui
1525 2440 1736 2535 temporibus
1756 2435 1882 2510 nodus

470 2566 714 2660 patrimonium
730 2567 881 2642 Ecclesie
896 2591 957 2664 per
971 2569 1116 2663 gratiam
1131 2570 1194 2642 Dei
1211 2589 1281 2642 non
1295 2567 1432 2641 modice
1445 2565 1701 2660 ampliavimus,
1722 2562 1768 2636 de
1787 2561 1882 2636 dila·

467 2687 644 2783 pidatione
672 2689 842 2762 honorum
869 2691 1196 2784 ecclesiasticorum,
1226 2691 1522 2787 dispensationum
1553 2707 1736 2782 prooessu,
1761 2705 1881 2780 recep

469 2811 563 2884 tione
580 2834 763 2886 munerum
782 2823 817 2888 et
829 2815 974 2888 avaritie
991 2815 1123 2888 vilitate
1140 2815 1331 2908 redarguit.
1346 2813 1399 2887 Ac
1417 2821 1536 2886 contra
1550 2833 1631 2886 eum
1644 2831 1691 2884 ex
1708 2810 1767 2881 illo
1784 2806 1882 2902 quod

468 2935 710 3011 contrahendis
726 2937 815 3011 inter
833 2947 970 3034 neptem
988 2947 1137 3012 nostram
1155 2949 1192 3011 et
1215 2937 1407 3012 naturalem
1430 2937 1506 3031 ejus
1527 2934 1639 3008 filium
1660 2933 1881 3028 sponsalibus

466 3059 609 3154 petitum
626 3062 801 3134 subtraxit
816 3083 1016 3152 assensum,
1034 3057 1126 3160 [nos]
1147 3063 1326 3157 provocari
1353 3061 1442 3134 ialso
1458 3057 1639 3153 contingit3
1659 3056 1748 3129 illud
1772 3077 1881 3153 aper-

466 3183 535 3254 tius
553 3185 720 3256 mentiens
738 3185 833 3280 quod
849 3185 1052 3258 lombardis
1074 3195 1192 3258 contra
1213 3207 1293 3260 eum
1321 3193 1357 3258 et
1382 3183 1564 3279 imperium
1594 3181 1770 3276 corporale
1788 3203 1879 3276 pre-

465 3306 614 3379 stitimus
636 3317 905 3396 sacramentum,
931 3329 993 3380 seu
1012 3307 1108 3403 quod
1127 3309 1231 3382 totius
1251 3307 1346 3382 orbis
1366 3307 1520 3381 decimas
1535 3306 1639 3378 Terre
1656 3305 1782 3376 Sancte
1800 3304 1877 3376 uti-

464 3428 617 3502 litatibus
645 3441 836 3504 reservatas
867 3439 1065 3505 convertere
1093 3431 1349 3526 promiserimus
1379 3431 1416 3502 in
1445 3433 1522 3524 ejus
1548 3425 1818 3522 compendium,
1848 3425 1877 3498 si

463 3550 605 3625 arbitrio
629 3563 745 3627 nostro
767 3555 946 3649 negotium
969 3565 1158 3650 exponeret
1179 3553 1462 3628 bombardorum.
1489 3553 1648 3625 Fatemur
1665 3559 1782 3622 autem
1811 3569 1878 3621 nos

463 3675 599 3750 delectu
614 3679 812 3752 meritorum
830 3689 1024 3753 nostrorum
1042 3679 1186 3775 indigne
1200 3679 1325 3754 Christi
1342 3699 1419 3753 esse
1436 3677 1626 3764 vicarium;
1644 3677 1792 3748 latemur
1810 3695 1876 3747 nos

462 3801 558 3873 oneri
584 3811 679 3876 tauto
707 3803 953 3877 insufficientes
982 3804 1150 3894 existere,
1174 3803 1271 3898 quod
1300 3803 1453 3874 humana
1482 3800 1635 3874 conditio
1665 3819 1735 3871 non
1763 3807 1877 3893 potest

462 3923 595 4018 absque
614 3925 735 4000 divino
752 3926 917 4020 suffragio
935 3935 1149 4022 supportare.
1167 3926 1396 3999 Nihilominus
1415 3933 1530 3998 tamen
1546 3923 1640 3995 vices
1656 3921 1756 3994 nobis
1769 3943 1874 3994 com-

461 4048 601 4138 missas,
628 4059 732 4146 prout
759 4051 882 4122 melius
899 4059 1014 4123 nostra
1037 4051 1202 4145 permittit
1227 4047 1409 4144 fragilitas,
1430 4055 1662 4142 exequentes,
1679 4043 1874 4118 amandum

461 4171 557 4266 quod
573 4173 740 4264 locorum,
759 4181 967 4267 temporum,
986 4193 1209 4268 personarum
1226 4183 1261 4246 et
1285 4172 1502 4267 negotiorum
1523 4169 1670 4264 qualitas
1689 4177 1724 4240 et
1747 4177 1875 4242 natura

459 4294 655 4388 requirunt,
676 4293 892 4389 disponenda
911 4293 1128 4390 disponimus
1146 4305 1275 4367 etcum
1289 4293 1540 4368 mactantibus
1560 4287 1719 4386 personis
1733 4309 1823 4384 pure
1838 4297 1875 4361 et

460 4417 653 4494 secundum
668 4417 793 4509 Deum,
805 4437 886 4489 cum
901 4417 1085 4491 necessitas
1100 4417 1137 4490 id
1154 4417 1323 4514 exposcit,
1339 4415 1385 4488 de
1395 4423 1513 4488 nostre
1526 4412 1703 4510 potestatis
1717 4411 1871 4507 plenitu-

459 4537 543 4614 dine
557 4539 811 4636 dispensamus.
828 4539 957 4614 Verum
972 4549 1088 4612 tamen
1104 4561 1174 4612 non
1192 4549 1245 4613 est
1261 4538 1360 4619 dolor
1375 4537 1472 4634 quod
1488 4538 1539 4610 sic
1561 4534 1734 4632 profundo
1751 4531 1871 4628 gladio

458 4665 535 4756 ejus
552 4663 652 4738 leniat
667 4663 841 4754 animum,
861 4663 950 4737 sicut
966 4663 1050 4738 dum
1069 4663 1235 4738 terminos
1250 4661 1501 4758 transgreditur
1523 4681 1645 4756 rogum
1669 4679 1734 4734 nec
1758 4665 1871 4754 potest
