4228 5892
510 573 571 636 ³84
1009 575 1223 638 volutaret
1247 576 1420 640 sscuuot
1731 578 1811 658 [An.
1831 579 1918 642 1239.

509 707 687 780 effectibus
712 707 916 800 ostendatis,
947 709 1102 804 gladium
1125 711 1265 786 ultionis
1294 721 1409 786 nostre
1428 712 1502 804 jnm
1528 712 1565 784 in
1589 711 1741 788 eervices
1766 713 1917 788 bostium

509 831 743 904 imminentem
758 831 794 902 in
815 833 950 906 illorum
968 843 1106 928 pectora
1122 856 1229 907 manu
1242 836 1467 908 coauxiliaria
1487 833 1712 929 configentes.
1731 837 1809 910 Iam
1826 837 1918 911 enim

508 955 632 1029 amodo
651 953 739 1028 fides
755 965 868 1027 vestra
893 965 1092 1049 tegumento
1118 979 1188 1030 non
1214 967 1293 1052 eget
1314 957 1375 1030 ubi
1399 966 1555 1052 optatum
1576 979 1614 1030 se
1635 969 1774 1054 tempus
1797 959 1920 1054 ingerit

507 1079 630 1151 vestris
654 1077 835 1150 desideriis
851 1088 1090 1172 expectatum,
1113 1080 1218 1154 immo
1240 1089 1335 1153 tanto
1355 1101 1394 1154 se
1414 1090 1571 1176 preparet
1593 1081 1629 1153 in
1654 1083 1792 1154 instanti
1811 1083 1920 1176 signis

506 1223 652 1298 operum
671 1200 892 1274 evidentibus
913 1223 1094 1276 coruscare
1111 1214 1242 1298 quanto
1262 1225 1376 1299 usque
1397 1226 1492 1277 nunc
1506 1203 1552 1278 ad
1568 1203 1605 1277 id
1621 1206 1804 1300 negocium
1825 1207 1920 1280 intus

508 1327 720 1398 luculencior
738 1326 946 1398 scintillavit.
963 1327 1079 1412 Quare
1092 1325 1248 1401 fidelitati
1266 1337 1399 1418 vestre,
1418 1337 1510 1419 ete,
1531 1338 1702 1423 quatenus
1720 1327 1826 1402 iidem
1846 1352 1920 1404 ves·

507 1465 594 1527 tram
611 1475 716 1548 quam
729 1453 831 1525 nobis
849 1434 1050 1526 absentibus
1063 1477 1125 1550 pro
1142 1456 1337 1549 gratissimo
1352 1476 1496 1528 munere
1514 1455 1698 1545 obtulistis,
1718 1455 1820 1528 nobis
1837 1477 1921 1550 pre-

507 1579 662 1653 sentibus
684 1577 896 1650 redolentius
923 1577 1129 1672 impendatis
1156 1587 1192 1652 et
1216 1579 1330 1652 Cesari
1358 1588 1473 1652 vestro
1500 1599 1563 1674 pro
1585 1578 1785 1652 liberatione
1812 1580 1921 1652 vestri

507 1702 661 1775 omnium
673 1702 709 1772 in
723 1703 792 1773 alta
809 1702 960 1796 potentia
973 1701 1127 1774 venienti
1147 1713 1340 1774 vestrarum
1355 1702 1486 1774 vidum
1509 1702 1690 1774 conatibus
1708 1701 1915 1792 occurratis,

506 1835 599 1900 tauto
621 1825 790 1898 libencius
814 1833 849 1896 et
874 1825 1062 1897 virtuosius
1088 1825 1266 1898 venientes
1287 1835 1418 1919 quanto
1445 1823 1553 1898 decus
1576 1825 1712 1920 imperii
1736 1833 1771 1897 et
1795 1827 1919 1898 molem

507 1951 641 2044 negocii
660 1970 851 2044 exposcere
867 1949 1070 2044 providetis,
1089 1970 1130 2021 ac
1146 1949 1182 2020 in
1200 1959 1304 2022 totam
1328 1948 1628 2043 triumphationcm
1648 1949 1801 2021 hostium
1817 1970 1921 2042 quam

506 2075 673 2148 muninus
692 2072 790 2145 dabit
813 2073 914 2146 nobis
935 2073 1059 2145 ascribi
1077 2073 1178 2146 vobis
1195 2073 1354 2170 specialis
1372 2072 1480 2167 glorie
1498 2073 1614 2145 titulos
1637 2072 1825 2166 exoptetis;
1850 2073 1921 2146 soi·

506 2197 574 2270 turi
592 2196 688 2291 quod
713 2217 777 2268 nos
794 2197 844 2268 sic
864 2195 1080 2269 irrevocabili
1098 2198 1276 2269 voluntate
1297 2207 1332 2268 et
1349 2195 1533 2292 magnifica
1550 2195 1758 2292 premiorum
1776 2194 1921 2267 munifl-

506 2322 618 2396 contia
656 2321 838 2394 universos
868 2330 903 2394 et
932 2321 1086 2414 singulos
1119 2320 1334 2416 disponimus
1367 2322 1548 2416 prevenire
1581 2329 1775 2394 aeternam
1809 2320 1920 2414 ipsam

506 2445 716 2544 privilegiis,
742 2445 957 2517 libertatibus
983 2455 1018 2516 et
1045 2445 1252 2540 specialibus
1272 2445 1443 2518 bonorum
1465 2445 1620 2517 omnium
1638 2442 1920 2538 ampliationibus

506 2566 732 2655 communire,
746 2575 784 2636 ut
796 2563 900 2637 fidem
916 2576 1062 2638 vestram
1077 2567 1265 2658 gratiarum
1276 2589 1413 2661 semper
1425 2567 1526 2662 signa
1537 2565 1737 2662 specialium
1749 2561 1920 2638 fateantur

507 2701 542 2764 et
557 2690 713 2762 habeatis
728 2689 857 2762 exinde
874 2690 1019 2763 undeet
1036 2691 1137 2763 vobis
1150 2713 1286 2786 semper
1300 2692 1336 2762 in
1352 2705 1466 2764 vestro
1485 2691 1607 2764 (lesere
1625 2691 1671 2763 sit
1692 2687 1919 2784 gaudendum

507 2823 541 2886 et
552 2813 696 2909 posteris
713 2814 831 2887 vestris
843 2813 889 2887 ad
903 2823 1070 2910 perpetua
1088 2814 1216 2910 gandia
1232 2815 1447 2910 relinquatis.

324 3450 436 3546 reru·
559 3426 796 3536 Fridericus,
836 3426 1095 3510 Romanorum
1134 3425 1365 3534 imperator,
1404 3421 1585 3506 Cumanis
1624 3419 1801 3506 fidelibus
1841 3421 1920 3505 suis

507 3571 633 3674 grates
652 3560 731 3671 egit
744 3562 851 3670 quod
870 3571 950 3642 um
968 3567 1153 3668 oportune
1169 3584 1260 3640 suae
1277 3555 1365 3640 fidei
1383 3555 1621 3674 propositum
1632 3554 1917 3663 declaraverint,

507 3693 733 3802 nuntiatque
751 3719 791 3776 se
813 3718 947 3776 versus
964 3701 1092 3801 partes
1109 3691 1212 3800 ipsos
1229 3685 1394 3799 dirigere
1413 3711 1567 3799 gressus
1585 3712 1688 3770 suos.

589 3897 713 3976 (lnedit.
737 3913 774 3957 ex
799 3897 865 3958 eod.
893 3894 970 3957 Blbl.
1001 3895 1099 3957 Cesar.
1120 3893 1229 3972 Parin,
1248 3889 1341 3973 suade
1356 3889 1391 3952 S.
1420 3887 1517 3953 aaut
1541 3886 1666 3968 Hortuy,
1690 3897 1761 3963 tta,
1784 3905 1853 3968 part
1875 3887 1919 3966 lI,

626 4004 659 4066 11⁰
675 4001 789 4077 Lxlll,
805 4005 870 4064 slne
881 4001 1073 4078 inscriptione
1085 3999 1132 4060 vel
1146 3999 1257 4073 titulo.)

555 4179 651 4272 Opus
669 4177 802 4249 bonum
824 4173 920 4268 quod
942 4181 1056 4246 vestra
1077 4169 1226 4242 fidelitas
1248 4167 1309 4241 diu
1335 4167 1523 4262 cogitavit,
1541 4166 1587 4240 ad
1608 4165 1703 4260 quod
1720 4167 1922 4240 ardentibus

508 4299 689 4375 desideriis
710 4298 884 4392 aspirastis
904 4305 1096 4368 vestrarum
1122 4293 1250 4365 virium
1272 4293 1475 4384 conatibus,
1500 4289 1717 4364 laudabiliter
1735 4301 1788 4364 est
1802 4292 1920 4386 incep-

507 4437 580 4498 tum
599 4433 637 4494 ut
651 4421 869 4517 exponeretis
883 4442 944 4515 pro
961 4419 1030 4492 fide
1043 4427 1158 4491 nostra
1174 4418 1250 4490 sine
1265 4415 1442 4488 dubietate
1459 4415 1615 4509 qualibet
1629 4435 1694 4488 vos
1707 4424 1742 4487 et
1757 4421 1873 4487 voetra
1888 4421 1922 4484 et

507 4555 677 4642 quotquot
695 4555 811 4616 vestra
831 4543 992 4616 suasione
1008 4540 1152 4636 possetis
1175 4537 1358 4626 inducere,
1385 4537 1467 4610 fidei
1490 4547 1603 4610 nostro
1622 4537 1779 4610 faceretis
1799 4535 1920 4610 avidos

509 4681 543 4742 et
558 4670 741 4742 confortes.
761 4667 900 4762 Propter
915 4664 1011 4759 quod
1029 4685 1093 4736 vos
1115 4661 1230 4756 dignis
1251 4657 1414 4732 laudibus
1431 4659 1656 4755 provenimus
1678 4668 1713 4730 ct
1732 4657 1921 4754 expectatis
