4228 5892
210 611 309 671 lanrcr.
329 603 392 682 12]
664 597 859 662 utsuotttn
884 596 1176 661 lthLOblA'l'lCll.

263 1137 498 1240 Fridericus,
532 1138 793 1222 Romanorum
831 1137 1053 1248 imperator,
1087 1133 1216 1218 scribit
1253 1131 1544 1240 [Laudensibus]
1581 1157 1621 1215 se
1668 1160 1802 1270 ‘iffi'

207 1269 380 1377 proxime
411 1279 614 1354 venturum
646 1270 695 1352 ad
720 1270 891 1380 ipsorum
918 1263 1127 1375 civitatem,
1157 1275 1194 1349 et
1214 1267 1388 1348 hortatur
1422 1274 1464 1346 ut
1491 1290 1620 1347 secum

204 1385 410 1484 ¹efficaciter
427 1411 543 1512 agant
560 1403 610 1484 ad
628 1402 896 1485 conterendam
914 1398 1251 1486 Mediolanensium
1269 1396 1509 1506 proterviam.

293 1613 418 1692 (laedit.
429 1615 543 1677 exeod.
554 1615 632 1677 lllbl.
643 1614 741 1678 Cesar.
757 1615 867 1688 Paula,
873 1599 967 1692 seoda
979 1613 1014 1675 S.
1026 1613 1121 1672 Gwm.
1132 1609 1256 1691 umba,
1268 1621 1339 1685 ⁴55,
1355 1629 1423 1688 pars
1437 1610 1619 1688 11,rrxtv,

209 1769 213 1781 .
329 1720 617 1801 sluelnseripttoua.)

259 1905 361 1978 Grata
377 1873 491 1980 ¹vestre
507 1907 702 1981 devotionis
724 1908 891 2002 obsequia
913 1919 947 1981 et
964 1909 1056 1980 zelus
1074 1905 1225 1980 ardentis
1245 1905 1327 1979 fidei
1351 1925 1455 1998 quem
1472 1904 1518 1977 ad
1535 1925 1619 1976 nos·

210 2039 301 2101 trum
316 2039 351 2100 et
363 2029 498 2125 imperii
513 2030 621 2103 decus
640 2029 764 2102 cotidie
783 2031 949 2126 promptis
967 2030 1146 2102 affectibus
1164 2029 1360 2124 explicatis,
1376 2027 1504 2121 jugiter
1522 2027 1621 2100 vobis

207 2151 303 2248 apud
324 2173 387 2224 nos
406 2152 530 2226 laudes
545 2151 699 2248 gratifice
714 2151 1001 2248 comprobationis
1012 2153 1196 2246 acquirunt
1209 2161 1244 2226 et
1257 2151 1470 2224 liberalitatis
1484 2169 1622 2222 cesarea

210 2273 375 2349 munifica
391 2276 513 2349 merita
531 2276 805 2350 constantissime
826 2277 1069 2349 thesaurizant.
1087 2276 1214 2349 Crescit
1234 2277 1327 2348 enim
1344 2273 1620 2369 contemplationi

209 2407 325 2472 nostra
342 2399 387 2472 de
404 2400 505 2473 vobis
520 2400 726 2474 laudabilior
742 2420 875 2494 semper
889 2400 1007 2496 opinio
1025 2422 1087 2496 par
1101 2400 1281 2472 continuas
1295 2421 1382 2493 quas
1391 2397 1530 2470 oderitis
1540 2420 1622 2492 ope·

210 2545 289 2594 rum
299 2524 449 2597 actiones
462 2546 527 2597 uec
537 2525 651 2597 minus
661 2525 766 2597 menti
778 2534 892 2597 nostre
901 2547 947 2597 ex
957 2524 1272 2620 propositosemper
1281 2522 1410 2594 meliori
1422 2522 1622 2618 reponimus

211 2668 281 2740 que
292 2647 415 2720 vestris
424 2647 553 2720 meritis
563 2647 748 2721 liberaliter
759 2647 991 2720 effundamus.
1006 2645 1214 2719 Audivimus
1224 2645 1396 2742 siquidem
1406 2655 1440 2718 et
1449 2654 1622 2740 gratanter

211 2771 453 2864 amplectimur
461 2773 574 2844 uelum
585 2781 740 2844 vestrum
757 2782 792 2844 et
806 2772 1030 2844 constantiam
1045 2771 1339 2862 commendamus,
1352 2792 1431 2841 cum
1451 2769 1622 2843 adversus

210 2891 394 2987 perfidiam
406 2894 597 2968 infidelium
607 2895 698 2968 vallo
712 2895 975 2991 inexpugnabili
991 2893 1072 2968 fidei
1090 2893 1315 2989 roboratis(c)
1328 2903 1362 2965 et
1378 2884 1532 2988 ipsorum
1546 2917 1622 2988 pro·

210 3017 358 3090 leuviam
372 3017 511 3090 virtutis
525 3027 639 3091 vestre
653 3016 813 3091 firmitate
828 3019 1040 3115 prosternitis
1052 3027 1092 3090 ut
1107 3039 1284 3112 nunquam
1299 3016 1393 3112 apud
1410 3039 1474 3090 vos
1487 3018 1622 3112 iniquo·

208 3162 287 3212 rum
304 3141 392 3214 dolis
407 3150 522 3237 pateat
539 3141 653 3214 aditus
675 3154 994 3236 quantumcumque
1016 3142 1279 3231 circumvolent,
1300 3149 1622 3236 quantumcumque

210 3273 377 3336 conentur
394 3264 581 3358 subrepere
606 3273 644 3336 ut
664 3266 813 3339 mundos
836 3265 991 3338 inliciant
1011 3275 1044 3338 et
1069 3267 1242 3339 maculent
1265 3266 1464 3360 depuratos.
1484 3265 1538 3338 Ex
1554 3265 1621 3338 hiis

209 3387 357 3480 qualiter
379 3388 630 3482 prerogativam
649 3389 758 3482 gratie
783 3399 818 3462 et
843 3390 1030 3485 imperialis
1054 3389 1266 3462 liberalitatis
1288 3390 1505 3462 alllueuciam
1527 3391 1620 3462 nacti

211 3509 304 3600 sitis,
330 3531 400 3582 non
418 3511 567 3584 tardabit
589 3512 802 3607 propositum
825 3513 955 3586 Cesaris
978 3513 1159 3586 ostendere
1176 3536 1238 3608 per
1255 3513 1408 3587 effectus.
1434 3515 1622 3610 Eapropter

210 3633 367 3706 ardentia
385 3643 466 3707 vota
483 3644 598 3707 vestra
615 3657 685 3730 que
699 3635 746 3708 ad
769 3635 957 3708 adventum
974 3645 1128 3710 nostrum
1151 3645 1185 3710 et
1211 3647 1350 3732 propter
1365 3637 1621 3732 inquisitionem

211 3765 327 3829 nostre
344 3758 495 3852 potentie
509 3760 615 3830 anxie
633 3759 816 3852 gerebatis,
838 3761 992 3832 nolentes
1006 3761 1150 3833 ulterius
1167 3761 1352 3856 suspendi,
1369 3761 1498 3834 accain
1516 3783 1623 3834 manu

210 3881 341 3974 potenti
353 3890 387 3954 et
401 3881 546 3956 brachio
560 3883 640 3956 torti
656 3881 705 3956 ad
723 3883 932 3961 conterenda
951 3883 1258 3958 Mediolanensium
1276 3885 1494 3958 inimieorum
1511 3885 1623 3980 capita

212 4005 354 4077 feliciter
373 4005 587 4094 accedimus,
608 4008 654 4080 ita
672 4007 768 4102 quod
784 4006 841 4080 die
845 4061 1186 4082 .........
1207 4009 1335 4082 erimus
1359 4008 1449 4083 duce
1475 4009 1624 4084 Domino

211 4128 307 4224 apud
322 4129 489 4204 Laudom'
503 4128 568 4228 (l).
583 4130 697 4215 Quare
713 4131 857 4226 expedit
869 4141 909 4205 ut
922 4142 957 4205 ct
973 4154 1037 4206 vos
1050 4132 1210 4205 affectum
1225 4155 1329 4228 quem
1345 4132 1391 4208 ad
1410 4132 1624 4228 triumphum

210 4253 345 4350 imperii
375 4265 410 4326 et
439 4257 749 4330 consternationem
778 4256 995 4330 inimicorum
1024 4258 1230 4332 cordetenus
1260 4259 1399 4353 geritis,
1434 4260 1625 4333 manifestis

253 4427 296 4509 (a)
317 4429 386 4506 Sic,
400 4430 474 4492 dum
486 4436 592 4493 sensns
604 4434 735 4510 exigeret
747 4429 936 4494 roboramini.

448 4603 796 4617 *nn-*m
1510 4607 1617 4620 *α

239 4692 284 4793 'ru
305 4687 490 4779 varranum
503 4703 891 4795 apunmuuumrunauuem
904 4721 1019 4796 varum
1032 4723 1308 4799 (concreatores.
1321 4725 1401 4800 pauo
1416 4723 1497 4786 rna.
