4242 5904
215 619 315 680 lvurcr.
331 617 394 696 11.]
666 611 861 674 fltstottttt
887 609 1179 675 nteeoittlvlcit
1570 618 1627 678 l'l'l

215 750 378 860 pedagia
398 759 437 832 et
461 745 650 857 quidquid
673 745 889 828 babuerunt
915 744 1098 827 hactenus
1120 743 1428 854 resignaverunt,
1448 747 1488 828 in
1516 771 1627 830 sunm

216 893 254 965 et
271 882 420 992 imperii
442 878 714 989 protectionem
741 878 892 986 recipit,
911 877 1066 958 illorum
1084 875 1302 988 privilegia,
1324 875 1413 986 jura
1442 887 1479 961 et
1507 878 1628 964 bonos

216 1041 311 1098 usus
328 1007 572 1096 confirmans.

298 1217 415 1298 (Edldlt
427 1217 591 1290 Gremio,
606 1215 704 1276 Storlr
720 1212 752 1274 di
768 1212 875 1292 dbia-l,
889 1220 963 1274 torn.
985 1215 1030 1286 11,
1044 1214 1178 1293 docum,
1199 1231 1229 1292 p.
1251 1223 1317 1291 tot,
1333 1215 1551 1286 eeollectanels
1569 1233 1626 1279 ner.

338 1322 488 1384 cheriem.
503 1321 594 1383 anr.
609 1321 747 1394 vitabas,
763 1321 823 1382 vol.
839 1321 880 1394 11,
896 1319 948 1380 tol.
965 1318 1029 1398 ²7.)

265 1495 485 1583 Fredericus,
501 1495 565 1566 Dei
583 1494 693 1588 gratia
707 1494 936 1566 Romanorum
953 1492 1139 1586 imperator
1153 1513 1289 1586 semper
1305 1502 1492 1586 augustus,
1505 1494 1627 1566 Hieru-

216 1619 323 1692 salem
342 1629 378 1691 et
395 1619 511 1692 Sicilie
524 1639 601 1690 rex.
624 1617 793 1690 Fidelium
813 1625 1008 1689 nostrorum
1026 1615 1306 1710 oppressionibus
1324 1615 1380 1710 pie
1398 1618 1548 1710 compati
1566 1638 1629 1689 no·

217 1743 334 1837 girum
348 1753 383 1816 et
399 1763 517 1815 eorum
532 1741 734 1836 gravamina
756 1738 901 1836 perinde
916 1739 1081 1812 relevare.
1104 1737 1190 1810 lude
1209 1746 1261 1810 est
1274 1738 1378 1832 igitur
1390 1741 1485 1832 quod
1502 1739 1628 1812 consti·

217 1865 302 1938 tutis
328 1865 365 1937 in
387 1865 565 1960 presentia
584 1865 773 1956 majestatis
799 1873 914 1936 nostre
939 1862 1136 1934 hominibus
1156 1861 1249 1933 Kerii
1274 1859 1434 1934 fidelibus
1458 1864 1631 1936 nostriset

219 1989 478 2083 exponentibus
494 1989 734 2084 oppressiones
751 1984 811 2086 [et]
830 1987 1032 2082 gravamina
1049 1995 1139 2058 statu
1157 1986 1292 2080 imperii
1308 1987 1477 2058 vncilante
1494 1987 1628 2060 dudum

218 2111 396 2184 illata'sibi
409 2134 431 2184 a
444 2111 636 2184 convicinis
652 2111 725 2183 suis
740 2121 775 2184 et
790 2109 1158 2201 circumadjacentibus
1175 2109 1258 2181 locis
1277 2109 1337 2202 qui
1356 2109 1490 2182 viribus
1506 2112 1631 2205 premi·

219 2235 349 2306 nebunt
367 2235 498 2308 eisdem
515 2243 550 2308 et
568 2235 660 2330 ipsos
676 2257 739 2308 sue
770 2234 981 2306 urisdictioni
998 2233 1199 2306 submittere
1212 2233 1455 2324 intendebant,
1474 2233 1519 2307 de
1540 2237 1630 2308 reci-
1753 2309 1759 2330 ,

218 2357 355 2453 piendis
374 2358 426 2432 eis
452 2359 519 2430 sub
543 2367 717 2431 nostrast
746 2358 880 2453 imperii
907 2358 1115 2453 protectione
1143 2357 1286 2428 culmini
1316 2367 1429 2429 nostro
1455 2358 1631 2432 humiliter

218 2483 475 2576 supplicarunt,
503 2491 543 2552 ut
563 2480 611 2554 nd
629 2482 697 2555 boc
718 2482 935 2554 clementiam
965 2493 1114 2554 nostram
1135 2481 1301 2555 inclinare
1321 2492 1459 2576 possent
1478 2483 1627 2574 facilius,

218 2606 332 2678 locum
348 2607 482 2700 ipsum,
502 2605 652 2678 mixtum
668 2615 703 2677 et
721 2627 853 2678 merum
873 2605 1106 2700 imperiumst
1119 2604 1413 2698 jurisdictionem,
1434 2606 1582 2700 pedagia
1597 2618 1632 2681 et

218 2726 392 2822 quidquid
408 2749 592 2802 commune
612 2729 725 2824 ipsum
740 2728 862 2801 babuit
879 2727 1063 2816 hactenus,
1080 2728 1116 2798 in
1129 2727 1256 2800 nostris
1269 2738 1305 2800 et
1322 2729 1456 2823 imperii
1471 2728 1632 2803 manibus

218 2852 350 2944 precise
361 2874 403 2924 nc
418 2853 604 2925 liberaliter
618 2851 844 2947 resignantes.
863 2853 932 2925 Nos
948 2852 1066 2946 itaque
1081 2851 1388 2946 supplicationibus
1405 2853 1478 2924 suis
1497 2855 1632 2926 lavora-

217 2974 333 3048 biliter
349 2976 515 3067 inclinati,
529 2976 685 3049 homines
702 2977 874 3070 predictos
890 2977 956 3048 sub
974 2984 1090 3048 nostra
1103 2987 1137 3048 et
1155 2975 1290 3070 imperii
1305 2976 1513 3070 protectione
1530 2997 1631 3050 rece-

219 3098 345 3190 pimus,
355 3099 468 3172 looum
482 3099 643 3172 eumdem
654 3108 804 3172 nostram
819 3100 1000 3194 specialem
1008 3121 1178 3172 cememm
1190 3108 1386 3191 reputantes
1397 3107 1431 3170 et
1441 3099 1631 3173 eximentes

219 3220 428 3296 habitatores
441 3223 597 3316 ejusdem
611 3223 656 3293 ab
669 3223 762 3296 omni
778 3223 918 3294 alterius
933 3222 1086 3295 dominio
1100 3231 1135 3294 ot
1148 3221 1386 3313 jurisdictione
1397 3224 1451 3294 cui
1467 3223 1632 3297 hactenus

219 3347 437 3418 tenebantur.
459 3344 745 3418 Confirmavimus
760 3347 812 3418 eis
838 3357 990 3440 preterea
1012 3367 1131 3418 omues
1155 3345 1265 3418 bonos
1283 3368 1368 3418 neus
1392 3355 1427 3418 et
1448 3357 1632 3421 cousuetu-

219 3468 318 3541 dines
337 3469 544 3564 appmbatas
566 3470 695 3564 quibus
720 3470 886 3542 hactenus
917 3470 1078 3542 divorum
1103 3479 1325 3562 augustorum
1354 3469 1631 3563 predecessorum

219 3603 411 3665 nostrorum
426 3594 640 3688 temporibus
656 3614 767 3686 usque
785 3592 831 3666 ad
845 3593 909 3665 bec
925 3594 1033 3666 felicis
1051 3607 1204 3687 ternpore
1225 3601 1340 3665 nostra
1358 3603 1439 3663 sunt
1457 3594 1527 3684 usi;
1547 3613 1632 3666 con·

220 3713 382 3788 cedentes
399 3716 529 3789 eisdem
546 3726 586 3788 ut
604 3726 674 3789 tarn
693 3717 757 3812 ipsi
777 3718 971 3790 habitantes
988 3718 1100 3790 Cberii
1119 3739 1224 3810 quam
1242 3715 1398 3788 homines
1422 3718 1633 3810 pertinentes

219 3839 346 3933 eisqui
360 3840 438 3912 olim
454 3851 703 3914 consueverant
717 3842 783 3914 sub
799 3841 954 3934 ejusdem
972 3842 1035 3915 loci
1053 3841 1276 3935 potestatibus
1292 3841 1482 3932 conveniri,
1494 3844 1632 3916 nonnisi

221 3963 255 4034 in
281 3965 378 4036 curia
400 3973 517 4038 nostra
532 3965 590 4037 vel
615 3965 805 4057 legatorum
827 3975 1021 4037 nostrorum
1040 3975 1101 4037 aut
1122 3964 1291 4060 capitanei
1314 3964 1420 4035 nostri
1437 3965 1633 4058 specialiter

219 4086 280 4178 qui
293 4087 369 4158 looo
385 4086 497 4160 eidem
517 4086 562 4160 ds
580 4088 745 4161 mandato
764 4097 881 4161 nostro
893 4089 1070 4184 prefuerit,
1086 4097 1155 4160 tam
1172 4089 1209 4158 in
1225 4087 1461 4159 criminalibus
1477 4110 1582 4182 quam
1596 4088 1632 4159 in

221 4209 382 4280 civilibus
402 4211 516 4282 causis
533 4211 685 4284 debeant
700 4210 745 4284 nd
764 4213 932 4305 justitiam
951 4211 1141 4284 conveniri.
1169 4212 1218 4283 De
1236 4210 1478 4283 abundantiori
1493 4231 1633 4305 quoque

221 4333 330 4426 gratia
349 4342 465 4406 nostra
481 4335 714 4407 concessimus
725 4335 777 4407 eis
791 4346 830 4408 nt
847 4336 996 4408 nuncius
1008 4345 1043 4407 et
1058 4337 1259 4430 capitaneus
1272 4345 1390 4407 noster
1403 4333 1466 4427 qui
1481 4332 1527 4406 de
1538 4354 1633 4405 man·

221 4455 302 4530 dato
320 4467 437 4530 nostro
459 4459 515 4530 vel
537 4461 726 4552 legatorum
744 4468 936 4532 nostrorum
950 4461 986 4531 in
1003 4459 1126 4532 eodem
1143 4462 1217 4531 loco
1233 4459 1335 4530 inerit
1349 4457 1526 4529 ordinatus
1542 4476 1632 4527 oon-

222 4589 335 4652 tentus
353 4581 398 4652 sit
413 4583 447 4652 in
464 4582 626 4654 civilibus
637 4583 751 4654 causis
769 4583 835 4655 illis
850 4583 962 4677 penis,
986 4583 1109 4653 bannis
1127 4591 1162 4654 et
1173 4580 1310 4654 mulctis
1326 4602 1414 4675 quas
1426 4577 1632 4671 infligendas

222 4726 284 4798 pro
298 4705 447 4796 injuriis,
469 4705 605 4778 damnis
620 4705 723 4798 datis,
745 4708 922 4795 conviciis,
942 4707 1065 4802 plagiis
1078 4717 1110 4778 et
1124 4705 1180 4778 bis
1195 4705 1366 4778 similibus
1382 4704 1546 4776 hactenns
1561 4715 1631 4774 sta·

302 4826 339 4889 V.
1432 4835 1469 4886 aa
