4242 5904
990 639 1204 702 bolonitici
1229 639 1406 701 suebum
1715 637 1795 718 [Ass.
1814 639 1899 700 1238.

707 925 961 938 -c—-U-——n
966 923 1694 938 tcum—*nm

310 1226 438 1321 ,ἔξω
545 1223 659 1306 Ilnno
676 1223 829 1305 Domini
846 1223 896 1307 M.
916 1223 989 1306 CC.
1006 1221 1207 1330 XXXVIII,
1226 1221 1289 1304 die
1307 1219 1484 1304 vicesimo
1513 1227 1618 1301 sexto
1639 1216 1781 1300 mensis
1799 1214 1900 1326 ruhi,

284 1331 465 1439 ...ppppnr
492 1355 712 1461 [indictione
740 1355 825 1461 XII,
856 1356 896 1436 in
924 1365 1033 1463 prato
1061 1354 1281 1440 monasterii
1312 1353 1441 1437 Sancti
1466 1352 1629 1436 Zenonis
1655 1352 1704 1433 de
1730 1349 1900 1455 Verona,

490 1488 688 1574 Eccelinus
710 1490 758 1570 de
780 1489 952 1572 Romano
978 1498 1016 1570 et
1041 1488 1283 1572 bonacursus
1300 1487 1348 1570 de
1366 1485 1509 1570 Paluda
1525 1485 1566 1566 in
1588 1482 1766 1566 manibus
1793 1481 1902 1564 Con-

492 1622 594 1728 radi,
623 1621 882 1704 Romanorum
910 1621 1012 1730 regIs
1041 1622 1117 1727 (I),
1136 1621 1314 1703 devotum
1339 1617 1529 1700 mandatis
1546 1614 1807 1726 imperialibus
1827 1611 1902 1695 ob-

492 1754 668 1864 sequium
682 1751 828 1862 jurant.
852 1754 989 1835 Actum
1006 1777 1075 1861 per
1092 1777 1252 1834 manum
1268 1751 1369 1835 Petri
1386 1751 1435 1833 de
1452 1749 1585 1833 Vinea.

574 1954 745 2034 (Memorat.
760 1971 809 2032 ap.
825 1955 966 2034 Zaosra,
984 1951 1092 2017 coron
1112 1953 1230 2028 Veron,
1246 1953 1317 2014 edtt.
1333 1969 1404 2014 ann.
1424 1961 1512 2024 tata,
1531 1967 1599 2012 cum
1623 1953 1702 2010 noha
1720 1945 1900 2020 Bianoollutl.

612 2061 837 2122 Omissumrero
850 2056 1429 2142 averen,stor.‹teqtt1icetai.‚qutoe
1442 2059 1522 2120 iacto
1534 2061 1592 2118 Isto
1601 2059 1781 2118 mentionem
1789 2055 1902 2118 nubum

611 2166 756 2246 exhibet.)

320 2753 426 2808 suem·
545 2731 673 2816 Mense
690 2732 842 2842 augusti
859 2731 1033 2815 Panormi
1039 2741 1150 2816 mnus
1166 2731 1485 2841 archiepiscopus,
1503 2731 1701 2842 episcopus
1716 2727 1902 2856 lieginus,

489 2865 607 2974 judex
634 2865 837 2948 Thaddeus
858 2866 906 2948 de
933 2864 1072 2948 Suessa
1097 2874 1136 2948 et
1162 2864 1344 2973 magister
1371 2863 1556 2974 hogerius
1582 2861 1832 2946 Porcastrella
1857 2863 1904 2944 de

492 2997 721 3082 lombardia
746 2997 796 3080 ab
822 2997 1050 3106 imperatore
1070 2983 1122 3080 ad
1147 3023 1288 3107 papam
1319 2997 1422 3106 apud
1444 2995 1661 3106 Anagniam
1687 2994 1812 3078 nuntii
1835 3019 1905 3078 ve—

492 3128 605 3212 niunt
632 3154 703 3237 pro
731 3154 824 3237 pace
851 3129 950 3212 inter
975 3129 1185 3212 Ecclesiam
1215 3140 1254 3213 et
1284 3129 1485 3239 imperium
1518 3127 1775 3212 reformanda.
1807 3127 1904 3209 Gum

494 3259 635 3368 quibus
661 3285 732 3368 pro
749 3269 856 3367 parte
879 3259 1069 3344 Ecclesiae
1090 3261 1341 3346 Messanensis
1374 3261 1677 3370 archiepiscopus
1709 3259 1759 3340 ad
1780 3258 1905 3366 impe-

531 3568 568 3642 (t)
590 3588 603 3622 a
617 3569 708 3626 Mansa
717 3569 776 3642 julii
791 3569 929 3627 Comedus
940 3585 988 3626 rex
1002 3568 1073 3628 lilius
1083 3570 1254 3644 imperatoris
1266 3571 1338 3645 apud
1352 3573 1486 3629 Veronam
1500 3571 1573 3629 veuit
1588 3569 1624 3628 ad
1636 3575 1740 3644 patrem
1752 3583 1814 3624 cum
1828 3567 1905 3641 prin·

494 3664 600 3738 cipibus
617 3671 645 3722 et
660 3666 780 3723 exercitu
793 3665 910 3739 copioso.
930 3665 996 3725 Cum
1015 3682 1069 3739 qrro
1088 3683 1119 3724 ao
1136 3668 1294 3726 Cremonam
1316 3669 1457 3726 contemne
1478 3667 1540 3725 indo
1560 3665 1672 3725 iellciter
1692 3665 1721 3722 in
1738 3663 1905 3722 obsidionem

495 3762 601 3820 Brixiae
611 3762 999 3837 pmperavit.ltpuuvaronam
1008 3764 1089 3822 etlam
1101 3765 1258 3838 magistrum
1269 3765 1593 3824 homrrsl'hautonioorum
1604 3762 1740 3820 infirmum
1748 3760 1906 3819 redemtam

495 3859 530 3916 de
546 3858 669 3932 partibus
685 3859 887 3918 ultramontanis
900 3853 1003 3935 recepit
1014 3861 1171 3936 imperator.
1186 3882 1199 3916 a
1214 3863 1289 3920 Buce.
1308 3879 1344 3920 ns
1357 3863 1386 3922 S.
1403 3863 1509 3934 Gru„
1526 3861 1666 3931 chronic,
1680 3875 1725 3934 ap.
1743 3860 1904 3930 hiemen,

495 3955 611 4029 script,
629 3957 721 4028 cv11,
736 3957 787 4014 col.
804 3960 884 4014 4039.
903 3957 1053 4016 «Exeunte
1066 3965 1157 4016 autem
1169 3975 1261 4018 meme
1279 3960 1363 4034 juni,
1379 3976 1426 4017 rex
1440 3959 1578 4018 &aradus
1597 3957 1667 4014 lilius
1680 3954 1851 4030 Imperatoris
1870 3951 1905 4012 ab

495 4051 652 4110 Alamannh
663 4067 726 4109 cum
736 4069 833 4126 magna
846 4059 875 4112 st
888 4053 1037 4113 honorabili
1051 4056 1168 4114 militum
1181 4057 1306 4116 comitiva
1320 4057 1454 4116 Vemnam
1467 4055 1591 4114 accessit.
1604 4055 1709 4112 Interea
1721 4059 1798 4126 pater
1808 4051 1906 4125 ejusih

494 4163 590 4223 campo
607 4149 698 4207 Sancti
718 4150 835 4208 Damalis
849 4151 921 4224 apud
934 4151 1021 4226 ipsam
1037 4153 1171 4213 nviatam
1185 4169 1264 4212 suum
1281 4154 1427 4212 exercitum
1445 4152 1626 4226 mugragarit.
1641 4151 1694 4222 Qui
1707 4151 1770 4208 Inde
1787 4155 1907 4208 semotus

494 4245 569 4304 venit
581 4246 739 4304 Cremonam
752 4251 780 4304 et
797 4247 893 4305 dando
907 4257 1066 4322 mugregato
1079 4251 1198 4308 exercitu
1211 4265 1273 4308 curn
1291 4249 1516 4310 Cremonensibus
1531 4255 1560 4306 et
1569 4247 1674 4306 carocio
1687 4245 1733 4304 die
1749 4247 1789 4304 XI
1806 4245 1907 4303 mensis

493 4341 552 4416 julii
567 4341 602 4400 au
615 4341 781 4400 obsidionem
794 4342 909 4402 ciuiutia
930 4345 1034 4402 Brixiae
1050 4347 1216 4420 propararit3
1230 4363 1281 4405 sua
1294 4363 1400 4422 quoquc
1413 4351 1502 4405 castra
1518 4345 1587 4404 iuter
1606 4344 1740 4402 ciutatm
1753 4348 1782 4401 et
1795 4341 1907 4400 flurium

494 4437 574 4498 stela
591 4439 721 4513 posuit.»
739 4438 866 4499 chronic.
882 4439 914 4498 de
931 4441 988 4498 roh.
1001 4444 1034 4498 in
1052 4443 1118 4500 Ital.
1136 4445 1232 4516 pertis,
1250 4461 1280 4518 p.
1302 4445 1364 4501 tta.
1384 4443 1485 4502 hector
1501 4457 1566 4500 vero
1585 4455 1736 4516 anonymus
1760 4453 1806 4497 res
1826 4437 1907 4513 paulo

495 4535 571 4608 prius
583 4549 666 4610 quam
684 4536 713 4594 in
732 4537 846 4596 ramula
861 4544 953 4612 gestae
965 4538 1079 4610 luerint,
1092 4545 1215 4610 cumrat,
1228 4541 1289 4598 licat
1299 4541 1449 4598 monachus
1461 4541 1604 4598 Patavium
1614 4539 1677 4613 ipse
1691 4552 1799 4612 quoque
1812 4535 1903 4593 dicat:

497 4633 624 4690 amdam
637 4647 707 4689 auno
719 4633 864 4706 imperator
877 4635 984 4693 obsedit
997 4635 1113 4692 Brixiam
1126 4653 1145 4692 a
1155 4637 1243 4694 martio
1260 4634 1334 4712 iulio
1348 4639 1483 4712 usquam
1504 4638 1603 4696 testum
1620 4635 1707 4695 macti
1726 4631 1875 4694 'Michaelis
1890 4649 1905 4684 a

496 4726 560 4801 (hp.
572 4727 730 4799 humma,
745 4727 862 4804 script,
876 4735 898 4788 t.
912 4730 983 4804 VIII,
999 4747 1029 4804 p.
1042 4731 1118 4805 ow.)
