4246 5906
486 618 548 679 5¹10
989 623 1204 684 lllllllllllllll
1233 621 1405 684 succum
1713 619 1794 698 [Arm.
1815 619 1899 682 tato.

485 751 602 824 tulasti
625 752 767 848 insuper
791 755 880 828 scire
906 755 1149 828 conscientiam
1174 767 1326 830 nostram
1353 753 1504 850 qualiter
1525 765 1559 826 te
1578 775 1698 847 gerere
1715 753 1844 826 debeas
1865 755 1900 824 in

484 875 642 948 locandis
660 876 706 949 ad
725 876 890 950 cabellum
906 879 1178 972 bajulationibus
1194 880 1339 968 nostris;
1360 877 1407 952 ad
1426 877 1523 974 quod
1543 878 1604 950 tibi
1624 878 1737 950 taliter
1754 898 1899 972 respon·

484 999 608 1074 demus
633 1000 731 1095 qnod
754 1001 790 1073 in
814 1002 1008 1077 vendendis
1031 1013 1066 1076 et
1094 1003 1248 1077 locandis
1278 1003 1548 1096 bajulationibus
1564 1000 1706 1074 studeas
1732 1011 1897 1096 qnantum

484 1133 580 1218 potes
598 1137 823 1220 augmentum
840 1137 874 1200 et
892 1127 1077 1202 comodum
1097 1137 1214 1200 nostre
1227 1128 1323 1202 curie
1337 1147 1540 1223 procurare,
1562 1126 1763 1220 provisurus
1786 1137 1897 1198 tameo

483 1269 529 1320 no
550 1269 609 1320 eus
631 1249 725 1322 loces
741 1251 799 1323 vel
820 1241 954 1325 venda's
977 1251 1177 1325 infidelibus
1198 1252 1343 1336 nostris,
1363 1262 1398 1324 et
1419 1251 1481 1345 qui
1503 1250 1590 1322 alias
1608 1248 1730 1323 lideles
1747 1271 1815 1322 non
1832 1249 1899 1322 siut

482 1391 546 1444 seu
567 1373 671 1444 etiam
688 1375 864 1469 aliquibus
881 1377 940 1470 qui
960 1376 1191 1468 bajulationes
1207 1376 1304 1450 curie
1321 1387 1437 1448 nostre
1455 1395 1498 1448 eo
1514 1374 1630 1446 animo
1647 1393 1763 1446 emus
1780 1375 1898 1446 volunt

483 1507 521 1568 ut
544 1497 670 1570 nostris
694 1495 857 1572 fidelibus
877 1519 1003 1573 nocere
1024 1500 1156 1596 possint
1175 1509 1211 1574 et
1229 1499 1387 1572 inimicos
1407 1499 1543 1593 siquos
1565 1497 1696 1570 babent
1717 1497 1898 1571 occasions

482 1621 613 1694 favoris
627 1622 850 1718 bajulationis
867 1625 1063 1720 opprimere
1087 1625 1227 1698 valeant
1249 1625 1307 1698 vel
1325 1623 1482 1718 injuriari
1503 1621 1655 1714 eisdem,
1675 1643 1741 1695 nec
1758 1643 1898 1718 roepac·

482 1756 554 1818 tum
573 1745 723 1820 babeant
739 1748 785 1821 ad
804 1748 969 1824 honorem
987 1759 1143 1823 nostrum
1161 1751 1197 1822 in
1215 1749 1281 1846 bys
1298 1771 1360 1824 seu
1378 1747 1425 1822 ad
1445 1747 1626 1820 utilitatem
1645 1745 1742 1819 curie
1761 1756 1893 1834 nosue,

480 1870 587 1943 immo
611 1872 723 1966 mugio
739 1872 834 1966 qood
852 1875 1026 1970 propriam
1049 1875 1229 1948 utilitatem
1249 1873 1286 1946 in
1306 1873 1498 1968 dampnum
1523 1881 1637 1944 nosue
1662 1871 1759 1944 curie
1778 1891 1897 1944 conso·

479 2004 643 2089 quantur.
663 1997 778 2082 Quare
794 1999 957 2091 quotiens
983 1997 1137 2072 vendere
1160 1998 1268 2072 debes
1290 1997 1521 2091 bajulationes
1546 2005 1680 2068 nocuas
1703 2017 1766 2068 sen
1786 1995 1896 2068 locare

478 2119 593 2208 alicui,
619 2119 776 2192 invenias
794 2119 913 2194 lideles
930 2129 966 2194 et
984 2123 1112 2215 legales
1128 2123 1221 2196 viros
1238 2122 1300 2216 qni
1323 2121 1444 2194 lidoles
1464 2129 1599 2192 nostroe
1616 2141 1686 2192 non
1702 2119 1897 2214 opprimant

479 2263 544 2314 nec
564 2243 718 2315 animum
738 2243 889 2318 babeant
904 2246 984 2336 jora
1002 2255 1118 2318 nostra
1136 2256 1171 2318 et
1189 2244 1343 2318 lidelium
1369 2253 1565 2318 nostrorum
1587 2241 1786 2336 subripere,
1810 2241 1895 2335 quin

478 2367 592 2462 potius
613 2377 683 2440 tam
710 2369 931 2444 commodum
953 2371 1051 2444 curie
1065 2381 1182 2444 nostro
1201 2391 1308 2466 qnam
1328 2367 1483 2442 fidelium
1508 2377 1702 2440 nostrornm
1723 2366 1768 2439 ad
1787 2364 1895 2458 justi-

477 2490 560 2564 tiam
581 2491 728 2566 fideliter
755 2502 790 2566 et
812 2493 1034 2568 laudabiliter
1061 2495 1151 2566 bona
1177 2493 1245 2566 lide
1270 2503 1474 2588 procurent,
1500 2501 1536 2564 et
1560 2493 1687 2564 talibus
1710 2491 1891 2579 volomus,

477 2615 580 2688 etiam
600 2617 630 2688 si
648 2627 803 2712 oporteat
820 2617 1009 2712 aliquando
1026 2639 1089 2713 pro
1104 2617 1229 2690 minori
1250 2617 1379 2714 pretio,
1400 2615 1498 2710 quod
1513 2623 1649 2688 noscas
1670 2613 1894 2706 bajulationes

476 2739 629 2814 vendere
651 2739 779 2813 debeas
799 2761 861 2816 seu
885 2741 1013 2814 locare.
1037 2744 1088 2814 De
1112 2739 1402 2836 quaternionibus
1426 2747 1542 2812 autem
1568 2737 1665 2810 omia
1693 2747 1810 2810 nostro
1833 2738 1892 2832 qui

477 2863 653 2936 continent
672 2863 823 2960 quedam
842 2864 981 2938 residua
1003 2865 1107 2938 officii
1126 2865 1268 2938 secretio
1285 2873 1321 2937 et
1342 2865 1483 2936 luemnt
1499 2861 1676 2960 quondam
1698 2861 1891 2957 lluymundi

476 2987 611 3080 secreti,
631 2989 691 3082 qni
710 2999 793 3062 sunt
811 2989 901 3062 sieut
918 2989 1083 3086 scripsisti
1106 2990 1142 3062 in
1162 2988 1289 3086 palatio
1309 2997 1427 3062 nostro
1446 2986 1620 3078 Panormi,
1640 2999 1676 3059 et
1693 2985 1757 3058 tibi
1777 2978 1893 3060 ncces·

476 3111 557 3184 sarii
572 3122 653 3185 sunt
668 3135 731 3208 pro
748 3113 900 3186 servitiis
918 3114 1063 3204 nostris,
1082 3135 1164 3186 ecco
1181 3112 1278 3208 quod
1300 3112 1486 3186 castellano
1503 3109 1662 3184 Panormi
1686 3109 1812 3182 damus
1834 3132 1892 3206 per

476 3245 610 3308 nostras
626 3237 761 3310 lictores
783 3237 820 3308 in
840 3235 1013 3310 mandatis
1031 3245 1070 3309 ut
1090 3257 1137 3310 ex
1160 3237 1212 3308 eis
1232 3235 1293 3308 tibi
1322 3235 1457 3330 copiam
1478 3233 1598 3324 iaciat;
1618 3243 1656 3306 tu
1675 3254 1755 3306 vero
1775 3233 1891 3306 habita

475 3358 629 3455 ipsarum
647 3361 759 3456 copia,
776 3359 918 3434 residua
936 3361 1054 3433 omnia
1068 3381 1138 3454 que
1152 3362 1372 3433 continentur
1387 3359 1517 3434 ibidem
1531 3357 1723 3448 recolligas.
1739 3359 1790 3430 De
1803 3379 1891 3429 nau-

475 3485 580 3578 fragis
599 3485 705 3558 lacios
718 3485 822 3576 juxta
840 3505 1015 3558 saoramm
1035 3485 1318 3558 constitutionum
1336 3493 1533 3556 nonnarum
1554 3491 1721 3555 tenorem.
1740 3479 1796 3554 Ad
1815 3503 1889 3551 mo-

475 3607 619 3680 tandum
638 3609 745 3680 alium
775 3617 918 3705 gaytum
943 3610 1105 3682 nolumus
1132 3607 1228 3703 quod
1244 3605 1430 3704 procedas,
1458 3605 1569 3680 donec
1593 3604 1770 3700 significes
1792 3605 1891 3677 nobis

472 3731 552 3825 quis
572 3732 673 3804 luerit
697 3733 756 3806 ille
773 3733 835 3827 qui
860 3733 907 3808 ud
932 3733 1047 3828 ipsum
1075 3732 1227 3806 officium
1254 3731 1370 3805 utilior
1388 3741 1423 3804 et
1438 3731 1559 3805 melior
1581 3730 1762 3816 videatur,
1777 3739 1815 3803 et
1829 3729 1889 3802 tibi

472 3853 575 3949 plene
593 3863 724 3928 constet
733 3855 829 3950 quod
842 3853 954 3928 fidelis
970 3864 1086 3928 noster
1099 3857 1145 3928 sit
1159 3865 1195 3928 et
1206 3855 1298 3928 utilis
1308 3863 1344 3928 ot
1357 3853 1533 3928 sufficiens
1549 3853 1595 3927 ad
1608 3855 1724 3949 ipsum
1738 3853 1888 3926 officium

472 3977 734 4072 exequendum,
752 4001 818 4052 nec
838 4001 909 4054 non
935 3988 969 4053 et
993 4002 1062 4074 que
1087 4003 1191 4054 causa
1210 3989 1244 4054 to
1262 3979 1406 4054 inducat
1421 3978 1468 4052 ad
1484 3979 1689 4052 mutandum
1710 3979 1815 4050 istum
1829 3999 1877 4071 qu

471 4124 565 4175 nunc
583 4111 721 4175 exercet
737 4103 889 4176 officium
916 4105 1147 4194 antedictum,
1166 4115 1298 4177 etcum
1316 4123 1380 4198 per
1395 4115 1429 4176 te
1446 4123 1552 4199 super
1569 4100 1716 4196 singulis
1731 4101 1888 4172 instructi

472 4227 658 4318 fuerimus,
678 4226 741 4298 tibi
770 4227 999 4301 rescribemus
1026 4227 1108 4300 inde
1137 4237 1253 4301 nostre
1282 4227 1539 4322 beneplacitum
1562 4224 1764 4298 voluntatis.
1794 4223 1889 4296 Seius

472 4361 626 4448 preterea
649 4351 745 4446 qnod
765 4352 928 4424 volumus
947 4351 1045 4446 quod
1062 4352 1202 4447 prestita
1220 4352 1282 4424 tibi
1300 4353 1401 4448 copia
1427 4373 1489 4448 per
1512 4350 1738 4424 castellanum
1765 4347 1887 4443 palacii

471 4475 515 4548 de
530 4475 820 4569 quaternionibus
832 4476 1010 4570 quondam
1030 4475 1228 4571 Raymundi
1251 4475 1391 4566 secreti,
1413 4475 1508 4570 ipsos
1524 4494 1585 4569 per
1601 4469 1722 4544 fideles
1736 4471 1887 4542 notarios

469 4610 504 4672 et
521 4621 638 4671 coram
656 4599 775 4694 probis
792 4601 877 4672 viris
895 4597 1043 4674 fideliter
1057 4599 1236 4672 transcribi
1254 4601 1374 4686 iacias,
1392 4609 1428 4672 et
1442 4597 1632 4671 autenticos
1646 4605 1833 4691 quaternos
1851 4595 1885 4666 in

468 4723 593 4797 ecdem
610 4733 727 4797 nostro
740 4724 867 4821 palatio
887 4723 1063 4818 dimietas,
1082 4735 1116 4798 et
1135 4723 1357 4819 transcriptos
1377 4731 1494 4796 teneas
1505 4731 1541 4794 et
1553 4719 1694 4814 colligas
1707 4717 1790 4793 inde
1806 4717 1884 4790 sin·
