4246 5906
489 576 550 638 524
989 577 1201 638 FltllllllllCl
1226 575 1400 638 suctum
1712 575 1793 656 [dnn.
1811 575 1897 638 1239.

488 717 553 788 Pro
570 715 783 788 vestimentis
805 715 909 788 etiam
936 715 1089 810 ipsarum
1115 713 1373 786 domicellamm
1400 711 1609 784 recollectori
1630 711 1813 784 scribimus
1836 733 1899 782 su-

488 841 643 936 pradicto
665 851 703 912 ιιι
726 840 773 914 ad
800 841 1058 936 requisitionem
1082 850 1176 914 tuam
1202 861 1245 912 oa
1269 839 1353 934 ipsis
1375 837 1500 912 debeat
1522 838 1698 912 exhibere.
1725 839 1792 912 Pro
1816 861 1900 912 cus-

488 966 583 1040 todia
606 967 749 1061 iusuper
764 966 880 1038 Turris
903 965 1042 1058 Maioris
1064 963 1263 1059 supradicto
1281 963 1448 1059 provisori
1470 961 1676 1036 mandamus
1692 973 1733 1034 ιιι
1754 963 1821 1058 bys
1839 965 1899 1057 qui

488 1113 583 1164 nuno
605 1099 687 1162 suut
708 1089 818 1186 ipsius
834 1089 935 1162 castri
959 1087 1116 1161 custodie
1137 1086 1292 1182 deputati
1313 1097 1362 1159 ιοι
1378 1086 1567 1159 servientes
1585 1085 1693 1160 addat
1714 1086 1810 1179 quod
1833 1088 1901 1158 siut

488 1217 577 1288 iuter
595 1235 736 1302 omues,
756 1213 961 1308 computatis
977 1213 1038 1307 qui
1060 1233 1154 1283 nuuc
1170 1211 1220 1282 ibi
1239 1221 1336 1295 suut,
1354 1211 1509 1304 triginta,
1529 1220 1565 1281 et
1585 1219 1798 1304 prouarrato
1811 1219 1900 1281 tem-

488 1363 571 1436 pore
590 1341 702 1411 solvat
718 1337 855 1412 eoldum
871 1347 906 1409 et
923 1335 1189 1432 companagium
1207 1335 1274 1406 illis
1289 1355 1377 1428 quos
1393 1333 1599 1406 castellanus
1614 1354 1676 1428 pro
1691 1333 1810 1425 majori
1823 1355 1900 1406 cus·

488 1465 580 1538 todia
599 1463 701 1536 castri
721 1472 755 1533 et
775 1461 990 1556 captivorum
1009 1460 1070 1552 qui
1088 1459 1137 1530 ibi
1157 1467 1256 1544 sunt,
1275 1458 1415 1530 retinuit
1432 1479 1543 1550 usque
1561 1457 1678 1529 modo.

537 1587 660 1658 Datum
679 1583 772 1680 apud
790 1584 958 1669 laudam,
979 1581 1057 1654 Xlll
1081 1581 1294 1672 novembris,
1313 1581 1390 1652 Xlll
1407 1579 1617 1652 indictionis.

703 1891 1016 1906 ψ

538 2163 760 2248 Mandatum
788 2164 836 2244 ad
866 2161 1070 2244 Henricum
1104 2161 1292 2244 Abbatem
1318 2187 1390 2271 pro
1416 2163 1588 2272 quinque
1616 2143 1787 2246 millibus
1816 2187 1898 2244 un-

285 2253 367 2337 ²¹¹²¹¹²¹'
368 2252 457 2340 ὼ
483 2297 629 2380 ciarum
667 2295 908 2404 assignandis
943 2293 1108 2378 lieberto
1152 2295 1201 2377 de
1240 2294 1467 2378 castellione
1502 2296 1569 2404 qui
1610 2295 1650 2376 in
1695 2295 1899 2379 llarcbiam

485 2429 661 2511 mittitur.

567 2637 695 2720 (depost.
710 2639 811 2718 imper.
826 2633 948 2697 diedo.
964 2638 1009 2714 11,
1025 2637 1077 2698 iol.
1094 2647 1130 2700 ιι
1149 2653 1250 2710 verso;
1265 2638 1299 2698 ln
1311 2635 1383 2698 edlt.
1398 2635 1536 2710 Curcum,
1548 2653 1580 2712 p.
1594 2635 1678 2714 ιιι.)

533 2825 584 2894 De
606 2819 776 2916 imperiali
796 2819 955 2892 mandato
975 2823 1067 2911 [octo
1085 2839 1150 2914 per
1176 2819 1372 2912 mopistrom
1396 2819 1436 2890 P.
1459 2817 1500 2889 de
1522 2819 1623 2890 Vinea
1648 2818 1779 2912 scripsit
1804 2819 1901 2890 Lao-

485 2946 634 3019 rectior:

533 3067 748 3160 Fredericns‚
766 3077 848 3158 etc,
870 3066 1018 3139 Honrioo
1033 3063 1157 3138 Abbati
1178 3065 1312 3138 consuli
1328 3064 1484 3154 Tunnisi‚
1503 3073 1570 3137 etc.
1588 3065 1678 3138 Ecce
1693 3063 1790 3161 quod
1809 3065 1900 3136 liob-

486 3195 622 3268 bertum
646 3193 690 3265 de
711 3191 914 3264 Castellione
933 3189 1071 3264 fidelem
1089 3198 1264 3282 nostrum,
1282 3199 1446 3282 tanquam
1470 3188 1630 3282 pravium
1650 3187 1759 3260 nostri
1782 3187 1902 3260 celeris

486 3319 678 3405 adventus,
709 3337 831 3389 versus
860 3313 1047 3388 biarchiam
1074 3312 1121 3385 ad
1140 3312 1327 3385 Heurieum
1357 3312 1523 3384 illustrem
1545 3333 1663 3406 rogem
1686 3311 1848 3383 Turrium
1868 3319 1901 3383 ot

487 3440 641 3534 Gallure,
665 3449 749 3532 ete,
770 3459 832 3534 pro
855 3438 980 3512 nostris
997 3435 1148 3509 servitiis
1176 3436 1403 3509 destinamus.
1425 3433 1596 3508 fidelitati
1618 3445 1676 3509 tue
1691 3434 1901 3532 precipimus

487 3573 658 3660 quatenus
677 3562 722 3637 de
738 3562 887 3658 pecunia
910 3561 1006 3634 curie
1028 3567 1144 3633 nostre
1167 3579 1273 3653 quarn
1296 3557 1406 3631 babes
1424 3579 1536 3652 usque
1554 3557 1600 3632 ad
1621 3559 1901 3653 quinquemillia

487 3688 691 3779 unciarum,
707 3685 822 3759 statim
839 3685 924 3758 visis
937 3684 1005 3780 bys
1016 3683 1160 3772 limeris,
1176 3703 1239 3777 pro
1253 3680 1384 3755 eisdem
1400 3683 1525 3755 nostris
1539 3681 1688 3754 servitiis
1704 3676 1760 3778 [ei]
1773 3679 1901 3754 debeas

488 3812 680 3905 assignare,
698 3819 899 3904 recepturus
914 3806 1099 3880 abeodem
1121 3805 1251 3880 exindo
1271 3803 1473 3901 apodixem.

539 3936 664 4008 Datum
683 3932 778 4029 apud
796 3931 964 4022 Laudem,
980 3931 1063 4004 XXI
1080 3929 1293 4021 novembris,
1309 3929 1388 4002 Xlll
1408 3927 1616 4002 indictionis.

317 4553 427 4659 hipp·
543 4521 705 4604 Litterae
731 4514 969 4625 responsales
994 4515 1043 4596 ad
1070 4512 1273 4596 Paulinum
1291 4512 1340 4594 de
1357 4511 1471 4596 Multa
1498 4514 1546 4594 de
1572 4511 1728 4595 camelis
1754 4520 1793 4595 et
1815 4511 1897 4596 leo-

290 4661 346 4706 ²¹¹¹
346 4636 461 4706 '‘³¹²''l‘
490 4654 620 4766 pardis
644 4649 850 4763 justitiario
870 4648 1113 4756 Capitunatae
1136 4657 1173 4729 et
1201 4645 1451 4756 leoparderiis
1468 4645 1645 4730 Luceriae
1672 4645 1895 4756 assignatis,
