4224 5898
227 592 325 652 lauret.
343 589 405 667 12]
677 589 872 652 HISTORIA
899 587 1190 650 btvnobtt'tcrt.
1577 589 1637 650 25¹3

226 727 337 798 cimus
361 725 558 812 interdicto,
584 725 631 796 ita
647 727 742 818 quod
764 727 901 822 publice
924 727 977 796 vel
1004 733 1135 796 secreto
1157 722 1288 793 nullum
1310 720 1359 792 ibi
1381 720 1540 794 divinum
1561 725 1636 796 olli·

225 851 318 921 cium
334 849 536 934 celebretur,
554 847 771 939 indulgentia
784 851 841 922 vel
858 848 1039 944 privilegio
1054 847 1207 940 quolibet
1223 865 1292 916 non
1310 844 1482 935 obstante3
1499 868 1634 920 omnes·

225 993 295 1066 que
307 973 370 1066 qni
389 969 503 1044 eidem
522 972 795 1066 presumpserint
813 973 986 1044 celebrare
1009 971 1065 1043 vel
1082 970 1195 1063 potius
1210 969 1389 1064 profanare
1405 967 1525 1040 divina
1546 991 1635 1063 pene

225 1095 451 1189 depositionis
459 1107 624 1188 perpetuo
631 1095 848 1167 decernimus
859 1095 1050 1188 subiacere,
1062 1093 1235 1165 universis
1249 1092 1635 1187 patriarchis,arehiepi·

225 1218 338 1311 scopis
357 1229 392 1290 et
409 1219 598 1312 episcopis,
619 1219 804 1292 abbatibus
822 1220 925 1291 etiam
946 1230 979 1291 ot
997 1219 1073 1290 aliis
1094 1217 1316 1289 ecclesiarum
1339 1217 1478 1309 prelatis
1498 1216 1633 1288 distric-

225 1340 295 1412 tius
315 1341 510 1412 inhibentes
525 1362 571 1413 ne
591 1343 703 1412 vocati
722 1341 768 1414 ad
792 1362 872 1413 eum
895 1341 1025 1412 vadant
1046 1361 1109 1410 nec
1126 1360 1205 1410 com
1231 1339 1306 1432 ipso
1331 1349 1524 1428 morentur;
1543 1340 1633 1412 alio-

224 1465 310 1557 quin
327 1464 478 1536 debitam
500 1486 567 1537 non
590 1465 756 1556 effugient
785 1465 963 1536 ultionem.
983 1464 1060 1548 Quo
1085 1463 1176 1534 circa
1201 1461 1459 1534 universitatem
1483 1473 1630 1536 vestram

224 1607 404 1659 monemus
425 1597 460 1659 et
481 1588 658 1659 hortamur
679 1589 863 1677 attentius,
892 1609 953 1681 per
979 1587 1164 1680 apostolica
1186 1585 1288 1657 vobis
1308 1587 1431 1678 scripta
1450 1587 1486 1656 in
1504 1588 1631 1660 virtute

223 1709 419 1781 obedientie
445 1709 587 1782 tirmiter
613 1711 832 1803 precipiendo
859 1709 1061 1781 mandantes
1088 1719 1259 1802 quatenus
1285 1709 1419 1779 nullum
1451 1711 1517 1780 sibi
1546 1733 1631 1805 pre-

223 1841 353 1906 stantes
366 1834 568 1924 consilium,
582 1835 754 1907 auxilium
773 1835 830 1906 vel
845 1835 997 1906 favorem
1010 1833 1198 1927 predictam
1212 1833 1577 1906 excommunicationis
1596 1846 1631 1907 et

222 1956 447 2029 anathematis
464 1959 664 2029 sententiam
685 1957 831 2050 singulis
847 1957 973 2028 diebus
989 1957 1170 2028 dominicis
1186 1966 1221 2028 et
1240 1957 1348 2046 lestis,
1375 1959 1519 2052 pulsatis
1536 1980 1629 2030 cam-

223 2079 323 2174 panis
338 2090 372 2151 et
389 2079 541 2152 candelis
558 2081 727 2170 accensis,
744 2101 785 2152 ac
806 2080 1009 2172 generaliter
1027 2079 1093 2150 alia
1108 2079 1224 2151 omnia
1240 2101 1309 2172 que
1328 2079 1364 2148 in
1381 2081 1529 2172 presenti
1546 2102 1628 2152 con-

223 2202 389 2294 tinentur‚
410 2204 608 2276 solemniter
624 2203 808 2298 publicetis
824 2225 866 2274 ac
882 2203 1040 2289 nuntiare
1063 2203 1187 2274 curetis
1203 2213 1238 2274 et
1254 2202 1385 2274 laciatis
1404 2203 1506 2274 simili
1524 2205 1628 2278 modo

222 2347 284 2420 per
300 2337 433 2400 vestras
446 2328 602 2399 civitates
620 2338 654 2399 et
674 2327 832 2400 dioceses
849 2327 1025 2421 publicare
1039 2337 1073 2397 et
1097 2327 1198 2398 etiam
1225 2326 1401 2412 nuntiare,
1426 2328 1627 2398 mandatum

222 2459 376 2521 nostrum
390 2451 502 2523 taliter
520 2451 692 2544 impleturi
712 2451 807 2545 quod
823 2450 962 2523 devotio
984 2459 1097 2522 vestra
1120 2449 1227 2544 possit
1245 2449 1374 2520 exinde
1392 2451 1512 2522 merito
1530 2473 1629 2523 com-

220 2571 377 2644 mendari
388 2571 451 2668 (a).
464 2573 621 2646 Ceterum
633 2597 742 2667 quum
757 2575 910 2668 prelatus
919 2573 1118 2646 Fredericus
1128 2572 1174 2644 de
1187 2573 1263 2644 aliis
1272 2574 1406 2665 magnis
1420 2583 1454 2645 et
1463 2575 1629 2667 gravibus

219 2695 263 2767 sit
280 2697 467 2791 plurimum
486 2699 672 2770 infamatus
690 2699 905 2788 criminibus,
922 2719 986 2770 nos
1005 2697 1109 2770 dante
1124 2696 1272 2769 Donnino
1289 2719 1393 2791 super
1407 2698 1460 2768 his
1475 2719 1539 2768 suo
1555 2699 1629 2770 loco

219 2827 253 2888 et
271 2829 424 2913 ternpore
440 2821 685 2915 procedemus,
704 2831 808 2916 prout
831 2823 866 2893 in
884 2822 1011 2892 talibus
1035 2821 1162 2914 negotii
1181 2829 1304 2894 natura
1326 2821 1482 2914 requirit.
1502 2823 1630 2894 Verum

218 2941 301 3035 quia
325 2944 464 3014 terroris
484 2945 616 3016 sonitus
642 2967 778 3040 semper
802 2954 854 3017 est
876 2947 912 3014 in
928 2945 1071 3016 auribus
1096 2944 1298 3038 impiorum,
1320 2953 1354 3016 et
1372 2945 1472 3016 etiam
1489 2945 1631 3038 qnando

219 3085 290 3160 pax
317 3075 370 3137 est
391 3065 535 3139 insidias
556 3069 794 3163 suspicantur,
822 3089 864 3140 eo
887 3068 983 3162 quod
1006 3068 1143 3140 turbata
1164 3068 1371 3140 conscicntia
1394 3090 1528 3162 semper
1548 3090 1630 3141 seva

218 3189 402 3282 presumit,
419 3188 513 3261 idem
531 3189 753 3278 Fredericus,
771 3191 973 3286 priusquam
990 3191 1159 3262 sententia
1177 3191 1546 3264 excommunicationis
1563 3192 1631 3264 lata
1667 3261 1671 3272 ,

219 3321 308 3384 esset
326 3311 362 3382 in
381 3312 509 3406 ipsum,
530 3313 698 3407 quasdam
719 3315 880 3386 tratribus
897 3314 1022 3386 nostris
1039 3313 1194 3385 decrevit
1207 3313 1335 3384 litteras
1354 3313 1630 3386 transmittendas

217 3455 280 3528 pro
300 3443 398 3529 parte
421 3436 568 3508 inferius
592 3447 792 3528 annotatas,
819 3459 890 3531 que
912 3446 989 3532 post
1013 3437 1170 3509 eamdem
1191 3438 1293 3507 latam
1318 3438 1520 3508 sententiam
1547 3437 1631 3530 ipsis

217 3567 410 3651 presentata
435 3558 480 3630 ad
506 3569 654 3633 nostram
680 3571 714 3632 et
742 3560 946 3634 eorumdem
973 3559 1129 3632 notitiam
1154 3569 1398 3654 pervenerunt.
1423 3559 1523 3631 Unde
1547 3561 1630 3652 quia

219 3681 328 3751 voluit
343 3681 511 3753 Dominus
528 3685 663 3756 occulta
688 3684 802 3756 cordis
828 3688 904 3777 ojus
925 3683 1105 3776 detegere,
1127 3684 1187 3776 qui
1213 3684 1409 3754 manifestat
1427 3682 1630 3756 abscondita

217 3803 437 3876 tenebrarum
452 3815 487 3876 et
504 3807 662 3878 cordium
683 3817 814 3878 secreta
827 3809 969 3898 revelat,
986 3829 1031 3878 ex
1048 3808 1201 3901 ipsarum
1219 3806 1406 3877 litterarum
1424 3814 1541 3878 tenore
1555 3807 1631 3878 col-

217 3925 334 4018 ligitur
354 3949 459 4019 quam
477 3939 574 4020 gerat
600 3928 818 4002 devotionem
843 3929 889 4001 ad
914 3931 1103 4001 Romanam
1128 3928 1316 4000 Ecclesiam
1341 3937 1483 4000 matrem
1508 3951 1625 4019 suam,

219 4069 323 4142 wem
345 4049 392 4122 ad
409 4071 583 4122 summum
602 4052 800 4147 pontificem
826 4061 861 4124 et
879 4053 999 4124 tratres
1022 4054 1097 4143 ejus
1117 4073 1159 4124 ac
1182 4051 1304 4124 Sedem
1326 4053 1555 4147 Apostolicam
1575 4075 1631 4123 re·

217 4171 406 4245 verentium
428 4171 573 4264 habeat,
595 4178 694 4267 eujus
713 4176 845 4248 ratione
868 4176 964 4269 regni
986 4177 1153 4247 vassallus
1170 4175 1306 4266 existit;
1327 4187 1444 4248 contra
1459 4198 1522 4248 nos
1536 4177 1629 4248 enim

216 4303 250 4366 et
266 4295 360 4389 ipsos
381 4298 596 4391 conspirasse
612 4298 768 4390 videtur,
788 4321 835 4371 ex
854 4321 924 4392 quo
940 4309 1109 4393 quantum
1126 4308 1161 4370 et
1177 4299 1281 4392 quale
1300 4299 1428 4370 crimen
1450 4300 1630 4370 incurrerit

215 4420 296 4490 satis
313 4427 418 4514 patet.
436 4420 527 4492 luter
543 4431 655 4493 cetera
673 4443 758 4495 vero
775 4444 844 4515 que
860 4445 923 4494 sua
942 4423 1138 4494 continebat
1156 4421 1316 4515 epistola,
1337 4423 1401 4494 hec
1414 4422 1629 4492 habebantur

256 4579 298 4659 (a)
318 4581 377 4658 Ap.
393 4581 583 4660 baynaldum
598 4581 698 4644 taliter
710 4581 861 4664 impletura·
878 4583 955 4666 quod
970 4583 1005 4644 de
1025 4583 1201 4668 negligentia
1218 4583 1357 4668 redurpci
1373 4583 1556 4668 aliquetenus
1570 4602 1629 4646 aaa

211 4687 327 4762 poscitis
340 4693 368 4748 at
377 4704 429 4750 aaa
441 4696 543 4752 contra
555 4707 603 4752 cot
615 4687 692 4751 alias
700 4691 855 4770 parcam
863 4710 922 4753 aaa
935 4711 1080 4774 cogamur.
