<?xml version="1.0" encoding="UTF-8"?>
<!DOCTYPE html PUBLIC "-//W3C//DTD XHTML 1.0 Transitional//EN"
    "http://www.w3.org/TR/xhtml1/DTD/xhtml1-transitional.dtd">
<html xmlns="http://www.w3.org/1999/xhtml" xml:lang="en" lang="en">
 <head>
  <title>
</title>
<meta http-equiv="Content-Type" content="text/html;charset=utf-8" />
  <meta name='ocr-system' content='tesseract 3.04.00' />
  <meta name='ocr-capabilities' content='ocr_page ocr_carea ocr_par ocr_line ocrx_word'/>
</head>
<body>
  <div class='ocr_page' id='page_1' title='image "./historiadiploma02fredgoog_0367.png"; bbox 0 0 4228 5892; ppageno 0'>
   <div class='ocr_carea' id='block_1_1' title="bbox 496 591 1902 674">
    <p class='ocr_par' dir='ltr' id='par_1_1' title="bbox 496 591 1902 674">
     <span class='ocr_line' id='line_1_1' title="bbox 496 591 1902 674; baseline -0.002 -20"><span class='ocrx_word' id='word_1_1' title='bbox 496 592 559 656; x_wconf 77' lang='grc'>354</span> <span class='ocrx_word' id='word_1_2' title='bbox 997 593 1209 654; x_wconf 82' lang='lat' dir='ltr'>FllllllllllCl</span> <span class='ocrx_word' id='word_1_3' title='bbox 1234 591 1407 652; x_wconf 75' lang='lat' dir='ltr'>suebum</span> <span class='ocrx_word' id='word_1_4' title='bbox 1719 591 1796 674; x_wconf 73' lang='lat' dir='ltr'>[aar.</span> <span class='ocrx_word' id='word_1_5' title='bbox 1815 591 1902 654; x_wconf 75' lang='lat'>1239.</span> 
     </span>
    </p>
   </div>
   <div class='ocr_carea' id='block_1_2' title="bbox 490 716 1905 4154">
    <p class='ocr_par' dir='ltr' id='par_1_2' title="bbox 492 716 1905 2298">
     <span class='ocr_line' id='line_1_2' title="bbox 496 716 1902 821; baseline -0.001 -23"><span class='ocrx_word' id='word_1_6' title='bbox 496 725 632 821; x_wconf 86' lang='lat' dir='ltr'>Brayda</span> <span class='ocrx_word' id='word_1_7' title='bbox 658 725 703 797; x_wconf 91' lang='lat' dir='ltr'>de</span> <span class='ocrx_word' id='word_1_8' title='bbox 730 716 890 818; x_wconf 84' lang='lat' dir='ltr'>Florauo,</span> <span class='ocrx_word' id='word_1_9' title='bbox 923 747 1034 820; x_wconf 88' lang='lat' dir='ltr'>eaque</span> <span class='ocrx_word' id='word_1_10' title='bbox 1061 727 1145 821; x_wconf 92' lang='lat' dir='ltr'>ipsis</span> <span class='ocrx_word' id='word_1_11' title='bbox 1172 727 1208 796; x_wconf 92' lang='lat' dir='ltr'>in</span> <span class='ocrx_word' id='word_1_12' title='bbox 1235 733 1438 821; x_wconf 90' lang='lat' dir='ltr'>perpetuum</span> <span class='ocrx_word' id='word_1_13' title='bbox 1459 723 1575 817; x_wconf 89' lang='lat' dir='ltr'>quiete</span> <span class='ocrx_word' id='word_1_14' title='bbox 1602 723 1752 797; x_wconf 87' lang='lat' dir='ltr'>tenenda</span> <span class='ocrx_word' id='word_1_15' title='bbox 1778 724 1902 798; x_wconf 87' lang='lat' dir='ltr'>confir-</span> 
     </span>
     <span class='ocr_line' id='line_1_3' title="bbox 496 846 1903 944; baseline -0.001 -23"><span class='ocrx_word' id='word_1_16' title='bbox 496 870 645 921; x_wconf 84' lang='lat' dir='ltr'><strong>mamus.</strong></span> <span class='ocrx_word' id='word_1_17' title='bbox 667 846 723 920; x_wconf 84' lang='lat' dir='ltr'>ad</span> <span class='ocrx_word' id='word_1_18' title='bbox 745 849 845 940; x_wconf 91' lang='lat' dir='ltr'>cujus</span> <span class='ocrx_word' id='word_1_19' title='bbox 863 850 913 920; x_wconf 89' lang='lat' dir='ltr'>rei</span> <span class='ocrx_word' id='word_1_20' title='bbox 935 849 1146 922; x_wconf 88' lang='lat' dir='ltr'>evidentiam</span> <span class='ocrx_word' id='word_1_21' title='bbox 1167 857 1359 944; x_wconf 90' lang='lat' dir='ltr'>presentem</span> <span class='ocrx_word' id='word_1_22' title='bbox 1381 848 1542 942; x_wconf 80' lang='lat' dir='ltr'>paginam</span> <span class='ocrx_word' id='word_1_23' title='bbox 1563 846 1730 920; x_wconf 80' lang='lat' dir='ltr'><strong>conscribi</strong></span> <span class='ocrx_word' id='word_1_24' title='bbox 1749 857 1785 919; x_wconf 91' lang='lat' dir='ltr'>et</span> <span class='ocrx_word' id='word_1_25' title='bbox 1801 848 1903 942; x_wconf 82' lang='lat' dir='ltr'>sigilli</span> 
     </span>
     <span class='ocr_line' id='line_1_4' title="bbox 497 969 1903 1067; baseline 0 -25"><span class='ocrx_word' id='word_1_26' title='bbox 497 972 603 1044; x_wconf 87' lang='lat' dir='ltr'>nostri</span> <span class='ocrx_word' id='word_1_27' title='bbox 620 971 845 1067; x_wconf 72' lang='lat' dir='ltr'>impressione</span> <span class='ocrx_word' id='word_1_28' title='bbox 858 971 1025 1062; x_wconf 90' lang='lat' dir='ltr'>jussimus</span> <span class='ocrx_word' id='word_1_29' title='bbox 1038 972 1242 1044; x_wconf 91' lang='lat' dir='ltr'>communiri</span> <span class='ocrx_word' id='word_1_30' title='bbox 1256 997 1265 1056; x_wconf 90' lang='lat'>;</span> <span class='ocrx_word' id='word_1_31' title='bbox 1281 979 1468 1044; x_wconf 74' lang='lat' dir='ltr'>statuentes</span> <span class='ocrx_word' id='word_1_32' title='bbox 1481 978 1515 1043; x_wconf 92' lang='lat' dir='ltr'>et</span> <span class='ocrx_word' id='word_1_33' title='bbox 1534 971 1640 1064; x_wconf 85' lang='lat' dir='ltr'>regali</span> <span class='ocrx_word' id='word_1_34' title='bbox 1658 969 1772 1042; x_wconf 87' lang='lat' dir='ltr'>edicto</span> <span class='ocrx_word' id='word_1_35' title='bbox 1793 971 1903 1064; x_wconf 81' lang='lat' dir='ltr'>praei-</span> 
     </span>
     <span class='ocr_line' id='line_1_5' title="bbox 496 1091 1903 1190; baseline 0.001 -24"><span class='ocrx_word' id='word_1_36' title='bbox 496 1094 629 1189; x_wconf 81' lang='lat' dir='ltr'>pientes</span> <span class='ocrx_word' id='word_1_37' title='bbox 641 1105 680 1167; x_wconf 92' lang='lat' dir='ltr'>nt</span> <span class='ocrx_word' id='word_1_38' title='bbox 695 1095 810 1168; x_wconf 91' lang='lat' dir='ltr'>nullus</span> <span class='ocrx_word' id='word_1_39' title='bbox 824 1093 1116 1190; x_wconf 81' lang='lat' dir='ltr'>archiepiscopus,</span> <span class='ocrx_word' id='word_1_40' title='bbox 1136 1095 1335 1190; x_wconf 89' lang='lat' dir='ltr'>episcopus,</span> <span class='ocrx_word' id='word_1_41' title='bbox 1356 1091 1449 1184; x_wconf 84' lang='lat' dir='ltr'>dux,</span> <span class='ocrx_word' id='word_1_42' title='bbox 1471 1093 1637 1184; x_wconf 90' lang='lat' dir='ltr'>marchio,</span> <span class='ocrx_word' id='word_1_43' title='bbox 1657 1113 1789 1184; x_wconf 82' lang='lat' dir='ltr'>comes,</span> <span class='ocrx_word' id='word_1_44' title='bbox 1808 1093 1903 1168; x_wconf 87' lang='lat' dir='ltr'>nulla</span> 
     </span>
     <span class='ocr_line' id='line_1_6' title="bbox 496 1213 1904 1311; baseline 0.001 -23"><span class='ocrx_word' id='word_1_45' title='bbox 496 1217 637 1310; x_wconf 89' lang='lat' dir='ltr'>civitas,</span> <span class='ocrx_word' id='word_1_46' title='bbox 656 1217 790 1290; x_wconf 92' lang='lat' dir='ltr'>nullum</span> <span class='ocrx_word' id='word_1_47' title='bbox 809 1237 1009 1306; x_wconf 86' lang='lat' dir='ltr'>commune,</span> <span class='ocrx_word' id='word_1_48' title='bbox 1028 1217 1121 1296; x_wconf 89' lang='lat' dir='ltr'>nulla</span> <span class='ocrx_word' id='word_1_49' title='bbox 1136 1221 1304 1311; x_wconf 83' lang='lat' dir='ltr'>potestas,</span> <span class='ocrx_word' id='word_1_50' title='bbox 1321 1217 1416 1290; x_wconf 89' lang='lat' dir='ltr'>nulla</span> <span class='ocrx_word' id='word_1_51' title='bbox 1437 1215 1590 1311; x_wconf 87' lang='lat' dir='ltr'>denique</span> <span class='ocrx_word' id='word_1_52' title='bbox 1606 1213 1747 1288; x_wconf 89' lang='lat' dir='ltr'>humilis</span> <span class='ocrx_word' id='word_1_53' title='bbox 1761 1217 1820 1290; x_wconf 82' lang='lat' dir='ltr'>uel</span> <span class='ocrx_word' id='word_1_54' title='bbox 1835 1218 1904 1290; x_wconf 86' lang='lat' dir='ltr'>alta</span> 
     </span>
     <span class='ocr_line' id='line_1_7' title="bbox 494 1338 1904 1437; baseline -0.001 -23"><span class='ocrx_word' id='word_1_55' title='bbox 494 1341 658 1414; x_wconf 88' lang='lat' dir='ltr'>secularis</span> <span class='ocrx_word' id='word_1_56' title='bbox 683 1341 739 1414; x_wconf 87' lang='lat' dir='ltr'>vel</span> <span class='ocrx_word' id='word_1_57' title='bbox 770 1341 999 1436; x_wconf 87' lang='lat' dir='ltr'>ecclesiastica</span> <span class='ocrx_word' id='word_1_58' title='bbox 1024 1361 1170 1435; x_wconf 88' lang='lat' dir='ltr'>persona</span> <span class='ocrx_word' id='word_1_59' title='bbox 1198 1341 1435 1437; x_wconf 86' lang='lat' dir='ltr'>prenominato</span> <span class='ocrx_word' id='word_1_60' title='bbox 1461 1338 1620 1434; x_wconf 90' lang='lat' dir='ltr'>hospitali</span> <span class='ocrx_word' id='word_1_61' title='bbox 1647 1353 1711 1410; x_wconf 86' lang='lat' dir='ltr'>seu</span> <span class='ocrx_word' id='word_1_62' title='bbox 1740 1340 1904 1415; x_wconf 82' lang='lat' dir='ltr'>fratribus</span> 
     </span>
     <span class='ocr_line' id='line_1_8' title="bbox 494 1461 1905 1557; baseline 0.001 -23"><span class='ocrx_word' id='word_1_63' title='bbox 494 1463 623 1536; x_wconf 89' lang='lat' dir='ltr'>ibidem</span> <span class='ocrx_word' id='word_1_64' title='bbox 641 1466 714 1536; x_wconf 87' lang='lat' dir='ltr'>Deo</span> <span class='ocrx_word' id='word_1_65' title='bbox 735 1464 961 1538; x_wconf 81' lang='lat' dir='ltr'>militantibus</span> <span class='ocrx_word' id='word_1_66' title='bbox 979 1463 1170 1536; x_wconf 84' lang='lat' dir='ltr'>molestiam</span> <span class='ocrx_word' id='word_1_67' title='bbox 1188 1485 1250 1536; x_wconf 90' lang='lat' dir='ltr'>seu</span> <span class='ocrx_word' id='word_1_68' title='bbox 1267 1483 1525 1557; x_wconf 87' lang='lat' dir='ltr'>quamcumque</span> <span class='ocrx_word' id='word_1_69' title='bbox 1541 1461 1700 1554; x_wconf 90' lang='lat' dir='ltr'>injuriam</span> <span class='ocrx_word' id='word_1_70' title='bbox 1727 1473 1905 1557; x_wconf 83' lang='lat' dir='ltr'>presumat</span> 
     </span>
     <span class='ocr_line' id='line_1_9' title="bbox 494 1583 1903 1682; baseline -0.001 -23"><span class='ocrx_word' id='word_1_71' title='bbox 494 1585 744 1672; x_wconf 76' lang='lat' dir='ltr'>inteneouod</span> <span class='ocrx_word' id='word_1_72' title='bbox 756 1587 817 1680; x_wconf 92' lang='lat' dir='ltr'>qui</span> <span class='ocrx_word' id='word_1_73' title='bbox 836 1587 955 1659; x_wconf 86' lang='lat' dir='ltr'>lecerit</span> <span class='ocrx_word' id='word_1_74' title='bbox 971 1587 1006 1658; x_wconf 95' lang='lat' dir='ltr'>in</span> <span class='ocrx_word' id='word_1_75' title='bbox 1025 1587 1190 1660; x_wconf 91' lang='lat' dir='ltr'>ultionem</span> <span class='ocrx_word' id='word_1_76' title='bbox 1206 1586 1407 1660; x_wconf 86' lang='lat' dir='ltr'>temeritatis</span> <span class='ocrx_word' id='word_1_77' title='bbox 1424 1606 1487 1658; x_wconf 91' lang='lat' dir='ltr'>sue</span> <span class='ocrx_word' id='word_1_78' title='bbox 1501 1583 1686 1658; x_wconf 87' lang='lat' dir='ltr'>duodecim</span> <span class='ocrx_word' id='word_1_79' title='bbox 1701 1585 1808 1658; x_wconf 89' lang='lat' dir='ltr'>libras</span> <span class='ocrx_word' id='word_1_80' title='bbox 1823 1587 1903 1682; x_wconf 91' lang='lat' dir='ltr'>puri</span> 
     </span>
     <span class='ocr_line' id='line_1_10' title="bbox 493 1707 1899 1803; baseline -0.001 -21"><span class='ocrx_word' id='word_1_81' title='bbox 493 1711 569 1782; x_wconf 89' lang='lat' dir='ltr'>auri</span> <span class='ocrx_word' id='word_1_82' title='bbox 589 1717 784 1803; x_wconf 86' lang='lat' dir='ltr'>componat,</span> <span class='ocrx_word' id='word_1_83' title='bbox 807 1707 991 1782; x_wconf 90' lang='lat' dir='ltr'>dimidium</span> <span class='ocrx_word' id='word_1_84' title='bbox 1009 1729 1145 1781; x_wconf 90' lang='lat' dir='ltr'>camere</span> <span class='ocrx_word' id='word_1_85' title='bbox 1163 1718 1288 1800; x_wconf 88' lang='lat' dir='ltr'>nostre,</span> <span class='ocrx_word' id='word_1_86' title='bbox 1309 1709 1483 1803; x_wconf 85' lang='lat' dir='ltr'>reliquum</span> <span class='ocrx_word' id='word_1_87' title='bbox 1501 1729 1587 1782; x_wconf 82' lang='lat' dir='ltr'>vero</span> <span class='ocrx_word' id='word_1_88' title='bbox 1599 1709 1710 1802; x_wconf 90' lang='lat' dir='ltr'>passis</span> <span class='ocrx_word' id='word_1_89' title='bbox 1724 1708 1899 1799; x_wconf 87' lang='lat' dir='ltr'>injuriam.</span> 
     </span>
     <span class='ocr_line' id='line_1_11' title="bbox 493 1829 1904 1928; baseline 0.001 -24"><span class='ocrx_word' id='word_1_90' title='bbox 493 1835 604 1926; x_wconf 87' lang='lat' dir='ltr'>llujus</span> <span class='ocrx_word' id='word_1_91' title='bbox 618 1833 668 1906; x_wconf 93' lang='lat' dir='ltr'>rei</span> <span class='ocrx_word' id='word_1_92' title='bbox 684 1841 787 1905; x_wconf 83' lang='lat' dir='ltr'>testes</span> <span class='ocrx_word' id='word_1_93' title='bbox 800 1841 881 1903; x_wconf 86' lang='lat' dir='ltr'>suut</span> <span class='ocrx_word' id='word_1_94' title='bbox 896 1832 1098 1904; x_wconf 89' lang='lat' dir='ltr'>Guillelmus</span> <span class='ocrx_word' id='word_1_95' title='bbox 1112 1831 1265 1906; x_wconf 77' lang='lat' dir='ltr'>batensis</span> <span class='ocrx_word' id='word_1_96' title='bbox 1279 1833 1473 1928; x_wconf 87' lang='lat' dir='ltr'>episcopus,</span> <span class='ocrx_word' id='word_1_97' title='bbox 1490 1829 1683 1924; x_wconf 82' lang='lat' dir='ltr'>Sigelridus</span> <span class='ocrx_word' id='word_1_98' title='bbox 1695 1829 1904 1905; x_wconf 81' lang='lat' dir='ltr'>Mantuanus</span> 
     </span>
     <span class='ocr_line' id='line_1_12' title="bbox 493 1941 1900 2052; baseline -0.003 -22"><span class='ocrx_word' id='word_1_99' title='bbox 493 1958 644 2045; x_wconf 89' lang='lat' dir='ltr'>electus,</span> <span class='ocrx_word' id='word_1_100' title='bbox 674 1977 789 2028; x_wconf 91' lang='lat' dir='ltr'>comos</span> <span class='ocrx_word' id='word_1_101' title='bbox 814 1953 983 2028; x_wconf 88' lang='lat' dir='ltr'>llobertus</span> <span class='ocrx_word' id='word_1_102' title='bbox 1011 1956 1056 2030; x_wconf 94' lang='lat' dir='ltr'>de</span> <span class='ocrx_word' id='word_1_103' title='bbox 1081 1957 1253 2047; x_wconf 86' lang='lat' dir='ltr'>Nassoue,</span> <span class='ocrx_word' id='word_1_104' title='bbox 1280 1958 1447 2030; x_wconf 87' lang='lat' dir='ltr'>Henricus</span> <span class='ocrx_word' id='word_1_105' title='bbox 1472 1941 1517 2030; x_wconf 88' lang='lat' dir='ltr'>de</span> <span class='ocrx_word' id='word_1_106' title='bbox 1542 1954 1808 2028; x_wconf 88' lang='lat' dir='ltr'>Windarstetten</span> <span class='ocrx_word' id='word_1_107' title='bbox 1832 1955 1900 2052; x_wconf 88' lang='lat' dir='ltr'>(a),</span> 
     </span>
     <span class='ocr_line' id='line_1_13' title="bbox 492 2078 1903 2174; baseline -0.001 -20"><span class='ocrx_word' id='word_1_108' title='bbox 492 2079 658 2154; x_wconf 85' lang='lat' dir='ltr'>Rodollus</span> <span class='ocrx_word' id='word_1_109' title='bbox 676 2079 721 2152; x_wconf 91' lang='lat' dir='ltr'>de</span> <span class='ocrx_word' id='word_1_110' title='bbox 732 2080 1009 2174; x_wconf 86' lang='lat' dir='ltr'>Raperstiswilar</span> <span class='ocrx_word' id='word_1_111' title='bbox 1027 2078 1092 2174; x_wconf 85' lang='lat' dir='ltr'>(b),</span> <span class='ocrx_word' id='word_1_112' title='bbox 1112 2081 1280 2154; x_wconf 87' lang='lat' dir='ltr'>Henricus</span> <span class='ocrx_word' id='word_1_113' title='bbox 1293 2081 1393 2154; x_wconf 82' lang='lat' dir='ltr'>Testa</span> <span class='ocrx_word' id='word_1_114' title='bbox 1407 2079 1652 2166; x_wconf 84' lang='lat' dir='ltr'>marescalcus,</span> <span class='ocrx_word' id='word_1_115' title='bbox 1673 2079 1841 2152; x_wconf 89' lang='lat' dir='ltr'>llenricus</span> <span class='ocrx_word' id='word_1_116' title='bbox 1858 2079 1903 2154; x_wconf 92' lang='lat' dir='ltr'>de</span> 
     </span>
     <span class='ocr_line' id='line_1_14' title="bbox 492 2203 1620 2298; baseline -0.003 -22"><span class='ocrx_word' id='word_1_117' title='bbox 492 2207 597 2278; x_wconf 86' lang='lat' dir='ltr'>Lutra</span> <span class='ocrx_word' id='word_1_118' title='bbox 614 2204 841 2296; x_wconf 89' lang='lat' dir='ltr'>camerarius,</span> <span class='ocrx_word' id='word_1_119' title='bbox 862 2204 1036 2277; x_wconf 87' lang='lat' dir='ltr'>lohannes</span> <span class='ocrx_word' id='word_1_120' title='bbox 1054 2205 1157 2278; x_wconf 82' lang='lat' dir='ltr'>irater</span> <span class='ocrx_word' id='word_1_121' title='bbox 1171 2207 1248 2298; x_wconf 89' lang='lat' dir='ltr'>ejus</span> <span class='ocrx_word' id='word_1_122' title='bbox 1263 2213 1298 2277; x_wconf 90' lang='lat' dir='ltr'>et</span> <span class='ocrx_word' id='word_1_123' title='bbox 1313 2204 1370 2278; x_wconf 86' lang='lat' dir='ltr'>alii</span> <span class='ocrx_word' id='word_1_124' title='bbox 1386 2203 1620 2298; x_wconf 80' lang='lat' dir='ltr'>quamplures.</span> 
     </span>
    </p>

    <p class='ocr_par' dir='ltr' id='par_1_3' title="bbox 492 2326 1899 2544">
     <span class='ocr_line' id='line_1_15' title="bbox 540 2326 1899 2422; baseline 0.002 -24"><span class='ocrx_word' id='word_1_125' title='bbox 540 2329 665 2400; x_wconf 89' lang='lat' dir='ltr'>Datum</span> <span class='ocrx_word' id='word_1_126' title='bbox 681 2326 816 2420; x_wconf 85' lang='lat' dir='ltr'>Laude,</span> <span class='ocrx_word' id='word_1_127' title='bbox 835 2349 927 2399; x_wconf 92' lang='lat' dir='ltr'>anno</span> <span class='ocrx_word' id='word_1_128' title='bbox 943 2327 1080 2401; x_wconf 91' lang='lat' dir='ltr'>Domini</span> <span class='ocrx_word' id='word_1_129' title='bbox 1093 2327 1274 2402; x_wconf 89' lang='lat' dir='ltr'>millesimo</span> <span class='ocrx_word' id='word_1_130' title='bbox 1289 2327 1477 2402; x_wconf 87' lang='lat' dir='ltr'>centesimo</span> <span class='ocrx_word' id='word_1_131' title='bbox 1490 2327 1723 2422; x_wconf 86' lang='lat' dir='ltr'>octuagesimo</span> <span class='ocrx_word' id='word_1_132' title='bbox 1737 2327 1899 2422; x_wconf 84' lang='lat' dir='ltr'>septimo,</span> 
     </span>
     <span class='ocr_line' id='line_1_16' title="bbox 492 2451 1288 2544; baseline 0 -21"><span class='ocrx_word' id='word_1_133' title='bbox 492 2451 680 2524; x_wconf 88' lang='lat' dir='ltr'>indictione</span> <span class='ocrx_word' id='word_1_134' title='bbox 701 2460 818 2542; x_wconf 85' lang='lat' dir='ltr'>sexte,</span> <span class='ocrx_word' id='word_1_135' title='bbox 838 2451 959 2544; x_wconf 89' lang='lat' dir='ltr'>quinto</span> <span class='ocrx_word' id='word_1_136' title='bbox 981 2451 1061 2524; x_wconf 91' lang='lat' dir='ltr'>idus</span> <span class='ocrx_word' id='word_1_137' title='bbox 1078 2451 1288 2524; x_wconf 88' lang='lat' dir='ltr'>novembris.</span> 
     </span>
    </p>

    <p class='ocr_par' dir='ltr' id='par_1_4' title="bbox 540 2574 1207 2648">
     <span class='ocr_line' id='line_1_17' title="bbox 540 2574 1207 2648; baseline -0.001 -2"><span class='ocrx_word' id='word_1_138' title='bbox 540 2574 692 2647; x_wconf 88' lang='lat' dir='ltr'>Secundi</span> <span class='ocrx_word' id='word_1_139' title='bbox 708 2597 793 2648; x_wconf 90' lang='lat' dir='ltr'>vero</span> <span class='ocrx_word' id='word_1_140' title='bbox 809 2575 886 2648; x_wconf 88' lang='lat' dir='ltr'>talis</span> <span class='ocrx_word' id='word_1_141' title='bbox 904 2583 955 2646; x_wconf 91' lang='lat' dir='ltr'>est</span> <span class='ocrx_word' id='word_1_142' title='bbox 971 2575 1179 2648; x_wconf 89' lang='lat' dir='ltr'>coutinentia</span> <span class='ocrx_word' id='word_1_143' title='bbox 1192 2589 1207 2645; x_wconf 84' lang='lat'>:&#39;</span> 
     </span>
    </p>

    <p class='ocr_par' dir='ltr' id='par_1_5' title="bbox 490 2697 1904 4154">
     <span class='ocr_line' id='line_1_18' title="bbox 540 2697 1904 2792; baseline 0.003 -24"><span class='ocrx_word' id='word_1_144' title='bbox 540 2698 711 2770; x_wconf 87' lang='lat' dir='ltr'>Hauricus</span> <span class='ocrx_word' id='word_1_145' title='bbox 735 2707 857 2770; x_wconf 82' lang='lat' dir='ltr'>sextus</span> <span class='ocrx_word' id='word_1_146' title='bbox 885 2697 1005 2771; x_wconf 90' lang='lat' dir='ltr'>divina</span> <span class='ocrx_word' id='word_1_147' title='bbox 1038 2699 1175 2772; x_wconf 83' lang='lat' dir='ltr'>lavante</span> <span class='ocrx_word' id='word_1_148' title='bbox 1205 2699 1386 2778; x_wconf 88' lang='lat' dir='ltr'>clementia</span> <span class='ocrx_word' id='word_1_149' title='bbox 1413 2699 1644 2772; x_wconf 87' lang='lat' dir='ltr'>Romanorum</span> <span class='ocrx_word' id='word_1_150' title='bbox 1672 2717 1736 2770; x_wconf 85' lang='lat' dir='ltr'>rex</span> <span class='ocrx_word' id='word_1_151' title='bbox 1766 2718 1904 2792; x_wconf 82' lang='lat' dir='ltr'>semper</span> 
     </span>
     <span class='ocr_line' id='line_1_19' title="bbox 492 2820 1902 2918; baseline 0.002 -27"><span class='ocrx_word' id='word_1_152' title='bbox 492 2829 673 2914; x_wconf 86' lang='lat' dir='ltr'>angustus.</span> <span class='ocrx_word' id='word_1_153' title='bbox 700 2820 797 2894; x_wconf 90' lang='lat' dir='ltr'>Locis</span> <span class='ocrx_word' id='word_1_154' title='bbox 821 2843 863 2894; x_wconf 87' lang='lat' dir='ltr'>ao</span> <span class='ocrx_word' id='word_1_155' title='bbox 884 2822 1040 2918; x_wconf 90' lang='lat' dir='ltr'>personis</span> <span class='ocrx_word' id='word_1_156' title='bbox 1064 2823 1137 2896; x_wconf 88' lang='lat' dir='ltr'>Deo</span> <span class='ocrx_word' id='word_1_157' title='bbox 1167 2821 1362 2917; x_wconf 86' lang='lat' dir='ltr'>specialiter</span> <span class='ocrx_word' id='word_1_158' title='bbox 1388 2821 1513 2894; x_wconf 88' lang='lat' dir='ltr'>dicatis</span> <span class='ocrx_word' id='word_1_159' title='bbox 1544 2829 1658 2894; x_wconf 85' lang='lat' dir='ltr'>nostre</span> <span class='ocrx_word' id='word_1_160' title='bbox 1690 2821 1902 2894; x_wconf 88' lang='lat' dir='ltr'>liberalitatis</span> 
     </span>
     <span class='ocr_line' id='line_1_20' title="bbox 491 2943 1902 3038; baseline 0.001 -24"><span class='ocrx_word' id='word_1_161' title='bbox 491 2943 694 3038; x_wconf 90' lang='lat' dir='ltr'>impendere</span> <span class='ocrx_word' id='word_1_162' title='bbox 721 2945 876 3018; x_wconf 86' lang='lat' dir='ltr'>volentes</span> <span class='ocrx_word' id='word_1_163' title='bbox 904 2945 1075 3036; x_wconf 83' lang='lat' dir='ltr'>levorem,</span> <span class='ocrx_word' id='word_1_164' title='bbox 1103 2945 1154 3018; x_wconf 91' lang='lat' dir='ltr'>eis</span> <span class='ocrx_word' id='word_1_165' title='bbox 1174 2943 1410 3018; x_wconf 86' lang='lat' dir='ltr'>abundantius</span> <span class='ocrx_word' id='word_1_166' title='bbox 1438 2945 1599 3018; x_wconf 83' lang='lat' dir='ltr'>volumus</span> <span class='ocrx_word' id='word_1_167' title='bbox 1623 2965 1700 3018; x_wconf 89' lang='lat' dir='ltr'>esse</span> <span class='ocrx_word' id='word_1_168' title='bbox 1724 2944 1902 3038; x_wconf 85' lang='lat' dir='ltr'>provisum</span> 
     </span>
     <span class='ocr_line' id='line_1_21' title="bbox 491 3065 1902 3166; baseline 0.003 -30"><span class='ocrx_word' id='word_1_169' title='bbox 491 3065 726 3142; x_wconf 89' lang='lat' dir='ltr'>babitaculum</span> <span class='ocrx_word' id='word_1_170' title='bbox 749 3076 784 3140; x_wconf 87' lang='lat' dir='ltr'>et</span> <span class='ocrx_word' id='word_1_171' title='bbox 804 3069 1040 3140; x_wconf 86' lang='lat' dir='ltr'>consulturum</span> <span class='ocrx_word' id='word_1_172' title='bbox 1063 3067 1106 3165; x_wconf 82' lang='lat' dir='ltr'>(t)</span> <span class='ocrx_word' id='word_1_173' title='bbox 1131 3069 1315 3165; x_wconf 88' lang='lat' dir='ltr'>inquibus</span> <span class='ocrx_word' id='word_1_174' title='bbox 1333 3069 1625 3166; x_wconf 79' lang='lat' dir='ltr'>peregrinantium</span> <span class='ocrx_word' id='word_1_175' title='bbox 1644 3089 1687 3141; x_wconf 89' lang='lat' dir='ltr'>ac</span> <span class='ocrx_word' id='word_1_176' title='bbox 1710 3089 1902 3164; x_wconf 90' lang='lat' dir='ltr'>pauperum</span> 
     </span>
     <span class='ocr_line' id='line_1_22' title="bbox 490 3189 1902 3288; baseline 0.003 -28"><span class='ocrx_word' id='word_1_177' title='bbox 490 3189 748 3263; x_wconf 87' lang='lat' dir='ltr'>misericordius</span> <span class='ocrx_word' id='word_1_178' title='bbox 777 3190 978 3286; x_wconf 88' lang='lat' dir='ltr'>providetur</span> <span class='ocrx_word' id='word_1_179' title='bbox 1005 3192 1217 3268; x_wconf 83' lang='lat' dir='ltr'>existenciis.</span> <span class='ocrx_word' id='word_1_180' title='bbox 1254 3191 1339 3266; x_wconf 91' lang='lat' dir='ltr'>lnde</span> <span class='ocrx_word' id='word_1_181' title='bbox 1364 3202 1417 3267; x_wconf 88' lang='lat' dir='ltr'>est</span> <span class='ocrx_word' id='word_1_182' title='bbox 1445 3191 1541 3288; x_wconf 87' lang='lat' dir='ltr'>quod</span> <span class='ocrx_word' id='word_1_183' title='bbox 1569 3191 1741 3264; x_wconf 91' lang='lat' dir='ltr'>universis</span> <span class='ocrx_word' id='word_1_184' title='bbox 1766 3191 1902 3286; x_wconf 83' lang='lat' dir='ltr'>imperii</span> 
     </span>
     <span class='ocr_line' id='line_1_23' title="bbox 491 3309 1903 3411; baseline 0.004 -27"><span class='ocrx_word' id='word_1_185' title='bbox 491 3309 651 3386; x_wconf 89' lang='lat' dir='ltr'>fidelibus</span> <span class='ocrx_word' id='word_1_186' title='bbox 674 3322 745 3386; x_wconf 89' lang='lat' dir='ltr'>tam</span> <span class='ocrx_word' id='word_1_187' title='bbox 767 3315 982 3410; x_wconf 90' lang='lat' dir='ltr'>presentibus</span> <span class='ocrx_word' id='word_1_188' title='bbox 1007 3337 1114 3411; x_wconf 88' lang='lat' dir='ltr'>quam</span> <span class='ocrx_word' id='word_1_189' title='bbox 1140 3316 1264 3390; x_wconf 90' lang='lat' dir='ltr'>lntnris</span> <span class='ocrx_word' id='word_1_190' title='bbox 1288 3327 1409 3390; x_wconf 91' lang='lat' dir='ltr'>notum</span> <span class='ocrx_word' id='word_1_191' title='bbox 1434 3335 1512 3391; x_wconf 83' lang='lat' dir='ltr'>asse</span> <span class='ocrx_word' id='word_1_192' title='bbox 1535 3317 1696 3390; x_wconf 85' lang='lat' dir='ltr'>volumus</span> <span class='ocrx_word' id='word_1_193' title='bbox 1718 3315 1817 3410; x_wconf 90' lang='lat' dir='ltr'>quod</span> <span class='ocrx_word' id='word_1_194' title='bbox 1838 3337 1903 3389; x_wconf 90' lang='lat' dir='ltr'>nos</span> 
     </span>
     <span class='ocr_line' id='line_1_24' title="bbox 492 3434 1903 3536; baseline 0.003 -30"><span class='ocrx_word' id='word_1_195' title='bbox 492 3434 645 3530; x_wconf 85' lang='lat' dir='ltr'>predicta</span> <span class='ocrx_word' id='word_1_196' title='bbox 661 3435 793 3509; x_wconf 87' lang='lat' dir='ltr'>inducti</span> <span class='ocrx_word' id='word_1_197' title='bbox 808 3439 1093 3534; x_wconf 86' lang='lat' dir='ltr'>consideratione,</span> <span class='ocrx_word' id='word_1_198' title='bbox 1112 3441 1224 3514; x_wconf 90' lang='lat' dir='ltr'>locum</span> <span class='ocrx_word' id='word_1_199' title='bbox 1241 3441 1303 3536; x_wconf 89' lang='lat' dir='ltr'>qui</span> <span class='ocrx_word' id='word_1_200' title='bbox 1317 3440 1447 3514; x_wconf 89' lang='lat' dir='ltr'>dicitur</span> <span class='ocrx_word' id='word_1_201' title='bbox 1458 3441 1557 3512; x_wconf 90' lang='lat' dir='ltr'>Petra</span> <span class='ocrx_word' id='word_1_202' title='bbox 1573 3439 1684 3512; x_wconf 86' lang='lat' dir='ltr'>Allela</span> <span class='ocrx_word' id='word_1_203' title='bbox 1695 3460 1776 3511; x_wconf 91' lang='lat' dir='ltr'>oum</span> <span class='ocrx_word' id='word_1_204' title='bbox 1789 3439 1903 3513; x_wconf 90' lang='lat' dir='ltr'>omni·</span> 
     </span>
     <span class='ocr_line' id='line_1_25' title="bbox 492 3557 1903 3659; baseline 0.002 -29"><span class='ocrx_word' id='word_1_205' title='bbox 492 3557 559 3630; x_wconf 92' lang='lat' dir='ltr'>bus</span> <span class='ocrx_word' id='word_1_206' title='bbox 574 3559 795 3654; x_wconf 87' lang='lat' dir='ltr'>pertinenciis</span> <span class='ocrx_word' id='word_1_207' title='bbox 809 3562 882 3634; x_wconf 90' lang='lat' dir='ltr'>suis</span> <span class='ocrx_word' id='word_1_208' title='bbox 897 3584 940 3635; x_wconf 87' lang='lat' dir='ltr'>uc</span> <span class='ocrx_word' id='word_1_209' title='bbox 952 3563 1224 3659; x_wconf 90' lang='lat' dir='ltr'>territorioquod</span> <span class='ocrx_word' id='word_1_210' title='bbox 1238 3566 1271 3638; x_wconf 93' lang='lat' dir='ltr'>ei</span> <span class='ocrx_word' id='word_1_211' title='bbox 1285 3585 1489 3638; x_wconf 90' lang='lat' dir='ltr'>concessum</span> <span class='ocrx_word' id='word_1_212' title='bbox 1504 3563 1571 3636; x_wconf 88' lang='lat' dir='ltr'>luit</span> <span class='ocrx_word' id='word_1_213' title='bbox 1584 3562 1629 3636; x_wconf 88' lang='lat' dir='ltr'>ab</span> <span class='ocrx_word' id='word_1_214' title='bbox 1644 3562 1799 3658; x_wconf 84' lang='lat' dir='ltr'>antiquo,</span> <span class='ocrx_word' id='word_1_215' title='bbox 1814 3562 1903 3635; x_wconf 87' lang='lat' dir='ltr'>mira</span> 
     </span>
     <span class='ocr_line' id='line_1_26' title="bbox 491 3683 1903 3785; baseline 0.002 -29"><span class='ocrx_word' id='word_1_216' title='bbox 491 3683 628 3780; x_wconf 90' lang='lat' dir='ltr'>pietatis</span> <span class='ocrx_word' id='word_1_217' title='bbox 650 3683 835 3759; x_wconf 86' lang='lat' dir='ltr'>donatione</span> <span class='ocrx_word' id='word_1_218' title='bbox 864 3687 1074 3762; x_wconf 88' lang='lat' dir='ltr'>contulimus</span> <span class='ocrx_word' id='word_1_219' title='bbox 1099 3685 1261 3785; x_wconf 89' lang='lat' dir='ltr'>hospitali</span> <span class='ocrx_word' id='word_1_220' title='bbox 1285 3689 1396 3763; x_wconf 89' lang='lat' dir='ltr'>sancti</span> <span class='ocrx_word' id='word_1_221' title='bbox 1425 3688 1599 3783; x_wconf 74' lang='lat' dir='ltr'>Peregrini</span> <span class='ocrx_word' id='word_1_222' title='bbox 1626 3697 1665 3759; x_wconf 89' lang='lat' dir='ltr'>ut</span> <span class='ocrx_word' id='word_1_223' title='bbox 1689 3687 1737 3757; x_wconf 94' lang='lat' dir='ltr'>ibi</span> <span class='ocrx_word' id='word_1_224' title='bbox 1764 3707 1811 3759; x_wconf 89' lang='lat' dir='ltr'>ax</span> <span class='ocrx_word' id='word_1_225' title='bbox 1835 3685 1903 3760; x_wconf 89' lang='lat' dir='ltr'>loci</span> 
     </span>
     <span class='ocr_line' id='line_1_27' title="bbox 491 3806 1900 3908; baseline 0.002 -30"><span class='ocrx_word' id='word_1_226' title='bbox 491 3806 681 3902; x_wconf 90' lang='lat' dir='ltr'>supradicti</span> <span class='ocrx_word' id='word_1_227' title='bbox 702 3809 870 3882; x_wconf 80' lang='lat' dir='ltr'>fructibus</span> <span class='ocrx_word' id='word_1_228' title='bbox 892 3812 1011 3906; x_wconf 79' lang='lat' dir='ltr'>egenis</span> <span class='ocrx_word' id='word_1_229' title='bbox 1033 3822 1068 3884; x_wconf 92' lang='lat' dir='ltr'>et</span> <span class='ocrx_word' id='word_1_230' title='bbox 1091 3813 1284 3908; x_wconf 87' lang='lat' dir='ltr'>hospitibus</span> <span class='ocrx_word' id='word_1_231' title='bbox 1311 3813 1527 3908; x_wconf 87' lang='lat' dir='ltr'>aliquatenus</span> <span class='ocrx_word' id='word_1_232' title='bbox 1552 3811 1770 3902; x_wconf 81' lang='lat' dir='ltr'>consulatnr3</span> <span class='ocrx_word' id='word_1_233' title='bbox 1788 3810 1900 3905; x_wconf 86' lang='lat' dir='ltr'>preci·</span> 
     </span>
     <span class='ocr_line' id='line_1_28' title="bbox 492 3929 1901 4030; baseline 0.004 -31"><span class='ocrx_word' id='word_1_234' title='bbox 492 3929 624 4025; x_wconf 89' lang='lat' dir='ltr'>pientes</span> <span class='ocrx_word' id='word_1_235' title='bbox 632 3938 673 4002; x_wconf 91' lang='lat' dir='ltr'>ut</span> <span class='ocrx_word' id='word_1_236' title='bbox 685 3929 805 4005; x_wconf 84' lang='lat' dir='ltr'>fideles</span> <span class='ocrx_word' id='word_1_237' title='bbox 817 3934 925 4006; x_wconf 87' lang='lat' dir='ltr'>nostri</span> <span class='ocrx_word' id='word_1_238' title='bbox 943 3935 1004 4030; x_wconf 93' lang='lat' dir='ltr'>qui</span> <span class='ocrx_word' id='word_1_239' title='bbox 1022 3936 1058 4008; x_wconf 92' lang='lat' dir='ltr'>in</span> <span class='ocrx_word' id='word_1_240' title='bbox 1073 3937 1193 4010; x_wconf 88' lang='lat' dir='ltr'>vicino</span> <span class='ocrx_word' id='word_1_241' title='bbox 1205 3935 1379 4012; x_wconf 88' lang='lat' dir='ltr'>constituti</span> <span class='ocrx_word' id='word_1_242' title='bbox 1395 3943 1490 4026; x_wconf 89' lang='lat' dir='ltr'>sunt,</span> <span class='ocrx_word' id='word_1_243' title='bbox 1505 3934 1664 4009; x_wconf 90' lang='lat' dir='ltr'>eamdem</span> <span class='ocrx_word' id='word_1_244' title='bbox 1681 3932 1901 4007; x_wconf 89' lang='lat' dir='ltr'>donationem</span> 
     </span>
     <span class='ocr_line' id='line_1_29' title="bbox 492 4051 1903 4154; baseline 0.005 -31"><span class='ocrx_word' id='word_1_245' title='bbox 492 4061 642 4126; x_wconf 89' lang='lat' dir='ltr'>nostram</span> <span class='ocrx_word' id='word_1_246' title='bbox 660 4051 794 4128; x_wconf 88' lang='lat' dir='ltr'>firmam</span> <span class='ocrx_word' id='word_1_247' title='bbox 808 4065 844 4130; x_wconf 87' lang='lat' dir='ltr'>et</span> <span class='ocrx_word' id='word_1_248' title='bbox 856 4057 1096 4136; x_wconf 88' lang='lat' dir='ltr'>inconcussam</span> <span class='ocrx_word' id='word_1_249' title='bbox 1110 4061 1295 4146; x_wconf 81' lang='lat' dir='ltr'>consentiri</span> <span class='ocrx_word' id='word_1_250' title='bbox 1307 4061 1433 4134; x_wconf 81' lang='lat' dir='ltr'>iaciant</span> <span class='ocrx_word' id='word_1_251' title='bbox 1447 4067 1481 4133; x_wconf 87' lang='lat' dir='ltr'>et</span> <span class='ocrx_word' id='word_1_252' title='bbox 1496 4066 1720 4134; x_wconf 91' lang='lat' dir='ltr'>memoratum</span> <span class='ocrx_word' id='word_1_253' title='bbox 1733 4057 1903 4154; x_wconf 86' lang='lat' dir='ltr'>hospitale</span> 
     </span>
    </p>
   </div>
   <div class='ocr_carea' id='block_1_3' title="bbox 492 4157 1903 4528">
    <p class='ocr_par' dir='ltr' id='par_1_6' title="bbox 492 4157 1903 4528">
     <span class='ocr_line' id='line_1_30' title="bbox 492 4157 1902 4278; baseline 0.004 -31"><span class='ocrx_word' id='word_1_254' title='bbox 492 4175 528 4248; x_wconf 89' lang='lat' dir='ltr'>in</span> <span class='ocrx_word' id='word_1_255' title='bbox 545 4176 611 4250; x_wconf 89' lang='lat' dir='ltr'>bae</span> <span class='ocrx_word' id='word_1_256' title='bbox 625 4177 848 4274; x_wconf 76' lang='lat' dir='ltr'>benignitatis</span> <span class='ocrx_word' id='word_1_257' title='bbox 864 4191 979 4256; x_wconf 85' lang='lat' dir='ltr'>nostre</span> <span class='ocrx_word' id='word_1_258' title='bbox 989 4157 1229 4258; x_wconf 82' lang='lat' dir='ltr'>&#39;munificentia</span> <span class='ocrx_word' id='word_1_259' title='bbox 1247 4183 1434 4260; x_wconf 82' lang='lat' dir='ltr'>detendunt</span> <span class='ocrx_word' id='word_1_260' title='bbox 1451 4181 1649 4278; x_wconf 88' lang='lat' dir='ltr'>indempne.</span> <span class='ocrx_word' id='word_1_261' title='bbox 1674 4181 1711 4254; x_wconf 92' lang='lat' dir='ltr'>Si</span> <span class='ocrx_word' id='word_1_262' title='bbox 1726 4203 1800 4276; x_wconf 90' lang='lat' dir='ltr'>qua·</span> <span class='ocrx_word' id='word_1_263' title='bbox 1818 4181 1902 4253; x_wconf 82' lang='lat' dir='ltr'>veru</span> 
     </span>
     <span class='ocr_line' id='line_1_31' title="bbox 492 4299 1903 4403; baseline 0.004 -33"><span class='ocrx_word' id='word_1_264' title='bbox 492 4319 638 4394; x_wconf 87' lang='lat' dir='ltr'>persona</span> <span class='ocrx_word' id='word_1_265' title='bbox 651 4299 793 4374; x_wconf 91' lang='lat' dir='ltr'>humilis</span> <span class='ocrx_word' id='word_1_266' title='bbox 805 4305 860 4378; x_wconf 85' lang='lat' dir='ltr'>vel</span> <span class='ocrx_word' id='word_1_267' title='bbox 875 4306 944 4378; x_wconf 89' lang='lat' dir='ltr'>alta</span> <span class='ocrx_word' id='word_1_268' title='bbox 956 4307 1125 4382; x_wconf 85' lang='lat' dir='ltr'>adversus</span> <span class='ocrx_word' id='word_1_269' title='bbox 1139 4307 1178 4382; x_wconf 93' lang='lat' dir='ltr'>id</span> <span class='ocrx_word' id='word_1_270' title='bbox 1191 4329 1295 4403; x_wconf 88' lang='lat' dir='ltr'>agere</span> <span class='ocrx_word' id='word_1_271' title='bbox 1308 4309 1502 4401; x_wconf 82' lang='lat' dir='ltr'>tentaverit,</span> <span class='ocrx_word' id='word_1_272' title='bbox 1524 4303 1773 4402; x_wconf 82' lang='lat' dir='ltr'>magnitudinis</span> <span class='ocrx_word' id='word_1_273' title='bbox 1786 4311 1903 4377; x_wconf 66' lang='lat' dir='ltr'>nomm</span> 
     </span>
     <span class='ocr_line' id='line_1_32' title="bbox 493 4423 1854 4528; baseline 0.003 -31"><span class='ocrx_word' id='word_1_274' title='bbox 493 4423 619 4498; x_wconf 87' lang='lat' dir='ltr'>sentiat</span> <span class='ocrx_word' id='word_1_275' title='bbox 635 4425 801 4524; x_wconf 76' lang='lat' dir='ltr'>offensam</span> <span class='ocrx_word' id='word_1_276' title='bbox 819 4437 854 4502; x_wconf 91' lang='lat' dir='ltr'>et</span> <span class='ocrx_word' id='word_1_277' title='bbox 873 4430 997 4526; x_wconf 86' lang='lat' dir='ltr'>viginti</span> <span class='ocrx_word' id='word_1_278' title='bbox 1014 4432 1172 4506; x_wconf 87' lang='lat' dir='ltr'>marchas</span> <span class='ocrx_word' id='word_1_279' title='bbox 1188 4433 1324 4527; x_wconf 84' lang='lat' dir='ltr'>argenti</span> <span class='ocrx_word' id='word_1_280' title='bbox 1342 4433 1481 4507; x_wconf 88' lang='lat' dir='ltr'>nomine</span> <span class='ocrx_word' id='word_1_281' title='bbox 1498 4451 1587 4528; x_wconf 88' lang='lat' dir='ltr'>pene</span> <span class='ocrx_word' id='word_1_282' title='bbox 1603 4436 1797 4526; x_wconf 88' lang='lat' dir='ltr'>componat.</span> <span class='ocrx_word' id='word_1_283' title='bbox 1850 4447 1854 4454; x_wconf 77' lang='grc'>’</span> 
     </span>
    </p>
   </div>
   <div class='ocr_carea' id='block_1_4' title="bbox 535 4578 1179 4788">
    <p class='ocr_par' dir='ltr' id='par_1_7' title="bbox 535 4578 1179 4788">
     <span class='ocr_line' id='line_1_33' title="bbox 536 4578 1055 4666; baseline 0.021 -26"><span class='ocrx_word' id='word_1_284' title='bbox 536 4578 577 4660; x_wconf 82' lang='lat' dir='ltr'>(a)</span> <span class='ocrx_word' id='word_1_285' title='bbox 599 4582 635 4643; x_wconf 89' lang='lat' dir='ltr'>In</span> <span class='ocrx_word' id='word_1_286' title='bbox 647 4585 732 4662; x_wconf 88' lang='lat' dir='ltr'>copta</span> <span class='ocrx_word' id='word_1_287' title='bbox 749 4583 953 4666; x_wconf 75' lang='lat' dir='ltr'>Vinidcristen,</span> <span class='ocrx_word' id='word_1_288' title='bbox 967 4589 1055 4651; x_wconf 87' lang='lat' dir='ltr'>mala.</span> 
     </span>
     <span class='ocr_line' id='line_1_34' title="bbox 535 4685 1179 4788; baseline 0.016 -40"><span class='ocrx_word' id='word_1_289' title='bbox 535 4685 577 4788; x_wconf 74' lang='lat' dir='ltr'>(l)</span> <span class='ocrx_word' id='word_1_290' title='bbox 599 4689 636 4751; x_wconf 94' lang='lat' dir='ltr'>In</span> <span class='ocrx_word' id='word_1_291' title='bbox 648 4689 1022 4774; x_wconf 75' lang='lat' dir='ltr'>coplallapmtesraoltrc,</span> <span class='ocrx_word' id='word_1_292' title='bbox 1043 4696 1179 4774; x_wconf 60' lang='lat' dir='ltr'>melma.</span> 
     </span>
    </p>
   </div>
   <div class='ocr_carea' id='block_1_5' title="bbox 0 0 2118 5892">
    <p class='ocr_par' dir='ltr' id='par_1_8' title="bbox 0 0 2118 5892">
     <span class='ocr_line' id='line_1_35' title="bbox 0 0 2118 5892; baseline 0 0"><span class='ocrx_word' id='word_1_293' title='bbox 0 0 2118 5892; x_wconf 95' lang='lat' dir='ltr'> </span> 
     </span>
    </p>
   </div>
  </div>
 </body>
</html>
