4224 5898
243 639 343 704 lunum.
359 636 420 724 12]
693 638 891 700 HISTORIA
915 639 1207 703 birbaumes.
1592 640 1653 702 329

243 771 326 866 lide,
341 773 404 848 sed
425 795 531 846 sanus
547 793 704 868 corpore,
718 784 758 846 ut
774 773 929 846 securius
945 775 1017 847 Deo
1030 775 1233 848 mentiretur
1249 783 1283 847 et
1299 773 1489 847 Ecclesiam
1506 774 1650 866 falleret,

245 898 372 970 omisso
391 897 559 992 promisso
576 895 753 992 passagio,
773 897 809 968 in
831 897 919 970 lecto
944 897 1148 989 egritudinis
1173 897 1297 971 diebus
1320 897 1450 990 aliquot
1473 895 1654 970 simulatus

244 1017 410 1093 decubuit
426 1041 468 1092 ac
482 1021 619 1093 Terram
635 1021 795 1093 Sanctam
807 1020 1004 1092 incursibus
1016 1021 1165 1094 hostium
1185 1021 1307 1094 Christi
1322 1041 1497 1115 exponere
1511 1021 1655 1094 minime

245 1138 431 1232 dubitavit,
452 1161 498 1212 ex
518 1161 560 1213 eo
579 1141 673 1213 nullo
690 1139 808 1214 dolore
829 1161 1015 1236 percussus
1038 1141 1134 1234 quod
1156 1141 1205 1213 ibi
1231 1143 1321 1214 clare
1340 1140 1506 1212 memorie
1530 1140 1654 1212 nobilis

244 1263 300 1335 vir
325 1264 513 1357 Thuringie
543 1263 776 1354 lantgravius,
795 1264 928 1336 utinam
947 1285 1016 1337 non
1040 1266 1166 1338 veneni
1192 1265 1360 1360 periculo,
1385 1264 1475 1336 sicut
1502 1262 1654 1336 muudus

245 1387 387 1476 clamat,
407 1387 525 1460 extitit
545 1386 783 1482 interemptus.
805 1387 962 1480 Cumque
982 1387 1028 1460 de
1047 1387 1193 1462 conficta
1210 1386 1407 1483 egritudine
1423 1396 1457 1458 et
1473 1386 1549 1458 aliis
1571 1407 1655 1480 pre-

244 1508 357 1582 missis
375 1509 475 1582 nobis
495 1531 556 1606 per
574 1509 697 1582 litter
728 1542 735 1567 ·
761 1511 927 1582 elatorum
951 1511 999 1582 ibi
1015 1511 1221 1585 morantium
1246 1509 1466 1598 constitisset,
1487 1530 1531 1580 ne
1549 1508 1653 1581 disci·

743 1688 745 1695 ,
870 1633 923 1705 ori
953 1654 1016 1706 nos
1039 1644 1074 1706 et
1095 1632 1288 1727 Apostolica
1306 1631 1414 1705 Sedes
1431 1631 1656 1705 redderemur

268 1790 273 1817 ι
290 1777 328 1827 ιθ
346 1757 525 1847 notabiles,
546 1756 840 1849 crucesignatoru
878 1765 1021 1828 mortem
1039 1766 1074 1828 et
1095 1758 1196 1828 Terre
1212 1759 1335 1828 Sancte
1356 1755 1507 1848 pericula
1527 1753 1654 1848 deplo-

246 1891 360 1952 rantes
376 1889 411 1952 et
427 1880 604 1974 cupientes
622 1882 742 1953 saltem
760 1881 796 1951 in
812 1891 910 1954 utero
925 1880 1076 1952 Ecclesia
1097 1882 1266 1975 lacrymas
1286 1879 1428 1952 meroris
1449 1878 1572 1951 dextra
1588 1878 1653 1951 de·

245 2003 318 2076 bito
336 2003 576 2076 consolationis
594 2003 763 2098 abstergi,
782 2004 897 2098 ipsum
915 2003 983 2076 late
1001 2004 1037 2073 in
1057 2024 1137 2074 eum
1153 2002 1199 2076 de
1216 2024 1386 2074 consensu
1400 2024 1483 2090 suo,
1507 2002 1656 2075 auctori·

247 2137 316 2199 tate
339 2127 429 2200 bone
445 2127 608 2199 memorie
630 2127 767 2199 Honorii
785 2149 875 2222 pape
888 2127 1142 2222 predecessoris
1156 2127 1276 2214 nostri,
1292 2126 1657 2200 excommunicationis

247 2251 414 2324 sententie
433 2250 612 2342 subjacere
628 2249 927 2342 denuntiavimus,
947 2271 1082 2322 summo
1096 2248 1270 2323 desiderio
1289 2249 1500 2344 postulantes
1518 2259 1557 2320 ut
1575 2271 1656 2322 eum

247 2372 467 2468 postmodum
490 2371 711 2446 emendatum
736 2381 908 2446 tantorum
933 2373 1140 2444 revelatione
1165 2372 1378 2444 damnorum·
1392 2381 1544 2466 optatam
1571 2395 1657 2467 pra-

248 2506 337 2570 stare
360 2518 500 2592 operam
524 2495 741 2585 audiremus3
762 2497 883 2569 litteris
907 2496 1033 2568 nostris
1052 2495 1231 2567 oliereutes
1253 2494 1366 2567 eidem
1384 2495 1480 2589 quod
1504 2497 1656 2591 imparti-

248 2641 363 2692 remur
382 2621 448 2694 sibi
461 2621 564 2712 juxta
583 2621 727 2694 formam
745 2619 973 2692 absolutionis
991 2617 1197 2691 beneficium
1210 2640 1315 2712 quam
1334 2619 1402 2691 cito
1415 2620 1579 2714 arriperet
1595 2621 1659 2692 iter

248 2743 284 2813 in
301 2745 430 2838 prefate
448 2753 538 2816 terre
560 2765 774 2816 succursum.
794 2742 863 2816 Sed
885 2743 1006 2837 ipsein
1022 2745 1121 2834 cujus
1138 2751 1331 2836 eratsuper
1349 2743 1404 2814 his
1420 2751 1559 2837 pectore
1576 2766 1660 2817 cura

250 2866 374 2958 minor,
397 2867 512 2939 claves
535 2866 689 2939 Ecclesia
710 2863 984 2961 parvipendens,
1003 2886 1071 2937 uon
1097 2865 1276 2938 absolutus
1295 2863 1330 2936 in
1351 2866 1486 2960 Syriam
1510 2867 1656 2939 transiit.

265 2990 315 3060 tbi
332 3011 411 3062 cum
427 2989 595 3078 Soldano,
616 2990 698 3062 solis
716 2989 784 3062 sibi
802 2989 926 3062 meniis
944 2989 1156 3062 Hierusalem
1168 2989 1333 3062 restitutis
1351 2997 1386 3060 et
1404 2989 1453 3059 illi
1471 2989 1594 3082 grandi
1612 2989 1658 3064 ad

154 3189 158 3196 .
252 3113 546 3208 impugnationem
565 3112 828 3186 christianorum
851 3113 1049 3186 transmisso
1071 3133 1241 3206 equorum
1263 3122 1298 3184 et
1319 3120 1527 3183 armatorum
1554 3135 1660 3186 exer-

252 3236 334 3326 citu,
353 3235 540 3308 sexennale
556 3234 608 3332 (a)
622 3236 722 3310 ledus
740 3237 865 3309 feriens
879 3246 913 3309 et
932 3237 1096 3330 templum
1116 3233 1327 3309 dominicum
1345 3236 1592 3309 Saracenorum
1610 3239 1660 3310 ibi

251 3358 373 3432 laudes
395 3359 665 3432 exclamantium
686 3358 893 3432 blachometi
916 3359 1009 3431 curie
1030 3358 1247 3452 relinquens,
1271 3377 1317 3428 ex
1338 3357 1518 3430 defensore
1542 3371 1659 3433 muta-

251 3491 307 3556 tus
327 3482 364 3554 in
385 3481 536 3573 hostem,
562 3482 796 3554 venerabilem
821 3483 961 3556 fratrem
985 3490 1141 3553 nostrum
1162 3480 1390 3574 patriarcham
1418 3482 1660 3578 Hierosolymi-

251 3614 371 3677 tauum
390 3615 425 3678 et
442 3604 653 3699 'templarios
673 3625 735 3700 pro
752 3605 885 3677 viribus
908 3603 1138 3699 expugnavit.
1160 3602 1250 3674 lllud
1268 3615 1384 3675 autem
1402 3625 1471 3676 non
1491 3605 1594 3678 debet
1612 3607 1660 3679 ad

253 3749 336 3801 sane
352 3729 477 3801 mentis
490 3728 728 3800 credulitatem
749 3727 914 3802 accedere
932 3727 1027 3822 quod
1042 3749 1121 3800 eum
1137 3726 1173 3797 in
1187 3727 1446 3820 recuperatione
1460 3730 1559 3823 regni
1577 3730 1659 3802 Hie-

251 3851 487 3948 msulymitani
507 3872 570 3924 nos
593 3853 651 3925 vel
674 3852 775 3946 legati
801 3851 927 3942 nostri,
952 3873 1031 3924 cum
1058 3849 1105 3922 ad
1129 3849 1195 3922 hoc
1217 3850 1325 3920 multo
1346 3851 1464 3924 labore
1483 3853 1661 3928 sudaverit

253 3975 507 4068 grandiumquc
519 3973 671 4048 Ecclesia
684 3975 830 4047 subierit
841 3996 947 4048 onera
962 3994 1207 4069 expensarum,
1224 3971 1461 4046 studuerimus
1476 3975 1656 4072 impedire.

253 4098 321 4172 Sed
345 4098 436 4172 istud
450 4100 486 4170 in
503 4099 657 4172 notitiam
678 4099 790 4171 omnis
811 4109 899 4172 terre
917 4098 1075 4194 pervenit
1094 4095 1190 4192 quod
1213 4095 1307 4169 idem
1327 4096 1551 4189 Frederious,
1572 4102 1661 4174 sicut

253 4223 289 4295 in
308 4225 405 4319 Syrio
431 4222 588 4318 partibus
613 4223 649 4294 in
673 4223 812 4318 propria
830 4241 977 4318 persona
999 4221 1062 4294 Dei
1080 4219 1349 4315 persequebatur
1374 4221 1584 4315 Ecclesiam,
1611 4224 1661 4296 sio

253 4345 339 4418 citra
355 4366 451 4418 mare
468 4346 578 4440 ipsam
594 4343 740 4418 diversis
759 4344 1036 4418 tribulationibus
1053 4343 1137 4417 dicti
1154 4341 1311 4416 lleinaldi
1327 4343 1530 4432 ministerio,
1554 4369 1660 4440 quem

254 4477 369 4543 contra
388 4469 571 4542 consilium
587 4479 742 4542 nostrum
761 4469 917 4542 suumin
935 4489 1043 4561 regno
1067 4466 1236 4540 vicarium
1256 4465 1453 4560 reliquerat,
1468 4467 1655 4563 affligebat.

296 4733 338 4814 (a)
359 4735 466 4799 Melius
479 4743 514 4798 ut
531 4735 649 4799 videtur
662 4733 822 4799 decmaulc.
1593 4693 1614 4746 ⁹

332 4841 372 4902 V.
