<?xml version="1.0" encoding="UTF-8"?>
<!DOCTYPE html PUBLIC "-//W3C//DTD XHTML 1.0 Transitional//EN"
    "http://www.w3.org/TR/xhtml1/DTD/xhtml1-transitional.dtd">
<html xmlns="http://www.w3.org/1999/xhtml" xml:lang="en" lang="en">
 <head>
  <title>
</title>
<meta http-equiv="Content-Type" content="text/html;charset=utf-8" />
  <meta name='ocr-system' content='tesseract 3.04.00' />
  <meta name='ocr-capabilities' content='ocr_page ocr_carea ocr_par ocr_line ocrx_word'/>
</head>
<body>
  <div class='ocr_page' id='page_1' title='image "./historiadiploma02fredgoog_0588.png"; bbox 0 0 4246 5906; ppageno 0'>
   <div class='ocr_carea' id='block_1_1' title="bbox 183 635 1603 718">
    <p class='ocr_par' dir='ltr' id='par_1_1' title="bbox 183 635 1603 718">
     <span class='ocr_line' id='line_1_1' title="bbox 183 635 1603 718; baseline -0.004 -14"><span class='ocrx_word' id='word_1_1' title='bbox 183 642 285 706; x_wconf 63' lang='lat' dir='ltr'>[turco</span> <span class='ocrx_word' id='word_1_2' title='bbox 302 639 365 718; x_wconf 70' lang='lat' dir='ltr'>la]</span> <span class='ocrx_word' id='word_1_3' title='bbox 634 637 832 698; x_wconf 76' lang='lat' dir='ltr'>HISTORIA</span> <span class='ocrx_word' id='word_1_4' title='bbox 857 635 1150 697; x_wconf 79' lang='lat' dir='ltr'>otruotthrtctt</span> <span class='ocrx_word' id='word_1_5' title='bbox 1345 664 1352 680; x_wconf 87' lang='lat'><strong>·</strong></span> <span class='ocrx_word' id='word_1_6' title='bbox 1543 639 1603 700; x_wconf 75' lang='lat'>575</span> 
     </span>
    </p>
   </div>
   <div class='ocr_carea' id='block_1_2' title="bbox 182 767 1602 1012">
    <p class='ocr_par' dir='ltr' id='par_1_2' title="bbox 182 767 1602 1012">
     <span class='ocr_line' id='line_1_2' title="bbox 183 767 1602 882; baseline -0.002 -26"><span class='ocrx_word' id='word_1_7' title='bbox 183 771 349 882; x_wconf 87' lang='lat' dir='ltr'>episcopi</span> <span class='ocrx_word' id='word_1_8' title='bbox 369 769 668 879; x_wconf 70' lang='lat' dir='ltr'><strong>cephaludensis</strong></span> <span class='ocrx_word' id='word_1_9' title='bbox 686 770 810 877; x_wconf 87' lang='lat' dir='ltr'>duxit,</span> <span class='ocrx_word' id='word_1_10' title='bbox 831 779 869 852; x_wconf 92' lang='lat' dir='ltr'>et</span> <span class='ocrx_word' id='word_1_11' title='bbox 887 769 919 852; x_wconf 93' lang='lat' dir='ltr'>si</span> <span class='ocrx_word' id='word_1_12' title='bbox 938 769 1114 853; x_wconf 86' lang='lat' dir='ltr'>inventus</span> <span class='ocrx_word' id='word_1_13' title='bbox 1133 767 1247 852; x_wconf 88' lang='lat' dir='ltr'>fuerit</span> <span class='ocrx_word' id='word_1_14' title='bbox 1264 767 1402 877; x_wconf 89' lang='lat' dir='ltr'>fidelis,</span> <span class='ocrx_word' id='word_1_15' title='bbox 1422 770 1602 856; x_wconf 83' lang='lat' dir='ltr'>Panormi</span> 
     </span>
     <span class='ocr_line' id='line_1_3' title="bbox 182 903 1019 1012; baseline -0.008 -20"><span class='ocrx_word' id='word_1_16' title='bbox 182 905 364 992; x_wconf 84' lang='lat' dir='ltr'>restitutis</span> <span class='ocrx_word' id='word_1_17' title='bbox 383 904 456 988; x_wconf 93' lang='lat' dir='ltr'>sibi</span> <span class='ocrx_word' id='word_1_18' title='bbox 473 903 586 988; x_wconf 91' lang='lat' dir='ltr'>honis</span> <span class='ocrx_word' id='word_1_19' title='bbox 604 904 747 987; x_wconf 88' lang='lat' dir='ltr'>morari</span> <span class='ocrx_word' id='word_1_20' title='bbox 765 903 1019 1012; x_wconf 77' lang='lat' dir='ltr'><strong>permittatur.</strong></span> 
     </span>
    </p>
   </div>
   <div class='ocr_carea' id='block_1_3' title="bbox 263 1123 1371 1211">
    <p class='ocr_par' dir='ltr' id='par_1_3' title="bbox 263 1123 1371 1211">
     <span class='ocr_line' id='line_1_4' title="bbox 263 1123 1371 1211; baseline -0.002 -21"><span class='ocrx_word' id='word_1_21' title='bbox 263 1127 386 1211; x_wconf 73' lang='lat' dir='ltr'>(heqert.</span> <span class='ocrx_word' id='word_1_22' title='bbox 402 1127 506 1208; x_wconf 82' lang='lat' dir='ltr'>imper.</span> <span class='ocrx_word' id='word_1_23' title='bbox 521 1123 641 1188; x_wconf 74' lang='lat' dir='ltr'>lhrdrr.</span> <span class='ocrx_word' id='word_1_24' title='bbox 660 1126 699 1200; x_wconf 85' lang='lat'>11,</span> <span class='ocrx_word' id='word_1_25' title='bbox 715 1125 767 1188; x_wconf 80' lang='lat' dir='ltr'>iol.</span> <span class='ocrx_word' id='word_1_26' title='bbox 783 1125 1068 1199; x_wconf 76' lang='lat' dir='ltr'>toverm31nedlt.</span> <span class='ocrx_word' id='word_1_27' title='bbox 1085 1124 1224 1204; x_wconf 82' lang='lat' dir='ltr'>caream,</span> <span class='ocrx_word' id='word_1_28' title='bbox 1238 1143 1268 1202; x_wconf 91' lang='lat' dir='ltr'>p.</span> <span class='ocrx_word' id='word_1_29' title='bbox 1287 1125 1371 1205; x_wconf 75' lang='lat' dir='ltr'>tot.)</span> 
     </span>
    </p>
   </div>
   <div class='ocr_carea' id='block_1_4' title="bbox 174 1322 1602 4527">
    <p class='ocr_par' dir='ltr' id='par_1_4' title="bbox 227 1322 1453 1420">
     <span class='ocr_line' id='line_1_5' title="bbox 227 1322 1453 1420; baseline -0.002 -22"><span class='ocrx_word' id='word_1_30' title='bbox 227 1329 313 1399; x_wconf 83' lang='lat' dir='ltr'>Item</span> <span class='ocrx_word' id='word_1_31' title='bbox 328 1326 368 1400; x_wconf 85' lang='lat' dir='ltr'>dc</span> <span class='ocrx_word' id='word_1_32' title='bbox 382 1324 554 1420; x_wconf 68' lang='lat' dir='ltr'>imperiali</span> <span class='ocrx_word' id='word_1_33' title='bbox 566 1325 725 1396; x_wconf 80' lang='lat' dir='ltr'>mandato</span> <span class='ocrx_word' id='word_1_34' title='bbox 740 1324 873 1417; x_wconf 81' lang='lat' dir='ltr'><strong><em>scripsit</em></strong></span> <span class='ocrx_word' id='word_1_35' title='bbox 886 1324 1042 1394; x_wconf 83' lang='lat' dir='ltr'>notarius</span> <span class='ocrx_word' id='word_1_36' title='bbox 1060 1322 1220 1416; x_wconf 73' lang='lat' dir='ltr'>Iloqerica</span> <span class='ocrx_word' id='word_1_37' title='bbox 1235 1322 1275 1394; x_wconf 88' lang='lat' dir='ltr'>de</span> <span class='ocrx_word' id='word_1_38' title='bbox 1288 1323 1453 1396; x_wconf 82' lang='lat' dir='ltr'>Sclerrro:</span> 
     </span>
    </p>

    <p class='ocr_par' dir='ltr' id='par_1_5' title="bbox 174 1444 1602 4402">
     <span class='ocr_line' id='line_1_6' title="bbox 227 1444 1597 1542; baseline 0.001 -18"><span class='ocrx_word' id='word_1_39' title='bbox 227 1450 444 1540; x_wconf 88' lang='lat' dir='ltr'>Fredericus,</span> <span class='ocrx_word' id='word_1_40' title='bbox 462 1460 547 1540; x_wconf 84' lang='lat' dir='ltr'>etc,</span> <span class='ocrx_word' id='word_1_41' title='bbox 562 1444 711 1542; x_wconf 79' lang='lat' dir='ltr'>Rogerio</span> <span class='ocrx_word' id='word_1_42' title='bbox 730 1447 776 1522; x_wconf 94' lang='lat' dir='ltr'>de</span> <span class='ocrx_word' id='word_1_43' title='bbox 784 1446 929 1536; x_wconf 81' lang='lat' dir='ltr'>Amicis,</span> <span class='ocrx_word' id='word_1_44' title='bbox 948 1455 1016 1519; x_wconf 89' lang='lat' dir='ltr'>etc.</span> <span class='ocrx_word' id='word_1_45' title='bbox 1030 1447 1170 1542; x_wconf 81' lang='lat' dir='ltr'>Recepit</span> <span class='ocrx_word' id='word_1_46' title='bbox 1185 1448 1352 1520; x_wconf 76' lang='lat' dir='ltr'>serenitas</span> <span class='ocrx_word' id='word_1_47' title='bbox 1367 1459 1497 1542; x_wconf 87' lang='lat' dir='ltr'>nostra,</span> <span class='ocrx_word' id='word_1_48' title='bbox 1514 1461 1597 1540; x_wconf 80' lang='lat' dir='ltr'>otc,</span> 
     </span>
     <span class='ocr_line' id='line_1_7' title="bbox 179 1571 1602 1670; baseline 0.001 -23"><span class='ocrx_word' id='word_1_49' title='bbox 179 1575 395 1670; x_wconf 81' lang='lat' dir='ltr'>diligentiam</span> <span class='ocrx_word' id='word_1_50' title='bbox 412 1571 520 1646; x_wconf 88' lang='lat' dir='ltr'>studii</span> <span class='ocrx_word' id='word_1_51' title='bbox 542 1571 593 1644; x_wconf 92' lang='lat' dir='ltr'>tui</span> <span class='ocrx_word' id='word_1_52' title='bbox 610 1572 708 1666; x_wconf 94' lang='lat' dir='ltr'>qnod</span> <span class='ocrx_word' id='word_1_53' title='bbox 723 1571 889 1644; x_wconf 78' lang='lat' dir='ltr'>habuisse</span> <span class='ocrx_word' id='word_1_54' title='bbox 910 1580 945 1642; x_wconf 89' lang='lat' dir='ltr'>ta</span> <span class='ocrx_word' id='word_1_55' title='bbox 965 1571 1200 1644; x_wconf 83' lang='lat' dir='ltr'>intelleximus</span> <span class='ocrx_word' id='word_1_56' title='bbox 1218 1571 1265 1645; x_wconf 90' lang='lat' dir='ltr'>ad</span> <span class='ocrx_word' id='word_1_57' title='bbox 1290 1573 1533 1668; x_wconf 83' lang='lat' dir='ltr'>expellendum</span> <span class='ocrx_word' id='word_1_58' title='bbox 1556 1575 1602 1649; x_wconf 87' lang='lat' dir='ltr'>de</span> 
     </span>
     <span class='ocr_line' id='line_1_8' title="bbox 177 1695 1601 1795; baseline 0.001 -25"><span class='ocrx_word' id='word_1_59' title='bbox 177 1721 285 1792; x_wconf 81' lang='lat' dir='ltr'>regno</span> <span class='ocrx_word' id='word_1_60' title='bbox 305 1707 423 1772; x_wconf 90' lang='lat' dir='ltr'>nostro</span> <span class='ocrx_word' id='word_1_61' title='bbox 447 1697 722 1788; x_wconf 79' lang='lat' dir='ltr'>consanguineos</span> <span class='ocrx_word' id='word_1_62' title='bbox 742 1705 775 1768; x_wconf 92' lang='lat' dir='ltr'>et</span> <span class='ocrx_word' id='word_1_63' title='bbox 800 1696 922 1767; x_wconf 85' lang='lat' dir='ltr'>affines</span> <span class='ocrx_word' id='word_1_64' title='bbox 952 1695 1105 1790; x_wconf 86' lang='lat' dir='ltr'>episcopi</span> <span class='ocrx_word' id='word_1_65' title='bbox 1128 1695 1402 1790; x_wconf 80' lang='lat' dir='ltr'>cephaludensis</span> <span class='ocrx_word' id='word_1_66' title='bbox 1430 1719 1477 1772; x_wconf 84' lang='lat' dir='ltr'>ax</span> <span class='ocrx_word' id='word_1_67' title='bbox 1496 1721 1601 1795; x_wconf 88' lang='lat' dir='ltr'>opere</span> 
     </span>
     <span class='ocr_line' id='line_1_9' title="bbox 178 1799 1600 1916; baseline 0 -20"><span class='ocrx_word' id='word_1_68' title='bbox 178 1799 483 1896; x_wconf 53' lang='lat' dir='ltr'>commendantes,</span> <span class='ocrx_word' id='word_1_69' title='bbox 498 1820 599 1907; x_wconf 88' lang='lat' dir='ltr'>Quod</span> <span class='ocrx_word' id='word_1_70' title='bbox 615 1829 732 1894; x_wconf 88' lang='lat' dir='ltr'>autem</span> <span class='ocrx_word' id='word_1_71' title='bbox 751 1819 955 1914; x_wconf 82' lang='lat' dir='ltr'>significasti</span> <span class='ocrx_word' id='word_1_72' title='bbox 977 1820 1078 1892; x_wconf 91' lang='lat' dir='ltr'>nohis</span> <span class='ocrx_word' id='word_1_73' title='bbox 1093 1841 1156 1916; x_wconf 90' lang='lat' dir='ltr'>per</span> <span class='ocrx_word' id='word_1_74' title='bbox 1177 1841 1237 1892; x_wconf 87' lang='lat' dir='ltr'>eas</span> <span class='ocrx_word' id='word_1_75' title='bbox 1258 1821 1355 1914; x_wconf 91' lang='lat' dir='ltr'>quod</span> <span class='ocrx_word' id='word_1_76' title='bbox 1374 1821 1459 1894; x_wconf 93' lang='lat' dir='ltr'>dum</span> <span class='ocrx_word' id='word_1_77' title='bbox 1484 1823 1600 1914; x_wconf 91' lang='lat' dir='ltr'>injun-</span> 
     </span>
     <span class='ocr_line' id='line_1_10' title="bbox 178 1943 1599 2042; baseline 0.001 -22"><span class='ocrx_word' id='word_1_78' title='bbox 178 1970 278 2042; x_wconf 81' lang='lat' dir='ltr'>geres</span> <span class='ocrx_word' id='word_1_79' title='bbox 300 1949 404 2040; x_wconf 81' lang='lat' dir='ltr'>juxta</span> <span class='ocrx_word' id='word_1_80' title='bbox 433 1945 635 2018; x_wconf 91' lang='lat' dir='ltr'>mandatum</span> <span class='ocrx_word' id='word_1_81' title='bbox 664 1956 820 2017; x_wconf 93' lang='lat' dir='ltr'>nostrum</span> <span class='ocrx_word' id='word_1_82' title='bbox 848 1943 1032 2017; x_wconf 89' lang='lat' dir='ltr'>Thomasio</span> <span class='ocrx_word' id='word_1_83' title='bbox 1057 1945 1239 2017; x_wconf 82' lang='lat' dir='ltr'>Ferentino</span> <span class='ocrx_word' id='word_1_84' title='bbox 1260 1946 1329 2018; x_wconf 86' lang='lat' dir='ltr'>civi</span> <span class='ocrx_word' id='word_1_85' title='bbox 1354 1958 1389 2018; x_wconf 89' lang='lat' dir='ltr'>et</span> <span class='ocrx_word' id='word_1_86' title='bbox 1416 1947 1599 2021; x_wconf 80' lang='lat' dir='ltr'>habitatori</span> 
     </span>
     <span class='ocr_line' id='line_1_11' title="bbox 179 2069 1599 2170; baseline 0.002 -27"><span class='ocrx_word' id='word_1_87' title='bbox 179 2072 340 2146; x_wconf 85' lang='lat' dir='ltr'>Panormi</span> <span class='ocrx_word' id='word_1_88' title='bbox 357 2082 397 2144; x_wconf 90' lang='lat' dir='ltr'>ut</span> <span class='ocrx_word' id='word_1_89' title='bbox 412 2081 447 2144; x_wconf 89' lang='lat' dir='ltr'>et</span> <span class='ocrx_word' id='word_1_90' title='bbox 462 2071 538 2166; x_wconf 90' lang='lat' dir='ltr'>ipse</span> <span class='ocrx_word' id='word_1_91' title='bbox 556 2071 647 2143; x_wconf 91' lang='lat' dir='ltr'>sicut</span> <span class='ocrx_word' id='word_1_92' title='bbox 667 2079 703 2142; x_wconf 88' lang='lat' dir='ltr'>ot</span> <span class='ocrx_word' id='word_1_93' title='bbox 719 2069 778 2140; x_wconf 91' lang='lat' dir='ltr'>alii</span> <span class='ocrx_word' id='word_1_94' title='bbox 806 2069 1059 2160; x_wconf 79' lang='lat' dir='ltr'>consanguinei</span> <span class='ocrx_word' id='word_1_95' title='bbox 1071 2069 1231 2170; x_wconf 72' lang='lat' dir='ltr'>episcopi</span> <span class='ocrx_word' id='word_1_96' title='bbox 1250 2070 1430 2144; x_wconf 85' lang='lat' dir='ltr'>memorati</span> <span class='ocrx_word' id='word_1_97' title='bbox 1452 2093 1599 2166; x_wconf 79' lang='lat' dir='ltr'>regnum</span> 
     </span>
     <span class='ocr_line' id='line_1_12' title="bbox 180 2190 1599 2292; baseline 0 -22"><span class='ocrx_word' id='word_1_98' title='bbox 180 2198 305 2282; x_wconf 80' lang='lat' dir='ltr'>exiret,</span> <span class='ocrx_word' id='word_1_99' title='bbox 324 2218 389 2292; x_wconf 92' lang='lat' dir='ltr'>pro</span> <span class='ocrx_word' id='word_1_100' title='bbox 406 2217 448 2268; x_wconf 89' lang='lat' dir='ltr'>ao</span> <span class='ocrx_word' id='word_1_101' title='bbox 464 2193 560 2290; x_wconf 95' lang='lat' dir='ltr'>quod</span> <span class='ocrx_word' id='word_1_102' title='bbox 581 2193 685 2265; x_wconf 90' lang='lat' dir='ltr'>hahet</span> <span class='ocrx_word' id='word_1_103' title='bbox 709 2193 746 2264; x_wconf 92' lang='lat' dir='ltr'>in</span> <span class='ocrx_word' id='word_1_104' title='bbox 771 2213 916 2264; x_wconf 84' lang='lat' dir='ltr'>uxorem</span> <span class='ocrx_word' id='word_1_105' title='bbox 939 2190 1044 2265; x_wconf 86' lang='lat' dir='ltr'>filiam</span> <span class='ocrx_word' id='word_1_106' title='bbox 1075 2193 1228 2290; x_wconf 90' lang='lat' dir='ltr'>episcopi</span> <span class='ocrx_word' id='word_1_107' title='bbox 1254 2194 1541 2290; x_wconf 76' lang='lat' dir='ltr'>cephaludensis,</span> <span class='ocrx_word' id='word_1_108' title='bbox 1565 2207 1599 2270; x_wconf 90' lang='lat' dir='ltr'>et</span> 
     </span>
     <span class='ocr_line' id='line_1_13' title="bbox 178 2315 1599 2418; baseline 0.001 -26"><span class='ocrx_word' id='word_1_109' title='bbox 178 2322 253 2415; x_wconf 88' lang='lat' dir='ltr'>ipss</span> <span class='ocrx_word' id='word_1_110' title='bbox 269 2324 463 2418; x_wconf 88' lang='lat' dir='ltr'>comparuit</span> <span class='ocrx_word' id='word_1_111' title='bbox 474 2340 587 2392; x_wconf 91' lang='lat' dir='ltr'>coram</span> <span class='ocrx_word' id='word_1_112' title='bbox 606 2329 638 2388; x_wconf 88' lang='lat' dir='ltr'>te</span> <span class='ocrx_word' id='word_1_113' title='bbox 651 2327 686 2388; x_wconf 91' lang='lat' dir='ltr'>et</span> <span class='ocrx_word' id='word_1_114' title='bbox 701 2317 827 2411; x_wconf 92' lang='lat' dir='ltr'>optulit</span> <span class='ocrx_word' id='word_1_115' title='bbox 850 2338 889 2389; x_wconf 91' lang='lat' dir='ltr'>ss</span> <span class='ocrx_word' id='word_1_116' title='bbox 903 2315 1056 2410; x_wconf 79' lang='lat' dir='ltr'>legitima</span> <span class='ocrx_word' id='word_1_117' title='bbox 1070 2318 1162 2390; x_wconf 88' lang='lat' dir='ltr'>velle</span> <span class='ocrx_word' id='word_1_118' title='bbox 1173 2327 1209 2390; x_wconf 88' lang='lat' dir='ltr'>ot</span> <span class='ocrx_word' id='word_1_119' title='bbox 1226 2339 1328 2412; x_wconf 91' lang='lat' dir='ltr'>possa</span> <span class='ocrx_word' id='word_1_120' title='bbox 1342 2319 1488 2416; x_wconf 91' lang='lat' dir='ltr'>probare</span> <span class='ocrx_word' id='word_1_121' title='bbox 1503 2321 1599 2416; x_wconf 92' lang='lat' dir='ltr'>quod</span> 
     </span>
     <span class='ocr_line' id='line_1_14' title="bbox 178 2441 1599 2539; baseline 0.001 -22"><span class='ocrx_word' id='word_1_122' title='bbox 178 2445 440 2519; x_wconf 87' lang='lat' dir='ltr'>Panormitanus</span> <span class='ocrx_word' id='word_1_123' title='bbox 456 2454 508 2516; x_wconf 79' lang='lat' dir='ltr'>est</span> <span class='ocrx_word' id='word_1_124' title='bbox 531 2443 676 2534; x_wconf 91' lang='lat' dir='ltr'>abavo,</span> <span class='ocrx_word' id='word_1_125' title='bbox 698 2451 795 2537; x_wconf 90' lang='lat' dir='ltr'>patre</span> <span class='ocrx_word' id='word_1_126' title='bbox 811 2451 845 2514; x_wconf 92' lang='lat' dir='ltr'>et</span> <span class='ocrx_word' id='word_1_127' title='bbox 862 2451 988 2530; x_wconf 90' lang='lat' dir='ltr'>matre,</span> <span class='ocrx_word' id='word_1_128' title='bbox 1010 2441 1122 2514; x_wconf 90' lang='lat' dir='ltr'>fidelis</span> <span class='ocrx_word' id='word_1_129' title='bbox 1136 2451 1253 2515; x_wconf 92' lang='lat' dir='ltr'>noster</span> <span class='ocrx_word' id='word_1_130' title='bbox 1274 2466 1413 2539; x_wconf 88' lang='lat' dir='ltr'>semper</span> <span class='ocrx_word' id='word_1_131' title='bbox 1427 2447 1543 2518; x_wconf 83' lang='lat' dir='ltr'>extitit</span> <span class='ocrx_word' id='word_1_132' title='bbox 1564 2455 1599 2520; x_wconf 90' lang='lat' dir='ltr'>et</span> 
     </span>
     <span class='ocr_line' id='line_1_15' title="bbox 179 2553 1599 2664; baseline 0 -22"><span class='ocrx_word' id='word_1_133' title='bbox 179 2570 224 2642; x_wconf 90' lang='lat' dir='ltr'>ds</span> <span class='ocrx_word' id='word_1_134' title='bbox 249 2569 406 2642; x_wconf 89' lang='lat' dir='ltr'>fidolium</span> <span class='ocrx_word' id='word_1_135' title='bbox 435 2589 561 2664; x_wconf 82' lang='lat' dir='ltr'>genero</span> <span class='ocrx_word' id='word_1_136' title='bbox 593 2575 688 2640; x_wconf 92' lang='lat' dir='ltr'>ortus</span> <span class='ocrx_word' id='word_1_137' title='bbox 714 2553 958 2660; x_wconf 86' lang='lat' dir='ltr'>necunquam</span> <span class='ocrx_word' id='word_1_138' title='bbox 993 2566 1194 2660; x_wconf 91' lang='lat' dir='ltr'>priusquam</span> <span class='ocrx_word' id='word_1_139' title='bbox 1225 2566 1328 2640; x_wconf 83' lang='lat' dir='ltr'>duxit</span> <span class='ocrx_word' id='word_1_140' title='bbox 1356 2567 1461 2640; x_wconf 88' lang='lat' dir='ltr'>filiam</span> <span class='ocrx_word' id='word_1_141' title='bbox 1489 2569 1599 2664; x_wconf 90' lang='lat' dir='ltr'>ipsius</span> 
     </span>
     <span class='ocr_line' id='line_1_16' title="bbox 178 2690 1599 2790; baseline 0.001 -24"><span class='ocrx_word' id='word_1_142' title='bbox 178 2695 351 2790; x_wconf 89' lang='lat' dir='ltr'>episcopi,</span> <span class='ocrx_word' id='word_1_143' title='bbox 370 2694 485 2788; x_wconf 92' lang='lat' dir='ltr'>ipsum</span> <span class='ocrx_word' id='word_1_144' title='bbox 502 2691 591 2765; x_wconf 88' lang='lat' dir='ltr'>vidit</span> <span class='ocrx_word' id='word_1_145' title='bbox 608 2712 768 2763; x_wconf 86' lang='lat' dir='ltr'>naccum</span> <span class='ocrx_word' id='word_1_146' title='bbox 785 2711 826 2762; x_wconf 90' lang='lat' dir='ltr'>eo</span> <span class='ocrx_word' id='word_1_147' title='bbox 843 2690 1129 2762; x_wconf 88' lang='lat' dir='ltr'>cohabitationem</span> <span class='ocrx_word' id='word_1_148' title='bbox 1146 2712 1207 2763; x_wconf 90' lang='lat' dir='ltr'>seu</span> <span class='ocrx_word' id='word_1_149' title='bbox 1226 2693 1437 2787; x_wconf 89' lang='lat' dir='ltr'>colloquium</span> <span class='ocrx_word' id='word_1_150' title='bbox 1457 2694 1599 2788; x_wconf 87' lang='lat' dir='ltr'>aliquod</span> 
     </span>
     <span class='ocr_line' id='line_1_17' title="bbox 176 2814 1599 2910; baseline 0.002 -20"><span class='ocrx_word' id='word_1_151' title='bbox 176 2819 301 2892; x_wconf 90' lang='lat' dir='ltr'>hahuit</span> <span class='ocrx_word' id='word_1_152' title='bbox 314 2828 431 2892; x_wconf 92' lang='lat' dir='ltr'>oontra</span> <span class='ocrx_word' id='word_1_153' title='bbox 453 2838 533 2906; x_wconf 93' lang='lat' dir='ltr'>nos,</span> <span class='ocrx_word' id='word_1_154' title='bbox 554 2817 668 2910; x_wconf 93' lang='lat' dir='ltr'>ipsum</span> <span class='ocrx_word' id='word_1_155' title='bbox 685 2815 907 2887; x_wconf 89' lang='lat' dir='ltr'>Thomasium</span> <span class='ocrx_word' id='word_1_156' title='bbox 924 2814 1128 2888; x_wconf 91' lang='lat' dir='ltr'>destitutum</span> <span class='ocrx_word' id='word_1_157' title='bbox 1151 2815 1252 2887; x_wconf 90' lang='lat' dir='ltr'>honis</span> <span class='ocrx_word' id='word_1_158' title='bbox 1274 2817 1346 2890; x_wconf 90' lang='lat' dir='ltr'>suis</span> <span class='ocrx_word' id='word_1_159' title='bbox 1372 2818 1535 2890; x_wconf 90' lang='lat' dir='ltr'>omnihus</span> <span class='ocrx_word' id='word_1_160' title='bbox 1552 2819 1599 2892; x_wconf 93' lang='lat' dir='ltr'>ad</span> 
     </span>
     <span class='ocr_line' id='line_1_18' title="bbox 177 2940 1600 3039; baseline 0 -24"><span class='ocrx_word' id='word_1_161' title='bbox 177 2953 332 3017; x_wconf 89' lang='lat' dir='ltr'>nostram</span> <span class='ocrx_word' id='word_1_162' title='bbox 352 2943 560 3039; x_wconf 87' lang='lat' dir='ltr'>presentiam</span> <span class='ocrx_word' id='word_1_163' title='bbox 582 2941 760 3014; x_wconf 84' lang='lat' dir='ltr'>destinasti</span> <span class='ocrx_word' id='word_1_164' title='bbox 780 2951 818 3012; x_wconf 91' lang='lat' dir='ltr'>ut</span> <span class='ocrx_word' id='word_1_165' title='bbox 835 2940 880 3013; x_wconf 91' lang='lat' dir='ltr'>de</span> <span class='ocrx_word' id='word_1_166' title='bbox 898 2962 939 3013; x_wconf 90' lang='lat' dir='ltr'>eo</span> <span class='ocrx_word' id='word_1_167' title='bbox 962 2949 1076 3013; x_wconf 87' lang='lat' dir='ltr'>nostra</span> <span class='ocrx_word' id='word_1_168' title='bbox 1098 2941 1264 3013; x_wconf 89' lang='lat' dir='ltr'>serenitas</span> <span class='ocrx_word' id='word_1_169' title='bbox 1284 2942 1477 3037; x_wconf 87' lang='lat' dir='ltr'>preciperet</span> <span class='ocrx_word' id='word_1_170' title='bbox 1502 2943 1600 3038; x_wconf 90' lang='lat' dir='ltr'>quod</span> 
     </span>
     <span class='ocr_line' id='line_1_19' title="bbox 175 3065 1600 3164; baseline 0 -24"><span class='ocrx_word' id='word_1_171' title='bbox 175 3069 339 3164; x_wconf 88' lang='lat' dir='ltr'>placeret.</span> <span class='ocrx_word' id='word_1_172' title='bbox 362 3066 567 3142; x_wconf 81' lang='lat' dir='ltr'>Mandemus</span> <span class='ocrx_word' id='word_1_173' title='bbox 580 3065 643 3137; x_wconf 94' lang='lat' dir='ltr'>tibi</span> <span class='ocrx_word' id='word_1_174' title='bbox 660 3075 831 3159; x_wconf 90' lang='lat' dir='ltr'>quatenus</span> <span class='ocrx_word' id='word_1_175' title='bbox 851 3065 1006 3158; x_wconf 89' lang='lat' dir='ltr'>inquiras</span> <span class='ocrx_word' id='word_1_176' title='bbox 1028 3087 1135 3159; x_wconf 89' lang='lat' dir='ltr'>super</span> <span class='ocrx_word' id='word_1_177' title='bbox 1153 3065 1331 3158; x_wconf 86' lang='lat' dir='ltr'>premissis</span> <span class='ocrx_word' id='word_1_178' title='bbox 1347 3066 1493 3160; x_wconf 80' lang='lat' dir='ltr'>singulis</span> <span class='ocrx_word' id='word_1_179' title='bbox 1515 3067 1600 3140; x_wconf 90' lang='lat' dir='ltr'>dili-</span> 
     </span>
     <span class='ocr_line' id='line_1_20' title="bbox 175 3187 1595 3286; baseline -0.001 -22"><span class='ocrx_word' id='word_1_180' title='bbox 175 3193 315 3286; x_wconf 82' lang='lat' dir='ltr'>gentius</span> <span class='ocrx_word' id='word_1_181' title='bbox 332 3192 525 3280; x_wconf 88' lang='lat' dir='ltr'>veritatem,</span> <span class='ocrx_word' id='word_1_182' title='bbox 545 3200 580 3262; x_wconf 90' lang='lat' dir='ltr'>et</span> <span class='ocrx_word' id='word_1_183' title='bbox 592 3190 623 3261; x_wconf 91' lang='lat' dir='ltr'>si</span> <span class='ocrx_word' id='word_1_184' title='bbox 647 3189 824 3262; x_wconf 88' lang='lat' dir='ltr'>inveneris</span> <span class='ocrx_word' id='word_1_185' title='bbox 847 3187 1010 3261; x_wconf 92' lang='lat' dir='ltr'>eumdem</span> <span class='ocrx_word' id='word_1_186' title='bbox 1028 3189 1249 3261; x_wconf 87' lang='lat' dir='ltr'>Thomasium</span> <span class='ocrx_word' id='word_1_187' title='bbox 1270 3187 1409 3262; x_wconf 84' lang='lat' dir='ltr'>fidelem</span> <span class='ocrx_word' id='word_1_188' title='bbox 1426 3201 1595 3284; x_wconf 91' lang='lat' dir='ltr'>nostrum,</span> 
     </span>
     <span class='ocr_line' id='line_1_21' title="bbox 175 3313 1594 3412; baseline -0.001 -24"><span class='ocrx_word' id='word_1_189' title='bbox 175 3317 222 3389; x_wconf 91' lang='lat' dir='ltr'>de</span> <span class='ocrx_word' id='word_1_190' title='bbox 235 3315 392 3389; x_wconf 87' lang='lat' dir='ltr'>fidelium</span> <span class='ocrx_word' id='word_1_191' title='bbox 409 3336 537 3408; x_wconf 78' lang='lat' dir='ltr'>genere</span> <span class='ocrx_word' id='word_1_192' title='bbox 553 3323 686 3404; x_wconf 93' lang='lat' dir='ltr'>ortum,</span> <span class='ocrx_word' id='word_1_193' title='bbox 703 3314 816 3386; x_wconf 87' lang='lat' dir='ltr'>civem</span> <span class='ocrx_word' id='word_1_194' title='bbox 832 3323 867 3385; x_wconf 90' lang='lat' dir='ltr'>et</span> <span class='ocrx_word' id='word_1_195' title='bbox 883 3313 1110 3412; x_wconf 88' lang='lat' dir='ltr'>habitatorem</span> <span class='ocrx_word' id='word_1_196' title='bbox 1124 3314 1303 3404; x_wconf 91' lang='lat' dir='ltr'>Panormi,</span> <span class='ocrx_word' id='word_1_197' title='bbox 1324 3316 1415 3388; x_wconf 90' lang='lat' dir='ltr'>sicut</span> <span class='ocrx_word' id='word_1_198' title='bbox 1430 3317 1594 3402; x_wconf 91' lang='lat' dir='ltr'>asseruit,</span> 
     </span>
     <span class='ocr_line' id='line_1_22' title="bbox 176 3437 1597 3534; baseline 0 -22"><span class='ocrx_word' id='word_1_199' title='bbox 176 3462 242 3513; x_wconf 91' lang='lat' dir='ltr'>nec</span> <span class='ocrx_word' id='word_1_200' title='bbox 258 3462 337 3512; x_wconf 93' lang='lat' dir='ltr'>cum</span> <span class='ocrx_word' id='word_1_201' title='bbox 358 3440 451 3513; x_wconf 92' lang='lat' dir='ltr'>dicto</span> <span class='ocrx_word' id='word_1_202' title='bbox 468 3439 633 3534; x_wconf 92' lang='lat' dir='ltr'>episcopo</span> <span class='ocrx_word' id='word_1_203' title='bbox 648 3437 812 3511; x_wconf 89' lang='lat' dir='ltr'>hahuisse</span> <span class='ocrx_word' id='word_1_204' title='bbox 827 3446 1010 3533; x_wconf 89' lang='lat' dir='ltr'>postquam</span> <span class='ocrx_word' id='word_1_205' title='bbox 1032 3437 1138 3510; x_wconf 87' lang='lat' dir='ltr'>filiam</span> <span class='ocrx_word' id='word_1_206' title='bbox 1154 3461 1253 3510; x_wconf 91' lang='lat' dir='ltr'>snam</span> <span class='ocrx_word' id='word_1_207' title='bbox 1274 3439 1378 3513; x_wconf 80' lang='lat' dir='ltr'>duxit</span> <span class='ocrx_word' id='word_1_208' title='bbox 1401 3441 1436 3511; x_wconf 93' lang='lat' dir='ltr'>in</span> <span class='ocrx_word' id='word_1_209' title='bbox 1452 3462 1597 3513; x_wconf 82' lang='lat' dir='ltr'>uxorem</span> 
     </span>
     <span class='ocr_line' id='line_1_23' title="bbox 175 3559 1598 3656; baseline 0 -21"><span class='ocrx_word' id='word_1_210' title='bbox 175 3563 443 3637; x_wconf 85' lang='lat' dir='ltr'>familiaritatem</span> <span class='ocrx_word' id='word_1_211' title='bbox 460 3562 614 3656; x_wconf 88' lang='lat' dir='ltr'>aliquam</span> <span class='ocrx_word' id='word_1_212' title='bbox 635 3569 753 3634; x_wconf 92' lang='lat' dir='ltr'>contra</span> <span class='ocrx_word' id='word_1_213' title='bbox 773 3581 851 3652; x_wconf 92' lang='lat' dir='ltr'>nos,</span> <span class='ocrx_word' id='word_1_214' title='bbox 870 3569 905 3633; x_wconf 88' lang='lat' dir='ltr'>et</span> <span class='ocrx_word' id='word_1_215' title='bbox 919 3559 1015 3654; x_wconf 94' lang='lat' dir='ltr'>quod</span> <span class='ocrx_word' id='word_1_216' title='bbox 1038 3582 1135 3633; x_wconf 92' lang='lat' dir='ltr'>mora</span> <span class='ocrx_word' id='word_1_217' title='bbox 1155 3563 1232 3654; x_wconf 90' lang='lat' dir='ltr'>ejus</span> <span class='ocrx_word' id='word_1_218' title='bbox 1258 3562 1294 3632; x_wconf 94' lang='lat' dir='ltr'>in</span> <span class='ocrx_word' id='word_1_219' title='bbox 1319 3561 1458 3636; x_wconf 86' lang='lat' dir='ltr'>civitate</span> <span class='ocrx_word' id='word_1_220' title='bbox 1481 3575 1598 3636; x_wconf 90' lang='lat' dir='ltr'>nostra</span> 
     </span>
     <span class='ocr_line' id='line_1_24' title="bbox 174 3676 1597 3781; baseline 0 -20"><span class='ocrx_word' id='word_1_221' title='bbox 174 3688 336 3761; x_wconf 90' lang='lat' dir='ltr'>Panormi</span> <span class='ocrx_word' id='word_1_222' title='bbox 353 3687 455 3760; x_wconf 89' lang='lat' dir='ltr'>nobis</span> <span class='ocrx_word' id='word_1_223' title='bbox 477 3693 638 3780; x_wconf 89' lang='lat' dir='ltr'>suspecta</span> <span class='ocrx_word' id='word_1_224' title='bbox 653 3676 802 3772; x_wconf 89' lang='lat' dir='ltr'>nonsit,</span> <span class='ocrx_word' id='word_1_225' title='bbox 825 3684 939 3779; x_wconf 93' lang='lat' dir='ltr'>ipsum</span> <span class='ocrx_word' id='word_1_226' title='bbox 955 3685 1140 3780; x_wconf 91' lang='lat' dir='ltr'>permictas</span> <span class='ocrx_word' id='word_1_227' title='bbox 1159 3684 1288 3758; x_wconf 93' lang='lat' dir='ltr'>ibidem</span> <span class='ocrx_word' id='word_1_228' title='bbox 1303 3689 1449 3781; x_wconf 88' lang='lat' dir='ltr'>morari,</span> <span class='ocrx_word' id='word_1_229' title='bbox 1468 3697 1503 3760; x_wconf 91' lang='lat' dir='ltr'>et</span> <span class='ocrx_word' id='word_1_230' title='bbox 1524 3709 1597 3761; x_wconf 90' lang='lat' dir='ltr'>res·</span> 
     </span>
     <span class='ocr_line' id='line_1_25' title="bbox 175 3807 1598 3906; baseline 0.001 -23"><span class='ocrx_word' id='word_1_231' title='bbox 175 3813 282 3886; x_wconf 90' lang='lat' dir='ltr'>tituas</span> <span class='ocrx_word' id='word_1_232' title='bbox 296 3813 328 3884; x_wconf 88' lang='lat' dir='ltr'>ai</span> <span class='ocrx_word' id='word_1_233' title='bbox 341 3810 458 3883; x_wconf 87' lang='lat' dir='ltr'>omnia</span> <span class='ocrx_word' id='word_1_234' title='bbox 473 3831 543 3905; x_wconf 90' lang='lat' dir='ltr'>que</span> <span class='ocrx_word' id='word_1_235' title='bbox 557 3817 677 3882; x_wconf 81' lang='lat' dir='ltr'>estam</span> <span class='ocrx_word' id='word_1_236' title='bbox 698 3830 769 3902; x_wconf 90' lang='lat' dir='ltr'>que</span> <span class='ocrx_word' id='word_1_237' title='bbox 784 3807 955 3880; x_wconf 89' lang='lat' dir='ltr'>abstulisti</span> <span class='ocrx_word' id='word_1_238' title='bbox 973 3808 1039 3880; x_wconf 92' lang='lat' dir='ltr'>sihi</span> <span class='ocrx_word' id='word_1_239' title='bbox 1064 3811 1246 3882; x_wconf 90' lang='lat' dir='ltr'>occasione</span> <span class='ocrx_word' id='word_1_240' title='bbox 1262 3809 1431 3906; x_wconf 89' lang='lat' dir='ltr'>predicta.</span> <span class='ocrx_word' id='word_1_241' title='bbox 1449 3811 1552 3896; x_wconf 89' lang='lat' dir='ltr'>Quod</span> <span class='ocrx_word' id='word_1_242' title='bbox 1567 3815 1598 3886; x_wconf 92' lang='lat' dir='ltr'>si</span> 
     </span>
     <span class='ocr_line' id='line_1_26' title="bbox 175 3931 1598 4030; baseline 0.002 -22"><span class='ocrx_word' id='word_1_243' title='bbox 175 3937 264 4008; x_wconf 79' lang='lat' dir='ltr'>forta</span> <span class='ocrx_word' id='word_1_244' title='bbox 291 3935 327 4006; x_wconf 95' lang='lat' dir='ltr'>in</span> <span class='ocrx_word' id='word_1_245' title='bbox 355 3933 531 4030; x_wconf 89' lang='lat' dir='ltr'>premissis</span> <span class='ocrx_word' id='word_1_246' title='bbox 561 3955 630 4006; x_wconf 92' lang='lat' dir='ltr'>non</span> <span class='ocrx_word' id='word_1_247' title='bbox 654 3932 830 4004; x_wconf 89' lang='lat' dir='ltr'>inveneris</span> <span class='ocrx_word' id='word_1_248' title='bbox 860 3931 976 4027; x_wconf 92' lang='lat' dir='ltr'>ipsum</span> <span class='ocrx_word' id='word_1_249' title='bbox 1004 3934 1232 4028; x_wconf 91' lang='lat' dir='ltr'>approbatum</span> <span class='ocrx_word' id='word_1_250' title='bbox 1258 3933 1470 4026; x_wconf 84' lang='lat' dir='ltr'>othonum,</span> <span class='ocrx_word' id='word_1_251' title='bbox 1494 3938 1598 4030; x_wconf 83' lang='lat' dir='ltr'>J&#39;uxta</span> 
     </span>
     <span class='ocr_line' id='line_1_27' title="bbox 175 4055 1596 4156; baseline 0.001 -24"><span class='ocrx_word' id='word_1_252' title='bbox 175 4061 328 4156; x_wconf 92' lang='lat' dir='ltr'>primum</span> <span class='ocrx_word' id='word_1_253' title='bbox 352 4057 554 4130; x_wconf 90' lang='lat' dir='ltr'>mandatnm</span> <span class='ocrx_word' id='word_1_254' title='bbox 578 4065 737 4130; x_wconf 86' lang='lat' dir='ltr'>nostrum</span> <span class='ocrx_word' id='word_1_255' title='bbox 755 4055 801 4129; x_wconf 91' lang='lat' dir='ltr'>da</span> <span class='ocrx_word' id='word_1_256' title='bbox 825 4056 1042 4154; x_wconf 85' lang='lat' dir='ltr'>expellendis</span> <span class='ocrx_word' id='word_1_257' title='bbox 1063 4058 1330 4150; x_wconf 79' lang='lat' dir='ltr'>consanguineis</span> <span class='ocrx_word' id='word_1_258' title='bbox 1350 4060 1503 4155; x_wconf 90' lang='lat' dir='ltr'>episcopi</span> <span class='ocrx_word' id='word_1_259' title='bbox 1522 4083 1596 4134; x_wconf 92' lang='lat' dir='ltr'>me·</span> 
     </span>
     <span class='ocr_line' id='line_1_28' title="bbox 175 4181 1598 4280; baseline 0.002 -24"><span class='ocrx_word' id='word_1_260' title='bbox 175 4184 298 4257; x_wconf 92' lang='lat' dir='ltr'>morati</span> <span class='ocrx_word' id='word_1_261' title='bbox 312 4183 464 4279; x_wconf 84' lang='lat' dir='ltr'>expellas</span> <span class='ocrx_word' id='word_1_262' title='bbox 481 4182 645 4256; x_wconf 89' lang='lat' dir='ltr'>eumdem</span> <span class='ocrx_word' id='word_1_263' title='bbox 663 4191 698 4255; x_wconf 89' lang='lat' dir='ltr'>et</span> <span class='ocrx_word' id='word_1_264' title='bbox 712 4181 806 4255; x_wconf 89' lang='lat' dir='ltr'>bona</span> <span class='ocrx_word' id='word_1_265' title='bbox 821 4203 886 4254; x_wconf 90' lang='lat' dir='ltr'>sna</span> <span class='ocrx_word' id='word_1_266' title='bbox 897 4182 1014 4254; x_wconf 90' lang='lat' dir='ltr'>omnia</span> <span class='ocrx_word' id='word_1_267' title='bbox 1036 4182 1185 4255; x_wconf 90' lang='lat' dir='ltr'>retineas</span> <span class='ocrx_word' id='word_1_268' title='bbox 1201 4183 1246 4256; x_wconf 91' lang='lat' dir='ltr'>ad</span> <span class='ocrx_word' id='word_1_269' title='bbox 1261 4205 1351 4280; x_wconf 90' lang='lat' dir='ltr'>opus</span> <span class='ocrx_word' id='word_1_270' title='bbox 1368 4193 1485 4258; x_wconf 89' lang='lat' dir='ltr'>nostra</span> <span class='ocrx_word' id='word_1_271' title='bbox 1502 4185 1598 4259; x_wconf 91' lang='lat' dir='ltr'>curia</span> 
     </span>
     <span class='ocr_line' id='line_1_29' title="bbox 175 4307 538 4402; baseline -0.014 -20"><span class='ocrx_word' id='word_1_272' title='bbox 175 4318 211 4382; x_wconf 92' lang='lat' dir='ltr'>et</span> <span class='ocrx_word' id='word_1_273' title='bbox 226 4307 333 4381; x_wconf 79' lang='lat' dir='ltr'>iacias</span> <span class='ocrx_word' id='word_1_274' title='bbox 350 4307 538 4402; x_wconf 88' lang='lat' dir='ltr'>procurari.</span> 
     </span>
    </p>

    <p class='ocr_par' dir='ltr' id='par_1_6' title="bbox 223 4428 1323 4527">
     <span class='ocr_line' id='line_1_30' title="bbox 223 4428 1323 4527; baseline 0 -23"><span class='ocrx_word' id='word_1_275' title='bbox 223 4433 349 4506; x_wconf 88' lang='lat' dir='ltr'>Datum</span> <span class='ocrx_word' id='word_1_276' title='bbox 363 4431 460 4527; x_wconf 91' lang='lat' dir='ltr'>apud</span> <span class='ocrx_word' id='word_1_277' title='bbox 479 4431 686 4521; x_wconf 79' lang='lat' dir='ltr'>Sarranum,</span> <span class='ocrx_word' id='word_1_278' title='bbox 702 4429 764 4502; x_wconf 84' lang='lat' dir='ltr'>XV</span> <span class='ocrx_word' id='word_1_279' title='bbox 779 4428 988 4520; x_wconf 86' lang='lat' dir='ltr'>decembris,</span> <span class='ocrx_word' id='word_1_280' title='bbox 1016 4430 1095 4502; x_wconf 88' lang='lat' dir='ltr'>Xlll</span> <span class='ocrx_word' id='word_1_281' title='bbox 1111 4430 1323 4504; x_wconf 90' lang='lat' dir='ltr'>indictionis.</span> 
     </span>
    </p>
   </div>
   <div class='ocr_carea' id='block_1_5' title="bbox 0 0 2128 5906">
    <p class='ocr_par' dir='ltr' id='par_1_7' title="bbox 0 0 2128 5906">
     <span class='ocr_line' id='line_1_31' title="bbox 0 0 2128 5906; baseline 0 2"><span class='ocrx_word' id='word_1_282' title='bbox 0 0 2128 5906; x_wconf 95' lang='lat' dir='ltr'> </span> 
     </span>
    </p>
   </div>
  </div>
 </body>
</html>
