4228 5892
212 633 390 717 lucrm.13.]
657 631 854 693 HISTORIA
881 620 1175 690 nlecotllttlctl.
1560 613 1620 677 389

209 773 299 845 bunt
315 781 351 845 et
366 769 510 841 venient
526 767 573 840 ad
587 788 650 841 uos
670 789 750 840 cum
768 768 862 841 omui
876 787 983 861 quam
999 761 1128 834 habent
1141 753 1239 848 copia
1252 751 1399 822 militum
1414 759 1448 822 et
1465 749 1622 844 peditum

208 897 247 968 in
265 893 461 984 communi,
480 899 520 963 ut
541 890 587 965 de
602 891 688 964 viris
703 889 902 964 infidelibus
917 907 1067 984 quorum
1089 903 1158 955 non
1181 883 1337 973 poterant
1356 875 1499 948 ulterius
1518 877 1623 949 lami-

210 1019 295 1090 liare
312 1017 433 1090 odium
458 1025 493 1089 et
510 1015 728 1090 insolentiam
748 1016 933 1105 sustinere,
953 1034 991 1086 se
1013 1000 1370 1102 nobisiassistentibus
1390 999 1619 1090 ulciscantur;

210 1165 292 1216 cum
315 1141 443 1235 quibus
465 1140 626 1212 omnibus
650 1139 701 1212 sic
723 1140 888 1212 instanter
907 1134 1119 1208 intendimus
1142 1123 1450 1202 Mediolanensium
1475 1122 1567 1195 vires
1587 1131 1622 1194 et

210 1264 409 1359 superbiam
436 1283 602 1336 enervare
632 1271 672 1333 ut
697 1263 824 1335 velex
847 1269 917 1334 loto
945 1256 1109 1332 decidant
1132 1252 1188 1324 vel
1211 1248 1356 1321 ulterius
1378 1246 1527 1339 adjicere
1551 1267 1621 1318 ne-

210 1395 344 1482 queant
354 1385 449 1480 quod
462 1391 657 1478 resurgant.
674 1384 731 1458 Ad
750 1383 846 1479 quod
866 1393 905 1455 ul
921 1381 1093 1478 presentia
1115 1397 1176 1449 vos
1194 1395 1289 1447 nova
1302 1371 1482 1459 letificent,
1498 1371 1621 1442 trium·

211 1511 272 1605 phi
292 1509 467 1604 sequentis
487 1517 644 1604 speratus
660 1519 805 1581 eventus
824 1516 1049 1602 angmentum
1068 1499 1169 1575 vobis
1186 1497 1327 1590 adjiciet
1340 1494 1564 1587 gaudiorum,
1581 1502 1621 1564 ut

211 1636 314 1730 plena
335 1634 437 1706 vobis
457 1633 565 1728 possit
588 1654 664 1706 esse
690 1633 797 1706 letitia
817 1630 942 1704 uostris
965 1623 1199 1722 imperialibus
1219 1619 1326 1694 titulis
1351 1617 1483 1691 ltaliam
1506 1617 1620 1689 reior-

211 1755 402 1852 mandam(
424 1754 451 1850 ).

427 2049 586 2066 „ou—-
590 2043 1077 2060 n-ffl-o-o--O-n-onn
1084 2041 1134 2054 ..οι-ι
1138 2041 1328 2052 -ιοιοοκι--η
1332 2039 1402 2052 0-OE

264 2332 497 2438 Fn'dericus,
523 2332 783 2416 Romanorum
810 2331 1030 2438 imperator,
1054 2327 1243 2437 significat
1267 2329 1481 2437 ingressum
1508 2355 1620 2412 suum
1660 2337 1813 2441 [mept-

211 2465 252 2545 in
270 2465 444 2547 districtu
467 2464 805 2548 Mediolanensium
827 2474 865 2545 et
888 2461 1180 2544 destructionem
1198 2471 1410 2543 castrorum
1432 2461 1617 2569 ipsorum.

295 2663 415 2744 (luedlt.
431 2681 470 2725 cx
490 2664 556 2726 cod.
578 2663 656 2726 Blhl.
676 2663 773 2725 Cesar.
795 2665 906 2738 Paris,
919 2660 1011 2742 sceda
1030 2662 1064 2723 S.
1092 2659 1370 2741 Gamala-Hortay,
1396 2672 1466 2738 455,
1483 2680 1552 2740 pars
1574 2665 1619 2742 11,

332 2772 366 2831 n·
379 2771 487 2846 LXVI,
502 2773 566 2833 alne
578 2771 690 2845 titulo.)

260 2941 443 3013 Processus
458 2961 638 3036 prosperos
654 2949 689 3012 ot
710 2960 891 3012 successus
905 2959 994 3032 qnos
1011 2938 1057 3010 ad
1074 2939 1311 3012 confusionem
1327 2939 1479 3012 hostium
1502 2940 1622 3016 divina

212 3063 356 3137 dextera
374 3065 474 3137 nobis
492 3063 622 3158 jugiter
640 3063 825 3154 elargitur,
851 3062 898 3135 ad
924 3061 1205 3134 confortationem
1227 3071 1432 3136 vestrumst
1454 3064 1621 3158 gaudium

211 3187 314 3262 vobis
327 3186 494 3259 duximus
509 3183 732 3260 intimandos.
757 3185 849 3258 Sciat
862 3184 967 3279 igitur
983 3193 1097 3259 vestra
1109 3197 1252 3281 experta
1268 3184 1417 3259 fidelitas
1429 3186 1525 3282 quod
1542 3209 1623 3261 cou-

212 3311 364 3406 gregatis
375 3309 662 3383 Cremonensibus
677 3319 712 3382 et
715 3361 1085 3383 ..........
1110 3309 1339 3404 processimus
1355 3319 1425 3382 tam
1443 3310 1624 3405 magnifice

213 3455 319 3530 mam
333 3442 489 3530 potenter
509 3432 555 3508 ad
573 3433 748 3506 civitatem
768 3431 1002 3506 Mediolanum
1016 3453 1086 3526 que
1098 3441 1201 3527 capnt
1218 3441 1271 3506 est
1283 3432 1426 3528 perfidie
1445 3445 1624 3508 conteren-

213 3557 306 3630 dam.
339 3557 381 3629 Et
402 3556 482 3630 licet
506 3555 612 3630 iidem
637 3555 913 3630 Mediolanenses
941 3556 1050 3629 lelicis
1077 3555 1247 3628 adventus
1274 3557 1381 3630 nostri
1409 3559 1552 3652 prescii,
1579 3560 1625 3634 ad

213 3679 442 3754 muniendum
455 3677 714 3773 sequibusdam
725 3679 909 3772 vallisque
922 3678 982 3752 diu
995 3678 1123 3750 anteiu
1135 3677 1262 3751 finibus
1276 3701 1396 3752 eorum
1411 3681 1623 3777 inceperant,

214 3801 1070 3894 utaltiusealoderentexivissent,credentestum
1084 3823 1146 3897 per
1158 3803 1391 3893 eorumvalla,
1403 3812 1476 3875 tum
1489 3815 1627 3901 propter

212 3948 381 4022 aquarum
402 3925 645 3998 inundationes
669 3933 704 3998 ct
722 3926 842 3998 lluxus
864 3925 901 3997 in
917 3925 1046 4019 quihus
1059 3925 1276 4020 potissimum
1293 3925 1531 4020 confidebant,
1548 3949 1628 4004 nos·

213 4057 305 4121 tmm
322 4049 490 4144 impedire
507 4049 565 4122 vel
586 4048 761 4122 retardare
780 4069 998 4143 processum,
1024 4069 1088 4121 nos
1106 4056 1222 4122 tamen
1242 4069 1362 4122 eorum
1383 4053 1552 4126 versutias
1573 4063 1629 4126 at-

214 4172 397 4246 tendentes
415 4183 450 4246 et
470 4173 685 4269 impatientes
701 4193 798 4246 more
811 4194 917 4268 quam
934 4181 1057 4268 parata
1078 4193 1141 4268 pre
1155 4173 1317 4246 manibus
1340 4195 1460 4248 eornm
1477 4177 1631 4250 vindicta

213 4297 411 4370 nullatenus
427 4297 664 4394 permittebat,
683 4298 783 4371 lactis
798 4298 835 4370 in
855 4297 999 4370 transitu
1018 4296 1171 4370 fluminis
1186 4299 1499 4395 Lambripontibus
1516 4300 1588 4374 die.
1617 4356 1627 4375 .

214 4473 670 4495 ............
702 4421 833 4494 luimus
855 4419 1163 4494 Mediolanensium
1183 4419 1269 4494 fines
1294 4432 1450 4518 potenter
1474 4424 1630 4523 ingrcssi·

211 4546 368 4618 Castrum
373 4595 826 4618 ............
845 4543 882 4614 in
903 4543 1004 4635 quus
1024 4543 1223 4618 tortitudine
1238 4543 1457 4618 confidebant
1478 4557 1513 4620 et
1534 4551 1633 4644 quod

261 4719 302 4800 (a)
324 4720 383 4783 Slc.
398 4721 495 4784 Iocus
506 4721 638 4784 mutilus
