4242 5904
193 620 371 706 isosceli]
639 624 835 684 HISTORIA
862 623 1156 685 urrtoltarlcs.
1546 621 1603 682 187

194 782 284 832 mus.
306 761 462 832 Pretarea
475 767 675 855 potestatem
689 760 862 834 condendi
880 769 915 833 et
929 759 1119 833 fabricandi
1138 780 1264 830 noram
1283 765 1454 830 monetam
1471 757 1506 828 in
1522 757 1604 830 villa

194 907 264 980 que
293 883 420 957 dicitur
439 885 586 976 Sesaua,
613 906 683 978 que
703 885 769 958 sita
788 883 904 958 estad
925 883 1075 956 radicem
1100 883 1226 953 montis
1250 883 1346 970 lani,
1368 881 1451 975 quia
1472 879 1604 952 ibidem

194 1019 332 1082 monete
354 1007 482 1081 fabrica
505 1029 574 1080 non
593 1019 723 1100 erat‚e
746 1019 862 1082 nostra
883 1010 1058 1100 maiestate
1080 1006 1287 1101 impetravit.
1304 1005 1349 1076 Ut
1363 1014 1478 1077 antem
1500 1005 1605 1096 hujus

194 1142 310 1205 nostre
325 1133 554 1206 concessionis
571 1132 702 1205 donum
717 1133 812 1206 omui
831 1154 898 1205 evo
920 1131 1162 1204 inconvulsum
1180 1138 1394 1224 parmaneat,
1414 1128 1505 1200 hanc
1524 1128 1606 1202 inde

194 1252 357 1349 paginam
390 1251 560 1324 conscribi
591 1261 627 1324 et
653 1252 757 1346 sigilli
791 1251 897 1323 nostri
929 1250 1151 1345 impressione
1184 1247 1394 1320 corroborari
1422 1247 1602 1339 jussimus.

195 1377 230 1449 Si
245 1376 325 1470 quis
341 1385 455 1448 autem
471 1376 561 1448 benc
578 1387 730 1450 nostram
746 1375 966 1448 donationem
983 1374 1167 1466 intringere
1180 1373 1236 1444 vel
1251 1373 1432 1444 immutare
1449 1371 1606 1465 adtemp-

193 1501 318 1573 taverit
340 1500 456 1596 aliquo
480 1501 706 1572 successionis
729 1509 898 1594 tempore,
928 1499 1044 1570 banno
1067 1497 1162 1589 ragio
1186 1496 1377 1587 subiaceat,
1412 1505 1447 1567 et
1468 1505 1605 1567 centum

193 1625 298 1698 libras
322 1626 397 1697 anri
421 1633 620 1720 componat,
649 1624 830 1696 dimidiam
859 1631 991 1717 partem
1014 1643 1149 1694 camere
1174 1629 1306 1710 nostre,
1325 1619 1503 1692 dimidiam
1524 1639 1607 1690 vero

193 1750 348 1846 predicto
362 1749 489 1822 comiti.
508 1747 691 1821 Aduernnt
706 1749 788 1820 huic
802 1757 919 1820 nostre
931 1747 1108 1819 donationi
1121 1746 1219 1817 multi
1232 1743 1405 1840 principes
1415 1754 1448 1816 et
1460 1743 1604 1828 nobiles,

194 1881 261 1945 mm
287 1873 462 1946 Teutonici
480 1894 583 1968 quam
601 1873 706 1944 ltclici
725 1881 848 1964 testes,
870 1893 1019 1965 quorum
1036 1871 1099 1942 hec
1121 1879 1203 1942 suut
1219 1869 1384 1940 uomina:
1405 1867 1608 1960 Peregrinus

198 1997 389 2091 patriarcha
416 1995 461 2070 de
477 1995 657 2091 Aquileia,
686 1997 833 2068 Hillinus
854 1994 1133 2090 archiepiscopus
1150 1993 1386 2081 Treverensis,
1412 1991 1610 2063 Everardus

198 2121 380 2216 episcopus
396 2120 676 2212 Bambergeusis‚
698 2121 928 2192 Herimanuus
945 2119 1128 2214 episcopus
1144 2116 1431 2206 constantiensis,
1453 2115 1610 2186 Orlievus

197 2245 380 2340 episcopus
399 2245 610 2336 Basiliensis,
627 2244 811 2317 Wibaldus
833 2244 941 2316 abbae
964 2241 1195 2336 Corbajcnsis‚
1218 2241 1378 2312 Albertus
1398 2240 1611 2334 primicerius

196 2369 439 2460 virdunensis,
460 2368 620 2441 Albertus
637 2368 829 2464 prepositus
850 2367 1040 2461 Aquensis,
1056 2365 1221 2438 Heuricus
1237 2364 1312 2436 dux
1331 2364 1499 2454 Saxonis,
1523 2366 1618 2436 Ber-·

197 2493 310 2566 toldus
327 2493 402 2566 dux
414 2492 460 2566 de
474 2493 674 2585 Thuringia‚
686 2493 853 2564 Henricus
867 2491 942 2563 dux
956 2491 1142 2580 Corinthio,
1160 2487 1353 2560 Bclisavius
1366 2487 1442 2559 dux
1454 2488 1608 2580 Polouie,

201 2616 279 2688 Otto
304 2639 419 2689 comes
442 2617 633 2712 palatinus,
658 2617 886 2688 Herimaunns
905 2615 1058 2688 marchio
1075 2614 1120 2686 de
1135 2613 1272 2701 Badeu‚
1296 2611 1442 2684 Octalrer
1460 2610 1612 2684 marchio

198 2741 243 2814 de
262 2742 385 2828 Stiria,
404 2741 599 2814 Willclmus
617 2741 769 2814 marchio
793 2742 838 2815 de
854 2741 1113 2830 Monteferrato,
1131 2737 1265 2810 Ulricus
1286 2757 1403 2808 comes
1419 2736 1463 2808 de
1481 2737 1612 2808 leuze-

197 2865 333 2955 biercb,
362 2867 550 2938 Warucrus
580 2887 694 2937 comes
718 2865 763 2937 de
792 2863 1033 2951 Havesburcb,
1063 2863 1182 2934 Petrus
1204 2859 1369 2932 Ulcieusis
1395 2859 1609 2954 prepositus,

198 2989 391 3083 Stephanus
412 2991 629 3083 capellanus,
653 2989 741 3082 vigo
769 2989 813 3060 da
836 2988 982 3060 Domina
1002 2985 1236 3072 Alamannus,
1263 2983 1351 3077 vigo
1379 2983 1607 3070 Alamannus,

200 3112 392 3184 Willelmus
407 3112 625 3185 Rusticelius.

244 3237 388 3332 Signum
405 3237 535 3309 domiui
549 3237 711 3308 Friderici
727 3239 958 3309 Romanorum
974 3235 1064 3328 regis
1082 3231 1313 3305 invictissimi.

245 3361 319 3455 ligo
337 3361 510 3434 Aruoldus
533 3361 744 3434 Coloniensis
767 3360 1045 3455 archiepiscopus
1067 3357 1174 3430 ltalici
1196 3357 1296 3450 regui
1313 3355 1535 3430 cancellarius
1554 3377 1612 3428 re-

200 3485 360 3578 cognovi.

245 3607 370 3680 Actum
393 3631 484 3680 suno
513 3607 686 3680 dominice
714 3607 957 3679 iucarnationis
978 3605 1157 3676 millesimo
1185 3602 1370 3676 centesimo
1394 3601 1612 3696 quiuquage-

200 3731 285 3803 simo
301 3732 442 3826 quinto,
462 3731 650 3804 indictione
664 3743 807 3825 quarta,
824 3752 916 3803 anuo
934 3749 1017 3802 vero
1036 3729 1132 3822 regni
1150 3729 1226 3821 ejus
1244 3726 1495 3800 tertianarum
1516 3725 1612 3821 apud

200 3863 346 3926 castrum
366 3856 531 3942 Reverul,
552 3855 633 3927 idus
644 3855 804 3946 ianuarii.

244 3978 314 4050 Nos
340 3985 456 4050 autem
486 3977 700 4050 attendentes
728 3977 834 4049 fidem
860 3998 982 4072 puram
1005 3985 1040 4048 et
1064 3973 1285 4048 devotionem
1311 3971 1479 4045 sinceram
1505 3994 1609 4067 quam

199 4100 343 4196 predicti
358 4101 525 4196 Guigouis
542 4114 776 4176 antecessores
790 4101 835 4174 ad
852 4101 952 4174 divos
966 4108 1131 4193 augustos
1149 4097 1407 4192 predecessores
1429 4107 1562 4169 nostros
1578 4109 1612 4170 et

199 4243 333 4294 sacrum
358 4224 539 4320 imperium
564 4223 776 4315 habueruut,
804 4245 937 4296 necnon
956 4233 989 4295 et
1013 4232 1109 4317 grata
1134 4221 1275 4296 servitia
1299 4243 1369 4316 que
1391 4219 1612 4292 contuleruut

201 4348 249 4418 eis
275 4345 423 4419 fideliter
449 4357 484 4420 et
507 4348 653 4440 devote,
680 4359 715 4422 et
739 4369 808 4442 qua
838 4349 929 4422 idem
955 4347 1068 4440 Guigo
1094 4347 1193 4418 nobis
1222 4355 1256 4418 et
1286 4345 1429 4440 imperio
1457 4346 1611 4416 conterre

200 4469 322 4563 poterit
340 4469 503 4562 gratiora,
520 4469 698 4564 ipsiusque
712 4471 1021 4564 supplicationibus
1035 4468 1208 4559 inclinati,
1228 4467 1512 4562 suprascriptum
1532 4466 1610 4561 pri-

201 4593 364 4686 vilegium
388 4593 460 4666 divi
483 4595 621 4687 augusti
649 4595 863 4690 imperatoris
892 4594 1054 4666 Friderici
1080 4594 1138 4666 avi
1165 4591 1273 4664 nostri
1301 4589 1417 4662 inclite
1442 4589 1609 4662 recorda-

203 4714 301 4789 tiouis
318 4716 502 4790 liberaliter
517 4717 690 4790 indultum
706 4719 860 4815 predicto
871 4718 1047 4813 quondam
1065 4717 1214 4810 Guigoni
1232 4714 1362 4807 comiti,
1381 4713 1426 4786 dc
1438 4713 1545 4787 verbo
1563 4715 1608 4788 sd
