4278 5920
489 595 547 658 loo
993 601 1199 662 relocaret
1226 600 1401 660 seruant
1713 598 1793 684 [Anu.
1810 601 1895 664 isar.

487 731 607 802 iratres
625 729 670 804 de
683 733 903 826 Hausberge,
922 735 1089 806 Henricus
1106 733 1150 806 de
1169 733 1315 822 Werde,
1332 731 1536 806 Gotoiredus
1557 732 1602 806 de
1617 734 1806 823 nuenton,
1828 745 1895 808 etc.

485 852 575 948 (sic),
590 853 769 926 Conradns
781 854 826 927 de
837 856 1097 946 Schmideiiadt,
1112 857 1277 930 Hendcus
1288 856 1461 930 marechal
1474 853 1551 952 (sic)
1572 855 1619 930 de
1631 857 1771 952 Boppcn
1785 855 1849 954 (a),
1864 868 1898 932 et

484 976 543 1048 otii
555 978 788 1072 quamplures.

533 1099 620 1172 Acta
634 1109 715 1172 sunt
731 1101 796 1174 heo
811 1123 903 1174 anno
922 1101 1094 1176 dominice
1112 1103 1353 1177 incarnationis
1371 1104 1419 1176 Μο
1434 1102 1499 1176 CC’
1512 1102 1622 1176 XXX“
1636 1103 1733 1195 V1⁰(t
1743 1103 1769 1198 i,
1782 1125 1898 1178 mense

433 1253 446 1276 ·
483 1226 642 1316 angusti,
657 1225 792 1300 decima
811 1225 1011 1300 indictione.

532 1351 618 1421 Data
633 1349 728 1444 apud
746 1351 958 1441 Angustam,
977 1371 1086 1442 anno,
1107 1371 1225 1422 mense
1241 1361 1276 1424 et
1296 1348 1484 1423 indictione
1501 1349 1710 1446 prescriptis.

696 1649 821 1662 ,annu--
827 1647 877 1658 ..u-
883 1649 912 1658 ιιι
920 1648 1206 1660 -σιψ-ι-ισ-οο--σι---ι
1213 1650 1232 1659 0-
1239 1649 1317 1660 ιιι-ιιι
1324 1651 1343 1660 -ι
1352 1651 1680 1668 munnam-..nana-

274 1971 453 2081 ”ppffi
533 1941 770 2045 Fridericus‚
804 1939 1064 2024 Romanorum
1097 1941 1322 2052 imperator,
1357 1945 1407 2026 ad
1439 1943 1752 2052 supplicationem
1792 1941 1895 2026 Her-

311 2079 417 2188 m:
479 2074 612 2156 menni
640 2072 814 2184 magistri
846 2073 1045 2182 hospitalis
1063 2074 1223 2158 Sanctae
1244 2074 1385 2159 Mariae
1402 2075 1723 2187 Theutonicorum
1744 2085 1783 2156 et
1805 2073 1894 2156 iro-

478 2217 582 2290 trum
610 2205 782 2316 ejusdem
813 2206 979 2314 domus',
1009 2206 1063 2290 eis
1090 2205 1292 2291 confirmat
1322 2208 1570 2317 proprietates
1602 2220 1641 2292 et
1668 2207 1771 2290 bone
1796 2234 1895 2317 quae

479 2339 596 2423 irater
627 2339 882 2446 Helmerieus,
915 2339 1018 2422 filins
1045 2341 1241 2449 quondam
1273 2339 1452 2424 Hortwici
1482 2340 1656 2450 magistri
1687 2340 1891 2450 coquinae,

477 2472 670 2558 offerendo
687 2497 890 2582 personam
909 2498 1019 2555 suam
1042 2473 1166 2556 eidem
1183 2473 1317 2556 domui
1341 2473 1457 2556 simul
1474 2472 1613 2556 obnuit
1633 2484 1671 2555 et
1692 2473 1890 2555 concessit.

558 2704 724 2785 (ineditum
748 2721 787 2766 ex
810 2707 946 2786 originali
967 2707 1000 2766 in
1023 2705 1146 2768 mentre
1169 2705 1391 2785 stuttgartensi.
1415 2706 1551 2786 Sigillum
1570 2723 1688 2768 cereum
1710 2705 1770 2768 dits
1794 2708 1895 2768 sericis
1988 2704 2002 2740 ⁹

598 2812 794 2874 emursnthini
808 2812 913 2874 coloris
926 2829 963 2873 ex
977 2818 1124 2873 vetustate
1136 2811 1365 2874 durescentibus
1377 2813 1548 2893 dependet.)

526 3024 564 3094 ln
589 3021 729 3094 nomine
754 3031 872 3094 sancte
890 3031 924 3093 et
946 3021 1129 3094 individue
1146 3021 1331 3093 Trinitatis.
1349 3021 1543 3093 Friderious
1559 3019 1756 3110 secundm,
1773 3020 1893 3092 divina

478 3147 615 3219 favente
629 3145 808 3218 clementia
827 3145 1057 3217 Romanorum
1085 3147 1269 3239 imperator
1290 3165 1425 3239 semper
1446 3153 1632 3238 augustus,
1653 3143 1841 3215 Jerusalem
1859 3155 1894 3215 et

477 3269 592 3342 Sicilie
610 3291 688 3342 rex.
709 3269 858 3362 Dignum
886 3290 1066 3340 censemus
1084 3278 1118 3340 et
1144 3268 1180 3340 id
1202 3267 1289 3342 ordo
1309 3270 1460 3364 postulat
1483 3267 1624 3339 rationis
1647 3276 1687 3337 ut
1709 3287 1750 3338 ea
1766 3286 1835 3360 qne
1855 3267 1892 3336 in

477 3393 649 3490 presentia
667 3402 782 3465 nostre
797 3391 884 3463 iiunt
900 3391 1084 3486 imperialis
1099 3389 1239 3463 firmiter
1252 3401 1481 3487 prosequatur
1499 3391 1700 3479 auctoritas,
1720 3398 1892 3460 utcansa·

477 3539 555 3588 rum
572 3517 694 3590 merita
719 3516 894 3588 munimen
921 3515 1004 3588 inde
1023 3515 1211 3610 suscipiant
1228 3514 1323 3588 unde
1343 3515 1550 3610 principium
1564 3521 1788 3609 occeperunt,
1814 3535 1893 3607 pre·

477 3642 595 3714 sertim
619 3641 680 3713 ubi
710 3641 877 3736 professio
900 3641 1077 3732 religionis
1105 3641 1203 3712 venit
1231 3639 1266 3712 in
1294 3640 1450 3712 medium
1477 3663 1547 3734 qne
1570 3642 1723 3712 savorem
1748 3639 1891 3710 Romani

477 3765 644 3862 principis
666 3765 860 3859 specialiter
883 3775 1108 3858 promeretur.
1135 3763 1223 3835 Hinc
1248 3774 1300 3835 est
1323 3766 1439 3858 itaque
1461 3763 1555 3858 quod
1584 3762 1750 3858 presentis
1775 3759 1892 3855 scripti

478 3891 566 3963 seris
579 3899 696 3963 notum
711 3887 786 3961 fieri
803 3888 966 3960 volumus
980 3887 1155 3960 modernis
1170 3900 1205 3960 et
1218 3888 1362 3984 posteris
1385 3887 1557 3960 universis
1573 3884 1670 3980 quod
1688 3889 1792 3958 frater
1810 3885 1892 3956 Her-

478 4035 626 4087 mannus
644 4013 851 4086 venerabilis
867 4012 1031 4106 magister
1048 4011 1227 4107 hospitalis
1248 4013 1371 4084 Sancte
1396 4011 1503 4084 Marie
1525 4011 1650 4084 domus
1665 4009 1891 4081 Theutonico·

479 4159 556 4210 rum
570 4149 604 4210 et
625 4138 745 4210 iratres
759 4137 854 4229 ejus,
874 4133 994 4208 fideles
1009 4137 1133 4228 nostri,
1155 4147 1271 4210 nostro
1293 4138 1384 4208 cuim
1406 4138 1440 4208 ni
1461 4135 1699 4232 supplicarunt
1719 4141 1891 4228 quatenus

520 4313 562 4394 (a)
584 4310 914 4394 reparamentum.

515 4619 551 4695 (t)
569 4621 610 4678 Ex
628 4620 692 4676 data
713 4617 865 4676 documenti
884 4615 982 4675 ibidem
1000 4617 1091 4675 inserti
1105 4633 1208 4675 necnon
1229 4625 1256 4676 et
1275 4633 1308 4675 ex
1325 4615 1474 4675 indictionis
1490 4631 1617 4686 numero,
1639 4613 1711 4671 clam
1730 4611 1812 4685 liquet
1828 4611 1891 4667 anni

479 4719 642 4776 notationem
654 4717 755 4774 unitate
767 4715 897 4786 deficere,
909 4715 967 4773 sive
979 4716 1075 4774 menda
1086 4716 1121 4773 sit
1134 4715 1268 4788 originalis
1277 4715 1363 4790 ipsius
1376 4721 1423 4774 aut
1436 4713 1616 4772 amanuensis.
