4224 5898
202 591 301 652 laorcr.
321 585 381 671 12]
651 583 847 646 HISTORIA
873 581 1166 642 utetoltamce.
1557 581 1618 641 285

251 719 448 811 Conradus,
474 720 536 790 Dei
563 719 673 812 gratia
696 729 815 792 sancte
842 714 1052 790 Coloniensis
1079 717 1222 790 ecclesie
1249 716 1415 806 minister,
1440 715 1534 790 ltalie
1559 738 1620 788 ar-

203 843 505 934 chicancellarius,
525 843 697 914 universis
719 863 860 937 presens
878 842 1043 938 scriptum
1061 840 1281 913 audientibus
1304 849 1338 911 et
1354 841 1561 934 inspecturis
1583 842 1619 912 in

206 978 424 1065 perpetuum.
444 967 569 1038 Notum
585 987 662 1038 esse
679 967 843 1038 volumus
859 964 952 1058 quod
981 987 1061 1036 cum
1082 963 1244 1036 dominus
1263 971 1378 1034 noster
1394 963 1617 1050 Fredericus‚

205 1095 436 1167 Romanorum
455 1091 654 1184 imperator,
676 1089 777 1162 uobis
796 1089 832 1160 in
853 1089 972 1162 castris
990 1089 1025 1161 in
1042 1088 1222 1160 obsidione
1239 1087 1353 1158 Brixis
1370 1109 1462 1158 anno
1484 1089 1620 1160 Domini

207 1218 253 1288 ll.
267 1216 330 1288 GC.
346 1215 536 1302 XXXVlll,
562 1235 683 1286 mense
706 1223 871 1305 augusto,
898 1235 977 1283 cum
994 1213 1068 1305 ipso
1092 1213 1339 1302 existentibus,
1360 1213 1405 1282 ob
1420 1222 1570 1283 nostram
1587 1223 1621 1284 et

206 1340 351 1412 ecclesie
376 1337 586 1410 Coloniensis
611 1338 868 1428 necessitatem,
896 1335 1056 1408 denarios
1080 1335 1295 1408 cerevisiales
1324 1335 1384 1428 qui
1412 1335 1622 1429 quandoque

207 1463 315 1557 accipi
344 1461 483 1533 Colonia
511 1471 649 1555 propter
680 1469 859 1552 urgentem
886 1461 1122 1532 necessitatem
1150 1470 1425 1548 consueverunt,
1457 1459 1502 1533 de
1532 1463 1621 1533 lactc

207 1588 415 1682 integraliter
446 1585 663 1680 recipiendos
694 1586 796 1657 nobis
826 1585 1048 1657 concessisset
1080 1595 1115 1658 et
1143 1607 1248 1680 super
1281 1585 1348 1658 boo
1376 1586 1504 1657 litteras
1540 1609 1621 1660 suas

208 1722 364 1806 patentes
387 1708 441 1806 (l)
457 1709 630 1797 dedisset,
651 1709 816 1804 comperti
831 1708 1049 1802 postmodum
1063 1721 1099 1779 et
1119 1721 1210 1781 certo
1225 1709 1386 1781 certiores
1410 1709 1537 1781 redditi
1559 1732 1622 1782 nos

209 1836 245 1905 iu
262 1834 395 1908 eisdem
418 1833 569 1907 denariis
594 1854 640 1905 ex
657 1833 881 1904 concessione
898 1832 981 1904 dicti
1009 1832 1139 1904 domini
1165 1834 1380 1928 imperatoris
1408 1833 1511 1904 uicbil
1534 1836 1622 1926 J'uris

210 1959 337 2031 babere
357 1959 414 2030 vel
430 1958 558 2030 bebere
576 1978 677 2052 posse
700 1977 764 2028 uec
779 1965 814 2027 et
831 1957 866 2027 in
892 1967 1079 2050 posterum,
1099 1956 1318 2048 quodetiam
1341 1957 1460 2028 litteris
1480 1979 1621 2051 presen-

210 2082 303 2153 tibus
326 2079 540 2176 profitemur,
564 2079 718 2174 predicte
742 2079 955 2151 concessioni
976 2081 1051 2153 sive
1073 2078 1250 2152 donationi
1266 2083 1337 2171 jam
1356 2082 1444 2152 lecte
1468 2083 1524 2153 vel
1551 2104 1621 2177 que

210 2205 245 2276 in
270 2215 444 2299 postemm
471 2201 545 2276 lieri
570 2203 678 2299 possit
700 2212 736 2275 et
762 2203 882 2274 litteris
910 2224 1014 2298 super
1031 2201 1096 2274 boc
1114 2204 1286 2274 concessis
1309 2205 1363 2274 vel
1390 2205 1621 2278 concedendis

212 2329 349 2424 penitus
374 2327 629 2418 renuntiamus;
652 2328 806 2400 volentes
831 2327 923 2422 ipsas
946 2348 1023 2400 esse
1048 2328 1159 2398 irrites
1182 2337 1217 2397 et
1244 2327 1365 2398 inanes
1389 2349 1454 2400 uec
1475 2329 1622 2421 alicujus

210 2454 386 2544 momenti,
405 2453 492 2525 acsi
512 2473 581 2547 que
605 2453 671 2525 alie
699 2453 938 2526 concessiones
962 2453 1039 2525 sive
1063 2453 1267 2526 donationes
1292 2464 1327 2526 et
1345 2455 1456 2528 litters
1481 2457 1527 2528 ab
1556 2458 1621 2530 isto

211 2578 265 2650 vel
293 2577 409 2671 aliquo
427 2576 670 2670 imperatorum
693 2598 797 2676 super
820 2575 922 2648 dictis
947 2574 1098 2648 denariis
1112 2577 1371 2650 cerevisialibus
1387 2579 1423 2648 in
1447 2593 1620 2674 posterum

213 2700 338 2772 luerint
362 2701 556 2794 impetrate,
579 2721 648 2772 non
670 2700 787 2770 valere
813 2697 878 2793 (2).
901 2699 943 2770 Ut
968 2709 1082 2772 autem
1109 2700 1174 2772 hec
1197 2701 1233 2770 in
1262 2712 1466 2795 perpetuum
1491 2703 1622 2777 illibata

211 2832 435 2918 permaneant
453 2835 487 2896 et
503 2823 724 2913 inconvulsa,
749 2845 891 2919 presens
916 2824 1043 2919 pagina
1064 2835 1178 2897 nostro
1203 2833 1238 2898 et
1254 2826 1397 2898 ecclesie
1412 2828 1622 2902 Coloniensis

212 2948 330 3042 sigillis
346 2956 399 3020 est
416 2947 638 3020 communita.

260 3073 384 3143 Datum
418 3070 577 3162 Colonie,
610 3091 702 3144 anno
725 3071 862 3144 Domini
889 3072 936 3145 Μ.
956 3071 1196 3164 comm,
1224 3073 1260 3144 in
1283 3073 1431 3146 crastino
1455 3075 1624 3149 Heriberti

214 3217 377 3292 episcopt.

269 3732 456 3841 Sequente
475 3733 712 3818 solemnitate
730 3736 779 3824 de
800 3734 931 3818 Remis
949 3733 1185 3844 palmarum,
1205 3740 1308 3815 totus
1327 3733 1438 3843 quasi
1460 3735 1624 3845 populus
1709 3743 1780 3831 ’,Μ

218 3862 366 3946 Paduee
392 3867 565 3948 convenit
587 3867 628 3947 in
645 3867 758 3950 Preto
775 3866 899 3951 uallis.
922 3865 979 3948 lbi
1001 3865 1180 3949 dominus
1204 3865 1410 3973 imperator
1432 3869 1567 3951 sedens
1584 3870 1625 3951 in

218 3996 452 4080 eminentiori
477 3998 561 4082 loco
580 3999 621 4080 iu
648 4025 718 4081 suo
743 3999 882 4083 throno
905 4024 946 4082 se
971 3997 1117 4082 cunctis
1143 3998 1309 4080 ostendit
1329 3997 1490 4084 hilarem
1508 4010 1546 4083 et
1559 4000 1627 4112 jo-

246 4299 287 4372 Δ(4)
305 4301 362 4358 llas
374 4315 507 4374 nusquam
523 4302 642 4360 invenire
655 4303 801 4377 potuimus,
814 4303 880 4360 dum
896 4303 975 4377 paulo
990 4309 1051 4377 post
1065 4309 1188 4363 mssatas
1205 4311 1234 4362 et
1247 4303 1360 4364 forsitan
1371 4309 1531 4368 cancellatae
1544 4309 1627 4370 brisso

219 4395 363 4454 rideantur.
377 4419 378 4424 ¹

254 4493 288 4566 (i)
304 4495 457 4552 Notandum
474 4495 524 4552 ista
538 4497 732 4554 renuntiatione
742 4497 798 4571 jam
810 4497 1039 4572 archiepiscopum
1056 4496 1119 4556 huic
1134 4498 1252 4573 opinioni
1263 4499 1370 4558 obviem
1383 4501 1433 4574 ire,
1446 4503 1546 4561 scilicet
1556 4506 1629 4578 quod

209 4587 321 4648 'Colonia
340 4591 436 4650 civitas
454 4592 601 4666 imperialis
614 4593 798 4667 (lteicbrtodtl
813 4594 907 4666 luerit,
920 4595 948 4650 in
970 4611 1022 4668 qua
1034 4594 1180 4668 imperator
1196 4596 1351 4655 immediate
1368 4598 1475 4672 aliquod
1491 4602 1628 4674 publicum

220 4686 325 4759 uectigal
339 4687 476 4762 imponere
487 4695 589 4763 posset.
