4224 5898
198 589 299 650 lunser.
319 587 381 666 12]
545 649 548 656 ,
652 585 848 648 HISTORIA
872 585 1166 650 lllPLOlfA'flCll.
1551 583 1611 645 333

201 731 318 818 captos
337 720 382 795 ad
399 720 492 793 illam
510 720 674 794 transitus
691 721 923 814 retardarent,
943 721 1072 795 dictam
1090 719 1310 810 sententiam,
1340 739 1409 814 qne
1426 725 1547 814 utpote
1562 719 1612 792 la·

201 856 272 918 tam
291 853 371 940 post
399 843 663 938 appellationem
689 845 878 940 legitimam
907 845 983 939 ipso
1004 848 1083 937 jure
1109 845 1203 917 nulla
1229 843 1362 929 fuerat,
1391 842 1427 913 in
1449 841 1613 914 omnibus

202 969 279 1040 aliis
303 967 425 1063 prefati
443 967 690 1062 archiepiscopi
707 969 834 1042 intacto
855 979 1053 1043 remanente
1073 989 1237 1063 processu
1251 1023 1259 1054 ,
1275 965 1457 1038 sufficienti
1474 987 1496 1037 a
1513 965 1615 1038 baro-

202 1091 323 1182 nibus,
345 1089 520 1164 nobilibus
545 1098 579 1162 et
602 1091 786 1163 comitibus
811 1093 910 1182 regui
930 1092 1076 1187 predicti
1099 1091 1259 1164 cautione
1286 1098 1443 1186 recepta,
1461 1089 1497 1158 in
1519 1089 1612 1161 omni

203 1214 397 1286 sinceritate
409 1214 454 1286 de
465 1215 607 1286 fratrum
618 1223 813 1287 nostrorum
826 1215 968 1287 consilio
978 1214 1144 1288 duximus
1159 1212 1397 1286 relaxandam.
1414 1212 1517 1296 Quod
1531 1233 1613 1305 ergo

202 1338 278 1432 ipse
297 1336 461 1410 danobis
485 1337 531 1410 ob
549 1336 615 1410 hoo
639 1337 739 1409 labiis
766 1337 906 1432 pollutis
933 1339 1143 1432 obloquitur,
1164 1345 1279 1410 vester
1300 1336 1436 1408 animus
1452 1357 1520 1408 non
1539 1345 1611 1407 tur-

201 1461 318 1551 betur,
340 1461 423 1554 quia
441 1481 521 1532 cum
536 1461 581 1532 sit
596 1481 660 1533 vas
675 1461 844 1555 repletum
866 1462 1026 1534 vitiorum
1046 1461 1228 1556 spurcitia,
1248 1481 1290 1532 ea
1308 1481 1377 1553 qua
1398 1459 1507 1554 ipsius
1525 1459 1612 1530 infe-

203 1592 324 1655 cerunt
347 1584 523 1674 animum,
541 1591 640 1676 putat
657 1583 692 1653 in
710 1583 787 1654 aliis
802 1583 986 1654 criminum
1007 1583 1182 1658 desentire
1199 1579 1248 1678 (o)
1269 1589 1437 1654 tormenta
1455 1607 1463 1652 ε
1480 1604 1527 1653 ex
1541 1602 1612 1675 quo

203 1728 283 1780 cum
304 1706 474 1779 malorum
494 1706 680 1803 opprobria
701 1706 858 1793 laudem,
878 1706 999 1781 laudes
1017 1728 1157 1800 quoque
1172 1705 1394 1801 opprobrium
1411 1714 1571 1778 resonent
1591 1728 1612 1778 a

202 1829 280 1902 viro
305 1831 406 1923 cnjus
429 1829 542 1902 omnis
572 1829 692 1920 lingna
715 1830 838 1902 clamat
870 1830 1072 1920 infamiam,
1101 1829 1378 1923 sugillationibus
1404 1828 1521 1923 impeti
1548 1829 1611 1902 eli·

203 1953 319 2047 purus
344 1953 451 2024 multo
476 1952 597 2024 fortius
618 1973 724 2046 quam
748 1950 896 2025 laudari.
923 1952 991 2025 Sed
1016 1953 1132 2026 forsan
1156 1953 1326 2024 maculam
1352 1952 1524 2045 opinionis
1549 1974 1612 2026 aue

204 2077 260 2148 bis
275 2075 388 2149 crcdit
401 2075 541 2148 abolere
560 2077 731 2166 convitiis,
749 2075 832 2170 quia
851 2096 888 2148 se
907 2075 992 2148 dum
1006 2075 1100 2170 apud
1114 2075 1303 2148 Viterbium
1322 2086 1512 2148 moraretur
1529 2075 1612 2148 infi-

204 2199 300 2272 ciens
314 2221 335 2271 a
348 2199 436 2271 facie
453 2197 603 2271 bostium
616 2197 767 2270 Ecclesia
783 2219 852 2270 non
871 2198 1090 2270 verecundus
1107 2199 1252 2291 aufugit,
1268 2207 1302 2269 et
1318 2197 1363 2270 ad
1376 2199 1609 2275 defensionem

202 2344 343 2395 suorum
374 2321 530 2395 fidelium
552 2341 641 2414 quos
659 2321 768 2416 ipsius
789 2321 905 2392 hostes
935 2321 971 2391 in
994 2322 1104 2394 oculis
1132 2322 1208 2414 ejus
1234 2319 1462 2423 obsederunt,
1486 2333 1610 2398 terram

204 2446 300 2518 nullo
316 2445 519 2540 probibente
530 2453 717 2535 vastantes,
736 2443 910 2516 affirmans
924 2465 1027 2516 suum
1043 2465 1104 2539 per
1120 2465 1182 2516 nos
1198 2443 1244 2516 ad
1262 2445 1337 2517 illos
1355 2445 1513 2520 interdici
1530 2473 1610 2544 pro·

203 2589 375 2664 gressum,
393 2567 580 2663 imperialis
591 2565 730 2640 honoris
747 2567 927 2662 pmdigus,
945 2566 1008 2639 sed
1022 2567 1144 2640 timore
1157 2567 1352 2662 prohibitus
1363 2590 1432 2642 non
1452 2573 1608 2664 accessit3

203 2713 249 2765 cx
269 2713 312 2766 ao
331 2692 564 2766 innocentiam
588 2699 740 2764 nostram
765 2712 932 2764 accusans
950 2690 1046 2786 quod
1064 2688 1109 2762 ad
1131 2690 1294 2764 evitanda
1319 2692 1423 2785 hujus
1442 2694 1522 2766 belli
1542 2695 1613 2769 dis-

204 2815 333 2911 pendia
357 2814 518 2886 nuntium
543 2835 564 2886 a
586 2815 694 2887 latore
714 2823 831 2887 nostro
853 2835 921 2886 non
945 2815 1113 2886 misimus.
1139 2814 1209 2888 Sed
1227 2836 1291 2887 neo
1316 2815 1443 2888 mirum
1468 2839 1547 2890 cum
1571 2841 1613 2894 eo

205 2948 357 3034 tempore
370 2948 478 3012 status
489 2939 640 3011 Ecclesia
648 2938 827 3033 multiplici
841 2939 963 3011 fuisset
973 2925 1230 3034 persecutorum
1243 2939 1426 3012 afflictione
1440 2941 1610 3016 turbatus.
1644 2947 1647 2954 ’

204 3063 371 3136 Venimus
400 3071 517 3135 autern
543 3060 590 3134 ad
612 3061 791 3134 Civitatem
811 3061 953 3134 Castelle
977 3065 1076 3155 cujus
1098 3062 1192 3136 cives
1215 3083 1253 3134 se
1277 3062 1324 3132 illi
1347 3065 1473 3136 violato
1499 3087 1614 3140 sacra·

204 3195 319 3258 mento
343 3183 425 3259 fidei
441 3185 597 3258 Ecclesia
618 3185 796 3279 ignorante
811 3186 1011 3280 prodentes,
1035 3187 1170 3258 nullum
1190 3189 1248 3279 jus
1266 3208 1328 3282 per
1347 3186 1465 3260 hocin
1490 3191 1614 3286 seipsis

204 3309 404 3406 adquirere,
423 3310 557 3381 nullum
575 3309 678 3382 nobis
702 3310 792 3382 circa
809 3310 1059 3405 possessionem
1076 3333 1156 3383 cum
1174 3311 1447 3404 jurisdictionem
1464 3313 1615 3389 civitatis

204 3441 238 3507 et
264 3433 394 3506 civium
419 3433 519 3526 quasi
547 3431 738 3528 possideret
767 3430 938 3524 Ecclesia,
965 3433 1147 3528 pmdendo
1172 3443 1357 3530 potuerunt
1382 3435 1613 3530 prejudicium

204 3578 388 3652 generare3
406 3557 490 3651 quia
511 3556 578 3629 illis
597 3577 618 3628 a
643 3557 772 3651 quibus
795 3557 892 3630 alteri
918 3557 1035 3653 potius
1057 3579 1161 3652 quam
1183 3558 1249 3631 sibi
1271 3558 1526 3654 possidentibus
1542 3584 1613 3636 uon

204 3683 403 3776 requiritur,
426 3681 652 3777 possessionis
670 3681 805 3755 initium
827 3683 924 3775 loges
944 3685 1197 3778 possessionum
1216 3693 1371 3756 evertere
1388 3691 1422 3756 et
1441 3688 1614 3761 extraneis

202 3806 281 3897 jura
298 3805 455 3878 conferre
473 3804 631 3898 nequivit
647 3824 898 3898 possessorum
919 3827 1055 3879 necnon
1079 3807 1140 3900 qui
1160 3805 1205 3879 da
1222 3805 1410 3880 reddendis
1427 3811 1613 3902 possessio·

205 3929 308 4000 nibus
318 3928 471 4000 Ecclesia
488 3924 649 4025 [absque]
668 3929 802 4001 rationo
819 3928 865 4001 ad
879 3949 959 4001 eum
973 3929 1224 4023 pertinentibus
1239 3929 1366 4024 pluries
1378 3933 1611 4024 juramentum

204 4052 414 4146 prestiterat,
440 4052 525 4124 satis
550 4051 744 4144 improvido
768 4073 790 4126 a
815 4052 916 4126 uobis
941 4051 1125 4125 videbatur
1144 4063 1260 4148 petere
1282 4055 1378 4150 quod
1392 4078 1460 4128 non
1481 4067 1613 4152 poterat

205 4174 336 4270 absque
357 4174 510 4271 perjurio
531 4175 691 4247 retinere.
716 4175 787 4247 Neo
806 4175 900 4250 credi
928 4175 1033 4249 debet
1054 4176 1090 4247 in
1112 4176 1177 4250 boc
1198 4199 1261 4251 nos
1288 4179 1355 4250 eibi
1379 4181 1611 4256 omnimodam

205 4318 319 4370 coram
337 4298 472 4370 arbitris
486 4299 544 4371 vel
560 4298 629 4370 alio
649 4297 752 4372 modo
770 4299 939 4391 justitiam
957 4301 1124 4374 exhibere
1139 4311 1293 4397 paratos,
1313 4302 1613 4379 fratrumnostro-

204 4442 281 4493 rum
302 4419 504 4517 despexisse
527 4421 726 4513 consilium,
749 4419 845 4516 quod
871 4422 1001 4494 nuntiis
1024 4425 1100 4516 ejus
1122 4422 1296 4520 inceptum
1318 4425 1490 4520 judicium
1513 4451 1612 4502 recu·

245 4682 287 4764 (a)
307 4683 368 4766 Sto,
381 4684 503 4750 forsitan
514 4684 647 4751 desevire.
