4242 5904
505 575 566 634 222
1004 575 1218 638 FlllllElllCl
1239 575 1424 638 sectant·
1730 573 1810 656 [trs.
1828 574 1915 637 12³8.

504 710 625 806 probet
649 729 714 781 nec
737 709 882 804 flagellis
908 709 1009 782 cedat
1032 710 1090 784 vel
1115 711 1151 782 in
1179 731 1350 784 carcerem
1372 709 1501 799 mittat,
1522 707 1584 782 sed
1605 709 1698 800 juret
1723 709 1916 782 secundum

505 835 616 927 legem
637 854 736 905 suam
762 842 839 927 post
862 833 1092 928 qnadraginta
1115 833 1203 908 dies.
1224 834 1335 907 Nullis
1356 833 1502 905 testibus
1520 832 1589 904 nisi
1616 833 1719 904 simul
1741 833 1860 926 judeis
1884 843 1918 905 et

505 955 699 1029 christianis
715 957 875 1030 convinci
901 957 1009 1052 possit
1030 957 1185 1052 qualibet
1208 957 1254 1032 de
1281 978 1397 1030 causa.
1417 956 1482 1028 Pro
1504 975 1726 1049 quacumque
1748 978 1787 1028 re
1802 956 1919 1050 impe-

506 1081 625 1153 rialem
653 1080 903 1176 appellaverint
924 1081 971 1154 ad
999 1082 1223 1176 presentiam,
1257 1080 1398 1154 inducie
1424 1079 1474 1152 eis
1502 1077 1748 1154 concedantur.
1776 1079 1918 1173 Siquis

506 1202 675 1277 adversus
693 1203 844 1298 aliquem
862 1225 981 1278 eornm
1004 1205 1189 1278 consilinm
1214 1204 1332 1277 iecerit
1354 1212 1416 1276 aut
1430 1202 1482 1276 eis
1501 1201 1683 1274 insidiatus
1701 1203 1804 1274 inerit
1821 1203 1919 1296 quod

506 1327 701 1414 occidatur,
721 1335 866 1422 uterque
882 1336 916 1400 et
933 1327 1129 1401 consiliator
1150 1337 1184 1427 et
1206 1327 1337 1401 occisor
1356 1325 1541 1401 duodecim
1560 1325 1665 1398 libras
1689 1325 1765 1398 anri
1782 1325 1829 1400 ad
1843 1347 1920 1400 era·

507 1450 598 1522 rium
621 1458 775 1523 nostrum
804 1451 992 1546 persolvat3
1020 1452 1050 1524 si
1079 1473 1165 1524 vero
1188 1473 1269 1525 enm
1293 1449 1547 1538 vulneraverit,
1573 1449 1636 1524 sed
1659 1471 1730 1542 non
1753 1448 1799 1522 ad
1826 1471 1919 1522 mor·

508 1587 597 1668 tem,
617 1579 738 1650 libram
756 1600 863 1650 unam
877 1579 953 1650 anri
968 1591 1169 1676 componat,
1185 1589 1220 1652 et
1232 1579 1262 1650 si
1275 1578 1321 1651 sit
1337 1599 1461 1651 servus
1480 1579 1541 1674 qni
1562 1577 1659 1650 illum
1682 1578 1847 1650 occiderit
1863 1578 1920 1650 vel

508 1701 763 1794 vulneraverit,
787 1701 950 1775 dominus
971 1704 1047 1795 ejus
1064 1711 1126 1776 aut
1145 1701 1378 1798 supradictam
1398 1685 1677 1796 compositionem
1701 1702 1842 1796 impleat
1859 1710 1921 1772 ant

508 1847 648 1898 servum
663 1826 709 1899 ad
725 1847 832 1922 penas
844 1826 968 1900 trahat.
979 1827 1023 1900 llt
1038 1827 1175 1918 sijudei
1190 1827 1257 1922 ipsi
1275 1827 1370 1900 litem
1382 1826 1471 1900 inter
1487 1847 1525 1900 se
1539 1835 1751 1898 antcansam
1768 1827 1919 1919 aliquam

506 1951 693 2024 habuerint
718 1951 1033 2043 determinandam,
1065 1971 1181 2024 coram
1208 1971 1250 2024 eo
1278 1950 1341 2046 qui
1367 1958 1480 2046 preest
1504 1950 1555 2022 eis
1576 1946 1788 2041 judicentur.
1816 1950 1859 2021 Et
1891 1951 1920 2023 si

508 2075 633 2170 aliquis
657 2075 745 2148 inter
766 2095 827 2147 eos
850 2073 1005 2170 perfidus
1024 2076 1073 2148 rei
1101 2077 1246 2168 alicujus
1266 2075 1355 2146 inter
1378 2095 1440 2147 eos
1466 2082 1562 2168 geste
1579 2075 1749 2147 occultare
1772 2075 1922 2147 voluerit

509 2200 712 2292 veritatem,
732 2198 777 2270 ab
803 2219 846 2272 co
865 2199 926 2292 qni
949 2209 1123 2294 estsuper
1139 2200 1190 2272 eis
1207 2199 1501 2272 veritatomfateri
1518 2208 1671 2293 cogatur.
1689 2199 1724 2270 Si
1739 2207 1859 2272 autem
1877 2197 1922 2271 de

508 2325 624 2418 aliqua
639 2345 766 2418 magna
787 2345 891 2396 cansa
907 2322 1072 2418 inculpati
1089 2322 1216 2396 luerint
1225 2377 1235 2414 ,
1256 2321 1414 2396 inducias
1429 2322 1476 2396 ad
1498 2321 1738 2418 imperatorem
1753 2323 1914 2396 habeant.

508 2447 666 2521 Preterea
684 2447 805 2520 vinum
821 2469 942 2536 sunm,
962 2447 1139 2543 pigmenta
1158 2456 1194 2520 et
1214 2445 1368 2520 antidota
1384 2445 1518 2542 possint
1540 2445 1694 2518 vendere
1713 2445 1918 2520 christianis.

508 2569 564 2643 Ad
578 2571 678 2662 cnjus
692 2571 743 2642 rei
760 2570 961 2642 memoriam
978 2591 1121 2666 presens
1137 2571 1302 2666 scriptum
1317 2569 1390 2642 lieri
1411 2578 1446 2642 et
1460 2569 1555 2642 ltulla
1571 2590 1677 2642 aurea
1695 2571 1829 2666 typario
1848 2591 1922 2643 ma·

505 2694 638 2788 jestatis
651 2701 766 2794 nostre
780 2695 944 2788 impressa
961 2693 1128 2787 jussimus
1142 2693 1314 2788 insigniri.

558 2819 668 2911 liujus
686 2827 801 2891 antem
815 2818 865 2890 rei
880 2827 981 2890 testes
997 2826 1078 2890 sunt
1091 2817 1209 2892 dilecti
1228 2817 1402 2914 principes
1416 2818 1522 2891 nostri
1525 2869 1697 2889 .....
1716 2817 1923 2892 venerabilis

510 2941 702 3038 patriarcha
715 2940 981 3038 Aquilcgiensis,
999 2944 1035 3014 S.
1052 2943 1306 3038 Mogontinus„
1327 2995 1336 3012 .
1361 2993 1371 3012 .
1402 2993 1412 3012 .
1442 2939 1778 3038 .lllagdebnrgensis
1790 2942 1923 3016 archie-

510 3068 663 3163 piscopi;
680 3119 851 3141 .....
882 3067 1094 3140 Coloniensis
1120 3077 1156 3140 et
1177 3066 1376 3140 leodiensis
1402 3067 1521 3158 eleeti;
1540 3120 1712 3140 .....
1740 3068 1922 3140 Patavien·

511 3191 571 3283 sis,
603 3246 612 3262 .
643 3245 652 3263 .
683 3246 692 3265 .
724 3191 1026 3288 .Herbipolensis,
1058 3245 1066 3264 .
1097 3247 1107 3264 .
1138 3245 1148 3264 .
1179 3243 1188 3264 .
1216 3192 1483 3265 Wormaciensis
1509 3202 1543 3264 et
1546 3244 1718 3265 .....
1742 3191 1924 3266 llisneusis

511 3316 681 3412 episcopi;
713 3370 722 3388 .
753 3368 763 3387 .
794 3370 804 3388 .
835 3370 843 3387 .
878 3315 953 3388 dux
981 3316 1178 3404 Karinthie,
1203 3317 1247 3386 Η.
1268 3337 1382 3388 comes
1408 3315 1556 3388 Ascanio
1579 3314 1643 3412 (a),
1672 3336 1787 3397 comes
1808 3316 1849 3390 G.
1879 3315 1925 3390 de

509 3440 718 3536 Arnosteyn,
737 3447 772 3512 et
787 3441 1010 3536 quamplures
1021 3440 1093 3513 alii.

559 3563 644 3637 Acta
657 3573 738 3638 sunt
757 3564 823 3636 heo
839 3585 930 3637 anno
947 3564 1118 3636 dominice
1138 3563 1386 3638 incarnationis
1407 3563 1589 3637 millesimo
1613 3562 1848 3636 ducentesimo
1867 3563 1926 3636 tri·

511 3688 639 3760 oeeimo
660 3699 801 3780 octavu,
819 3710 938 3762 mense
955 3689 1114 3784 augusti,
1138 3687 1322 3760 undecimo
1339 3687 1555 3778 indictionis,
1577 3688 1768 3783 imperante
1783 3685 1924 3761 domino

511 3821 627 3884 nostro
649 3811 843 3900 Friderico,
870 3813 932 3885 Dei
962 3813 1072 3906 gratia
1100 3811 1330 3885 Romanorum
1357 3811 1563 3907 imperatore
1586 3832 1722 3906 semper
1752 3821 1921 3906 augusto,

511 3935 699 4008 Jerusalem
723 3943 758 4008 et
781 3936 895 4009 Sicilie
912 3957 995 4030 rege
1012 3935 1256 4026 invictissimo,
1276 3956 1368 4007 anno
1385 3934 1521 4032 imperii
1539 3937 1615 4030 ejus
1628 3943 1751 4008 octavo
1770 3933 1922 4026 decimo,

510 4059 609 4152 regui
627 4058 898 4154 lerosolymitani
919 4059 1023 4132 tercio
1043 4059 1196 4150 decimo,
1219 4058 1319 4151 regni
1334 4079 1419 4132 vero
1435 4057 1550 4130 Sicilie
1575 4057 1843 4152 quadragesimo
1860 4056 1923 4153 (d),

513 4181 666 4254 feliciter.
684 4182 808 4254 Amen.

559 4307 685 4377 Datum
700 4305 737 4376 in
753 4305 933 4379 obsidione
947 4304 1080 4398 Brixis,
1098 4307 1206 4397 anno,
1223 4325 1342 4378 meuse
1356 4313 1391 4378 et
1408 4303 1595 4380 indictione
1612 4304 1821 4400 prescriptis.

554 4576 597 4656 (α)
617 4577 697 4638 Alibi
709 4575 856 4640 dachcrio.

553 4681 595 4763 (b)
617 4684 674 4762 lp.
689 4683 791 4747 archiv
804 4684 852 4790 fiir
862 4685 989 4746 oesterr.
1005 4683 1125 4766 esen,
1139 4691 1245 4768 quarto
1258 4681 1378 4762 doeimo,
1395 4685 1483 4749 mole.
