4278 5920
503 576 561 638 118
1000 567 1214 636 laruarum
1239 574 1415 638 securo!
1728 575 1810 653 [Aru.
1828 577 1914 641 teau

500 710 628 805 eligere
642 717 675 781 at
694 707 847 803 recipere
867 708 904 780 in
922 717 1127 805 potestatem
1145 731 1208 784 seu
1227 711 1340 784 eciam
1355 709 1393 784 in
1412 718 1594 802 rectorem,
1614 707 1699 782 dum
1716 719 1915 786 tamennon

500 831 678 904 inimicum
704 839 860 902 nostrum
885 832 942 904 val
966 830 1010 903 de
1038 831 1177 906 civitate
1204 842 1321 907 nostre
1349 833 1563 906 excellencie
1586 831 1738 906 inimica.
1771 831 1915 906 Conces-

501 957 610 1028 simus
631 976 775 1049 quoque
791 964 826 1026 et
845 953 1041 1027 remisimus
1059 955 1256 1029 Mantuanis
1271 957 1451 1052 predictis,
1470 965 1593 1028 utnon
1610 957 1914 1028 teneanturoden·

501 1080 584 1152 dere
599 1078 816 1168 Briaienses,
838 1087 873 1151 ct
889 1089 927 1150 ut
942 1078 1051 1151 libere
1074 1102 1154 1151 cum
1172 1081 1222 1152 eis
1240 1081 1310 1170 uti,
1331 1081 1530 1153 conversari
1545 1080 1683 1153 valeant
1700 1087 1736 1152 at
1752 1079 1908 1152 mercari.

499 1201 749 1275 Nichilominus
769 1210 886 1273 tamen
907 1211 1095 1275 mercatum
1111 1204 1148 1274 in
1166 1204 1284 1276 vicino
1304 1202 1460 1277 districtu
1479 1203 1597 1276 brixis
1616 1212 1651 1276 et
1669 1199 1745 1274 aliis
1763 1201 1913 1274 finitimis

499 1326 654 1422 partibus
670 1325 810 1397 Mantua
831 1323 987 1396 existenti
1006 1325 1176 1398 exercitui
1197 1335 1313 1398 nostro
1331 1324 1475 1398 dabunt.
1497 1325 1548 1397 Ne
1563 1325 1667 1397 etiam
1685 1322 1776 1396 inter
1794 1322 1912 1398 fideles

441 1515 446 1528 ,
500 1457 635 1522 nostros
649 1446 794 1520 dissidia
809 1445 963 1540 vigeant,
981 1447 1045 1520 sed
1062 1447 1264 1522 occasiones
1278 1447 1518 1521 amaritudinis
1535 1446 1797 1539 extinguantur,
1812 1468 1914 1520 omne

498 1573 678 1646 vinculum
700 1570 995 1664 sacramentique
1015 1570 1274 1644 devotilideles
1297 1572 1407 1644 nostri
1431 1571 1694 1658 Cremonenses,
1716 1570 1915 1644 Parmenses

500 1705 534 1768 et
564 1695 778 1768 Mutinenses
808 1703 929 1767 contra
958 1694 1133 1788 predictos
1157 1695 1364 1768 Mantuanos
1388 1695 1447 1768 rel
1471 1694 1507 1766 in
1535 1714 1655 1766 eorum
1685 1691 1915 1788 prejudicium

498 1815 673 1914 aliquibus
699 1819 772 1890 suis
799 1817 1008 1889 adversariis
1027 1827 1251 1910 tenerentur,
1277 1816 1364 1890 illud
1389 1817 1608 1891 decrevimus
1632 1814 1912 1904 dissolvendum,

499 1946 684 2041 ipsumque
707 1942 849 2014 dissolvi
873 1949 908 2014 et
931 1941 1057 2014 remitti
1083 1941 1222 2036 penitus
1250 1942 1430 2014 iaciemus.
1459 1941 1495 2012 Si
1516 1941 1578 2034 qui
1603 1949 1719 2012 autem
1741 1947 1916 2034 presentes

499 2070 558 2142 vel
579 2067 686 2139 futuri
709 2066 857 2138 rebelles
880 2065 937 2137 rel
960 2065 1150 2138 adversarii
1174 2065 1283 2138 nostri
1311 2072 1495 2138 moverent
1520 2063 1638 2157 aliquo
1657 2071 1814 2159 tempora
1834 2083 1917 2158 pre-

500 2193 579 2264 latis
596 2189 804 2280 Mantuanis,
823 2187 986 2262 fidelibus
1004 2189 1142 2278 nostris,
1163 2209 1340 2283 guerram,
1359 2209 1429 2261 non
1449 2189 1560 2261 solum
1578 2187 1630 2260 cis
1644 2207 1706 2282 per
1720 2186 1916 2278 jamdictos

499 2313 765 2403 Cremonenses,
796 2314 999 2386 Parmenses
1027 2321 1063 2384 et
1089 2313 1306 2386 Mutinenses
1331 2332 1523 2406 omnesque
1551 2309 1672 2384 fideles
1700 2320 1734 2384 et
1764 2312 1916 2382 lautores

500 2447 633 2511 nostros
654 2459 734 2508 cum
753 2437 847 2509 omni
861 2458 926 2508 suo
944 2435 1100 2509 exforcio
1117 2435 1283 2510 iaciemus
1302 2436 1436 2508 auxilia
1455 2434 1609 2524 exiberi,
1630 2435 1828 2530 ipsosquea
1845 2434 1918 2506 suis

499 2560 708 2635 adversariis
722 2560 907 2650 defensari,
928 2581 1052 2634 verum
1069 2561 1173 2633 etiam
1186 2568 1323 2634 nosmet
1340 2560 1407 2654 ipsi
1424 2581 1485 2632 eos
1502 2567 1667 2653 tunquam
1684 2579 1782 2632 caros
1798 2556 1918 2630 fideles

500 2693 634 2759 nostros
660 2685 788 2780 potenti
816 2705 920 2756 manu
950 2693 1065 2758 nostre
1092 2683 1308 2757 celsitudinis
1339 2683 1384 2756 ab
1411 2683 1574 2758 omnibus
1601 2682 1839 2756 defendemus.
1868 2683 1919 2756 uc

501 2809 662 2904 dampnis
683 2829 769 2881 vero
792 2807 882 2880 datis
902 2817 936 2880 ct
959 2808 1090 2899 guastis
1115 2809 1219 2881 illatis
1246 2817 1364 2882 contra
1385 2807 1546 2882 bannitus
1575 2807 1730 2902 ipsorum
1756 2807 1919 2880 Mantua-

501 2955 624 3007 norum
646 2943 682 3006 et
706 2941 825 3005 contra
841 2953 964 3005 omnes
985 2941 1020 3005 et
1041 2933 1196 3026 singulos
1222 2931 1283 3026 qui
1309 2931 1415 3006 modo
1436 2953 1556 3004 eornm
1579 2951 1649 3004 non
1665 2929 1835 3004 obediunt
1855 2952 1917 3026 po·

502 3057 615 3130 testati
633 3057 807 3129 civitatem
829 3057 970 3130 Mantua
985 3056 1212 3150 gubernanti,
1235 3055 1436 3128 censuimus
1454 3055 1585 3128 nullam
1607 3055 1856 3128 restitutionem
1873 3053 1919 3128 de

502 3193 617 3254 cetero
640 3179 863 3253 exibendam.
892 3179 1120 3274 Pracipientes
1142 3189 1182 3251 ut
1205 3179 1302 3251 nulla
1320 3178 1442 3252 civitas
1457 3180 1579 3252 levans
1601 3179 1660 3252 vel
1678 3179 1813 3252 lautura
1841 3199 1916 3251 ma-

501 3303 707 3398 gnificencie
722 3312 837 3376 nostre
858 3303 894 3373 in
919 3325 982 3376 suo
999 3303 1155 3375 districtu
1172 3313 1296 3376 teneat·
1307 3303 1363 3376 vel
1382 3311 1474 3376 stare
1493 3303 1668 3398 permittat
1681 3302 1834 3397 aliquem
1856 3303 1917 3396 qui

499 3429 631 3502 eisdem
646 3427 770 3501 nostris
785 3426 947 3500 fidelibus
967 3428 1021 3500 vel
1039 3427 1144 3500 alicui
1162 3427 1322 3520 subjecto
1344 3449 1464 3500 eornm
1481 3449 1641 3522 guonem
1658 3426 1798 3524 publice
1815 3426 1919 3499 iaciat

500 3553 559 3623 vel
578 3551 756 3646 privatim,
773 3561 808 3624 et
823 3571 886 3624 nos
902 3551 1038 3623 nullum
1052 3551 1154 3624 talem
1172 3551 1283 3624 teneri
1299 3551 1357 3624 vel
1370 3559 1462 3624 stare
1475 3550 1521 3624 de
1536 3559 1653 3625 cetero
1667 3551 1915 3646 permittemus.

500 3675 715 3770 Pracipimus
733 3675 875 3770 insuper
897 3685 937 3746 ut
955 3677 1051 3748 nulla
1068 3654 1215 3771 persona
1239 3675 1473 3748 ecclesiastica
1491 3675 1548 3748 vel
1565 3674 1749 3766 secularis,
1768 3675 1837 3748 alta
1861 3673 1917 3746 vel

501 3797 659 3890 humilis,
678 3798 816 3894 publica
832 3799 888 3871 vel
905 3798 1060 3894 privata,
1082 3819 1145 3870 seu
1162 3798 1267 3871 etiam
1284 3799 1402 3894 aliqua
1418 3799 1626 3872 universitas
1647 3800 1798 3896 prelatos
1817 3799 1916 3870 Man·

501 3930 624 3994 tuanos
647 3920 767 3994 fideles
791 3929 924 3994 nostros
949 3929 1067 3994 contra
1088 3921 1261 4018 presentia
1282 3922 1477 3996 serenitatis
1498 3932 1614 3996 nostre
1638 3922 1861 4018 privilegium
1883 3929 1919 3993 et

496 4045 614 4118 edicta
632 4043 759 4118 audeat
773 4045 810 4116 in
830 4046 946 4139 aliquo
964 4047 1146 4120 molestare
1161 4047 1215 4120 rel
1232 4047 1282 4119 eis
1298 4047 1369 4119 ullo
1385 4055 1539 4144 tempore
1559 4046 1741 4120 contraire.
1765 4045 1865 4131 Quod
1885 4045 1917 4117 si

496 4169 579 4263 quis
601 4169 638 4240 in
661 4189 724 4242 sne
748 4169 947 4242 temeritatis
967 4191 1114 4242 excessu
1139 4179 1342 4265 attemptare
1359 4171 1618 4267 presumpserit,
1638 4171 1801 4243 mulctam
1825 4169 1920 4241 mille

500 4291 665 4364 librarum
683 4292 760 4364 auri
778 4302 977 4389 componat,
1006 4297 1107 4387 cujus
1132 4293 1277 4368 dimidia
1301 4293 1384 4367 lisco
1409 4305 1444 4368 et
1471 4295 1602 4390 reliqua
1628 4294 1739 4390 passis
1755 4293 1918 4385 injuriam

495 4415 706 4508 applicetur.
727 4416 797 4488 Hec
822 4425 938 4489 autem
959 4416 1076 4489 omnia
1100 4425 1135 4488 et
1156 4417 1294 4511 singula
1317 4417 1520 4514 supradicta
1544 4417 1712 4491 servanda
1740 4417 1920 4512 peniteret

501 4539 650 4612 tenenda
666 4561 730 4612 nec
750 4541 968 4634 aliquatenus
986 4541 1170 4633 violanda,
1187 4541 1278 4613 sicut
1297 4563 1400 4638 supra
1415 4543 1577 4636 leguntur
1592 4565 1655 4638 per
1671 4543 1807 4633 singula
1822 4543 1919 4633 jam·

495 4660 599 4734 dictis
615 4665 742 4736 nostris
762 4661 921 4737 fidelibus
937 4665 1134 4738 Mantuanis
1153 4685 1201 4737 ex
1225 4675 1317 4738 certa
1337 4666 1485 4740 sciencia
1506 4677 1622 4740 nostre
1648 4665 1841 4739 serenitatis
1862 4665 1918 4734 in·
