4246 5906
212 641 310 701 lucrm.
327 637 390 716 lb]
663 635 858 698 HISTORIA
884 636 1177 700 ntttottttatcs
1563 641 1620 702 511

212 775 329 872 pensis
347 771 615 868 supersedeatur
625 771 671 844 ad
685 795 847 868 pressus3
870 794 975 867 super
991 794 1063 865 quo
1079 771 1242 865 magistro
1256 773 1296 843 R.
1314 771 1360 844 de
1372 773 1521 848 Lentino
1539 775 1625 847 diri-

211 899 328 994 gimus
345 899 472 992 scripta
489 905 605 969 nostra
622 905 657 968 et
678 895 801 969 damus
818 905 947 968 secreto
969 897 1127 968 Messene
1149 894 1242 967 fideli
1265 905 1381 968 nostro
1404 917 1467 992 per
1492 907 1624 970 nostras

211 1023 348 1096 lieteras
374 1019 602 1092 immundatis
625 1026 664 1090 ut
683 1019 749 1090 sibi
771 1020 962 1093 necessaria
985 1041 1047 1115 pro
1061 1021 1137 1114 ipso
1156 1018 1316 1091 iaciendo
1338 1018 1384 1091 de
1401 1022 1626 1114 proventibus

211 1145 308 1217 curie
330 1155 446 1217 nosue
468 1151 503 1216 et
529 1143 619 1216 sicut
642 1141 809 1215 hactenus
834 1142 959 1216 debeat
986 1143 1165 1216 exhibere.
1190 1145 1242 1214 De
1268 1143 1460 1214 Serraceuis
1482 1165 1566 1216 vero
1591 1154 1627 1217 et

211 1270 323 1342 servis
341 1277 531 1342 castrorum
547 1274 740 1340 nostrorum
755 1265 924 1362 Syracuse
936 1277 971 1340 ct
987 1268 1118 1340 Lentini
1132 1267 1274 1362 quinon
1293 1267 1422 1339 hebent
1435 1269 1626 1340 necessaria

211 1402 251 1463 nt
274 1393 457 1487 scripsisti,
482 1391 596 1464 eidem
621 1399 751 1462 secreto
770 1391 990 1463 rescribimus
1017 1399 1134 1464 nostre
1148 1391 1399 1484 beneplacitum
1427 1392 1623 1464 voluntatis.

211 1513 315 1598 Quod
331 1523 446 1586 autem
464 1515 556 1586 circa
578 1513 803 1586 inveniendas
821 1535 920 1585 areas
942 1513 1136 1609 hayronum
1154 1527 1188 1587 te
1206 1513 1372 1610 scripsisti
1395 1514 1575 1586 sollicitum
1593 1525 1627 1587 et

210 1648 405 1726 aetertum,
420 1637 563 1708 culmini
583 1647 698 1710 nostre
713 1639 845 1732 placet,
863 1646 898 1710 et
915 1647 969 1728 te,
989 1647 1055 1710 eto.

261 1764 385 1834 Datum
401 1757 450 1858 [ot
463 1759 593 1858 supra}

261 1883 345 1956 Item
361 1885 470 1958 eodem
487 1886 542 1956 die
561 1885 600 1956 dc
615 1885 725 1956 codem
739 1884 896 1956 mundato
907 1886 1040 1978 scripsit
1059 1885 1170 1956 idem:

260 2008 481 2100 Fredcricns,
498 2017 581 2098 etc,
595 2010 714 2102 Majori
731 2010 776 2083 de
791 2009 997 2081 Plancatone
1011 2018 1144 2079 secreto
1158 2008 1327 2099 Messene,
1345 2017 1411 2092 cto.
1426 2008 1510 2079 Cum
1529 2011 1628 2082 celsi-

212 2131 298 2206 tudo
317 2141 433 2204 nostra
458 2132 599 2206 duxerit
614 2132 873 2230 providendum
894 2141 933 2204 ut
961 2132 1120 2204 omnibus
1139 2130 1286 2203 edificiis
1304 2132 1431 2203 nostris
1450 2141 1485 2204 et
1508 2135 1627 2206 castris

212 2254 430 2351 supersederi
450 2255 574 2328 debeat
590 2257 626 2326 in
645 2257 812 2352 presenti,
835 2255 968 2328 ambitu
986 2264 1119 2327 tantum
1137 2277 1315 2327 murorum
1334 2265 1522 2328 castrorum
1546 2277 1625 2328 nos-

212 2390 343 2452 trorum
357 2401 526 2454 novorum
544 2381 735 2476 completo,
756 2389 796 2452 ut
812 2379 1049 2454 defensionem
1067 2379 1254 2452 videantur
1271 2378 1413 2471 habere,
1434 2380 1626 2474 cohcpertis

211 2505 314 2578 voltis
327 2515 361 2578 et
376 2504 523 2580 officinis
535 2507 686 2600 ipsorum
708 2528 777 2600 quc
795 2513 932 2602 propter
950 2505 1105 2600 pluviam
1124 2505 1256 2578 destrui
1277 2513 1434 2601 possent,
1455 2515 1626 2600 quatenus

211 2636 324 2722 potest
348 2630 529 2702 commode
551 2629 757 2720 substineri,
775 2639 809 2702 et
829 2650 934 2725 super
955 2650 997 2701 eo
1019 2629 1183 2720 magistro
1207 2631 1247 2702 R.
1268 2629 1313 2701 de
1332 2630 1475 2702 Lentino
1491 2631 1625 2702 lieteras

210 2756 347 2818 nostras
365 2747 560 2820 miserimus
574 2758 610 2818 et
624 2748 808 2840 mandata,
828 2757 863 2819 et
884 2748 1036 2820 vetimus
1056 2748 1161 2820 etiam
1183 2747 1278 2840 quod
1300 2748 1347 2820 ad
1365 2749 1624 2844 requisitionem

211 2870 369 2960 ejusdem
392 2871 546 2960 magistri
565 2871 605 2942 tt.
632 2891 695 2965 pro
713 2871 905 2943 munitione
933 2871 1136 2966 palatiorum
1165 2880 1360 2944 nostrorum
1381 2873 1565 2967 Syracusis
1590 2883 1625 2946 et

210 2993 364 3086 Lentini,
384 2994 579 3066 Sarracenis
594 3003 628 3066 et
646 2995 755 3067 serris
770 2994 895 3066 nostris
911 2993 1040 3066 ibidem
1060 2995 1288 3067 existentibus
1302 2997 1533 3066 necessarium
1552 2998 1624 3068 fru-

211 3126 388 3208 mentum,
410 3117 574 3208 ordeum,
594 3119 733 3208 vinum,
755 3139 894 3210 caseus,
919 3119 1204 3212 companagium,
1226 3111 1347 3213 soar-pe
1368 3128 1403 3190 et
1421 3118 1625 3194 indumenta

211 3240 303 3310 sicut
324 3241 492 3313 hactenus
517 3241 667 3316 debeant
689 3241 890 3333 ministram
916 3241 1074 3315 fidelitati
1092 3251 1150 3314 tue
1172 3243 1393 3337 precipiendo
1418 3244 1624 3316 mandamus

212 3371 385 3456 quateum
399 3364 445 3437 ad
456 3365 712 3458 requisitionem
727 3367 847 3462 prefati
861 3366 1015 3459 magistri
1029 3367 1069 3437 R.
1088 3374 1156 3438 tam
1170 3387 1233 3461 pro
1247 3366 1509 3462 cohoperiendis
1522 3369 1624 3440 voltis

211 3493 246 3557 et
272 3485 418 3558 officinis
442 3485 659 3560 edificiorum
689 3499 883 3562 nostrorum
908 3489 938 3562 si
965 3487 1181 3583 expedierit,
1207 3510 1314 3581 quam
1338 3511 1402 3583 pro
1431 3490 1625 3562 munitione

210 3609 365 3704 ipsorum
380 3611 584 3705 palatiorum
599 3613 779 3708 Syracusio
796 3621 831 3685 st
843 3612 990 3703 Lentini,
1006 3631 1071 3682 neo
1086 3631 1158 3683 non
1171 3632 1235 3706 pro
1252 3612 1446 3684 Serraceuis
1463 3621 1498 3684 et
1516 3613 1625 3686 servis

209 3731 301 3803 sicut
318 3733 449 3806 dictum
465 3734 699 3830 estsuperius,
715 3733 760 3808 de
773 3733 998 3830 proventibus
1010 3732 1105 3806 curie
1117 3743 1244 3823 nostre,
1256 3735 1317 3829 qui
1331 3743 1414 3836 suut·
1423 3757 1485 3830 per
1500 3757 1625 3808 manus

209 3865 308 3948 tuas,
328 3867 362 3928 et
381 3858 471 3930 siout
486 3857 654 3930 hactenus
674 3858 749 3930 dari
767 3867 1040 3949 consuevemut,
1067 3859 1262 3932 necessaria
1281 3859 1421 3932 studeas
1438 3859 1622 3949 exhibere,

209 3988 246 4050 et
267 3981 413 4076 recipias
437 3981 483 4054 ab
507 3981 583 4078 ipso
608 3981 736 4056 exinde
760 3981 964 4078 apodixem,
993 3983 1081 4056 circa
1111 3984 1383 4078 exequutionem
1408 3985 1624 4058 servitiorum

209 4111 426 4196 nostrorum,
446 4113 513 4177 etc.

264 4227 388 4301 Datum
404 4224 453 4325 [ut
466 4226 596 4328 supral.
