4228 5892
228 553 325 612 lnnrcr.
350 549 410 632 12]
676 547 874 610 HISTORIA
899 547 1191 610 blrbortltrtcn.
1575 545 1635 608 359

229 694 384 758 sumunt.
406 683 606 757 Criminales
628 684 730 756 etiam
752 677 948 779 questiones
969 683 1092 758 audias
1114 695 1148 758 et
1166 684 1304 774 civiles,
1323 704 1471 777 quarum
1486 681 1635 792 cognitio

228 811 257 882 si
292 831 355 884 nos
383 819 561 906 presentes
590 830 743 881 essemus
771 808 817 882 ad
850 817 1004 880 nostrum
1033 808 1206 899 judicium
1237 807 1432 902 pertineret.
1466 805 1635 878 tiberales

228 955 368 1028 quoqne
380 931 504 1007 audias
520 941 555 1006 et
570 931 776 1005 determines
793 931 1002 1025 questiones.
1020 930 1224 1026 lmponendi
1243 932 1402 1002 etbanna
1419 939 1453 1001 et
1470 931 1632 1019 mulctae,

229 1037 291 1129 ubi
311 1056 523 1151 expedierit,
546 1056 784 1129 auctoritatem
804 1055 866 1146 tibi
891 1056 1079 1148 plenariam
1104 1057 1329 1152 impertimur.
1354 1057 1497 1126 Decreta
1516 1053 1636 1147 ntique

228 1183 444 1275 interponas,
458 1201 641 1275 quesuper
657 1179 886 1251 transactione
899 1179 1159 1269 alimentorum,
1178 1179 1384 1252 alienatione
1397 1201 1511 1250 rerum
1530 1180 1637 1252 eoele-

229 1305 460 1395 siasticarum,
482 1313 516 1376 et
535 1305 638 1377 etiam
660 1303 852 1392 minorum,
874 1301 1067 1374 secundnm
1083 1303 1248 1394 justitiam
1268 1303 1436 1396 interponi
1458 1311 1633 1397 petuntur.

230 1430 371 1501 Tutores
386 1428 489 1500 etiam
510 1435 544 1500 et
560 1436 731 1500 curatores
750 1423 857 1498 dandi
873 1426 1083 1520 quibuslibet
1102 1425 1163 1496 tibi
1182 1425 1402 1498 concedimus
1416 1434 1633 1519 potestatem,

229 1563 262 1626 et
286 1560 325 1623 ut
351 1551 544 1624 minoribus
571 1560 606 1623 et
625 1550 831 1642 majoribus,
852 1551 935 1644 quia
956 1550 1164 1623 universalia
1183 1551 1261 1644 jura
1284 1561 1510 1641 succurrunt,
1532 1572 1636 1624 causa

228 1675 365 1767 cognita
381 1675 604 1748 restitutionis
618 1674 654 1745 in
672 1673 845 1768 integrum
858 1673 1064 1746 beneficium
1083 1675 1200 1746 valeas
1217 1673 1394 1768 impertiri.
1416 1672 1472 1745 Ad
1489 1673 1635 1746 andien-

230 1799 312 1871 tiam
334 1807 431 1870 tuam
450 1808 519 1871 tam
542 1797 587 1870 de
608 1797 843 1869 criminalibus
866 1819 970 1892 quam
994 1797 1039 1870 de
1066 1797 1228 1870 civilibus
1254 1798 1368 1870 causis
1392 1796 1637 1891 appellationes

228 1923 348 1996 referri
368 1925 549 2014 volumus,
571 1943 659 2016 quas
681 1944 702 1994 a
726 1921 903 1995 sententiis
918 1921 1169 1995 ordinariorum
1187 1923 1344 2015 judicum
1365 1930 1399 1993 et
1420 1942 1538 1993 eorum
1555 1944 1638 1994 om-

229 2031 325 2119 nium
340 2047 402 2142 qni
411 2046 684 2140 jurisdictionem
702 2046 747 2117 ab
762 2045 906 2139 imperio
923 2045 1014 2118 naoti
1032 2047 1163 2118 suntin
1181 2045 1294 2135 ltalia,
1312 2046 1510 2139 contingent
1528 2047 1638 2118 inter-

229 2172 323 2266 poni,
338 2180 378 2242 ut
392 2180 505 2243 tamen
519 2193 539 2242 a
553 2167 723 2242 sententia
731 2177 790 2240 tua
807 2169 853 2241 ad
872 2168 1081 2242 audientiam
1098 2169 1202 2241 nostri
1216 2169 1375 2240 culminis
1391 2169 1522 2264 possint
1532 2170 1639 2244 libere

229 2316 439 2392 provocare,
464 2294 531 2368 nisi
556 2295 612 2365 vel
636 2313 740 2365 cause
760 2292 908 2386 qualitas
925 2293 982 2364 vel
1004 2293 1271 2388 appellationum
1297 2315 1462 2364 numerus
1485 2294 1638 2388 appella-

228 2420 331 2493 tionis
352 2415 549 2492 subsidium
569 2413 700 2489 adimat
720 2416 919 2510 appellanti.
947 2415 1091 2489 Creandi
1107 2416 1243 2508 judices
1257 2425 1290 2487 et
1309 2415 1458 2488 notarios
1476 2417 1538 2487 tibi
1554 2439 1639 2489 oon·

230 2543 387 2615 cedimus
411 2542 598 2637 plenariam
620 2547 835 2636 potestatem.
861 2542 933 2611 Tne
958 2539 1063 2634 igitur
1083 2538 1238 2612 filiationi
1264 2538 1406 2611 firmiter
1425 2548 1459 2611 et
1486 2540 1640 2612 districte

229 2663 454 2762 precipiendo
478 2663 705 2754 mandamns,
732 2671 904 2758 quatenns
930 2661 976 2734 ad
1004 2671 1129 2734 statum
1153 2661 1335 2757 pacificum
1360 2662 1456 2733 ltalie
1484 2673 1518 2734 et
1540 2685 1639 2735 recu·

228 2791 440 2886 perationem
458 2798 651 2861 nostrorum
671 2787 802 2880 jurium
827 2796 861 2858 et
879 2786 1013 2881 imperii
1037 2786 1072 2856 in
1094 2787 1236 2878 eadem,
1255 2786 1348 2858 omni
1365 2785 1434 2858 lide
1456 2795 1490 2858 et
1509 2785 1640 2858 sollici-

230 2913 369 3006 tudine,
394 2921 497 3009 prout
518 2913 662 3006 gratiam
690 2919 842 2984 nostram
872 2909 1011 3004 diligis,
1038 2911 1084 2983 ita
1113 2910 1294 2983 efficaciter
1323 2920 1357 2982 et
1377 2909 1562 3004 diligenter
1582 2910 1641 2981 in-

231 3039 376 3130 tendas,
407 3055 448 3109 ut
479 3036 561 3108 inde
592 3035 770 3128 diligentie
802 3045 862 3107 tue
896 3035 1088 3107 testimonio
1123 3035 1296 3107 electionis
1329 3043 1444 3106 nostre
1468 3035 1641 3127 judicium

230 3159 503 3258 commendetur,
520 3159 605 3231 dnm
623 3159 724 3230 talem
740 3166 834 3229 tanto
848 3158 986 3252 negotio
1004 3159 1171 3231 duximus
1185 3158 1462 3254 preponendnm,
1479 3180 1525 3230 ex
1541 3159 1641 3250 cujus

231 3282 301 3356 fide
322 3292 358 3356 et
381 3282 550 3355 industria
578 3281 770 3354 serenitatis
795 3291 910 3353 nostre
933 3283 1070 3354 salubre
1095 3282 1307 3376 propositum
1334 3280 1379 3355 de
1403 3283 1642 3356 observatione

230 3407 325 3503 pacis
338 3415 372 3479 et
382 3405 515 3500 justitie
532 3417 567 3479 et
582 3406 845 3498 reintegratione
860 3405 990 3498 jurium
1010 3406 1123 3493 ltalie,
1143 3407 1291 3500 singulis
1307 3407 1533 3501 exprimetur.

278 3533 405 3602 Datum
419 3529 588 3602 incastris
606 3530 641 3600 in
656 3529 855 3624 episcopatu
872 3528 1044 3621 Bononie,
1063 3529 1157 3601 XXV
1169 3529 1267 3622 julii,
1287 3530 1350 3601 llll
1364 3529 1564 3602 indictione.

462 3842 1413 3854 nau-——a--a--n--n—-m--ncn--wm---o--nn-——u—-a

282 4107 518 4216 Fridericus,
544 4107 805 4192 Romanorum
831 4108 1051 4217 imperator,
1087 4107 1217 4190 scribit
1241 4111 1512 4221 crucesignatis
1540 4117 1643 4224 apud

228 4239 460 4349 Lugdunum
476 4241 717 4352 congregatis
735 4249 922 4351 quantum
941 4249 1068 4323 motus
1087 4242 1320 4325 adversantis
1344 4270 1465 4353 papae
1490 4248 1643 4354 negotio

230 4371 396 4480 generali
415 4371 552 4454 Terrae
569 4371 730 4455 Sanctae
747 4371 945 4455 nocuerint
962 4373 1067 4482 quod
1085 4373 1182 4457 votis
1200 4374 1379 4457 omnibus
1402 4376 1483 4485 ipse
1500 4405 1657 4487 prose-.

229 4495 373 4612 quitur,
392 4506 620 4614 nuntiatque
643 4531 733 4589 cum
751 4504 888 4587 militia
908 4505 1046 4588 Christi
1069 4531 1136 4614 per
1161 4532 1324 4617 regnum
1350 4535 1464 4592 suum
1482 4511 1644 4594 transire

230 4661 305 4718 non
327 4647 532 4746 proponat,
554 4663 596 4720 se
616 4637 750 4721 saltem
778 4638 929 4721 dedisse
955 4638 995 4719 in
1021 4639 1212 4722 mandatis
1229 4631 1412 4726 lliooardo
1430 4643 1644 4755 Filangerio
