4262 5910
219 627 398 712 lucror.13.]
671 623 867 685 llls'lollla
891 621 1182 684 presentamus.
1574 629 1630 692 591

220 767 308 838 sicut
318 773 377 836 tua
389 760 540 856 capitula
555 759 798 850 continebant,
813 769 848 831 et
864 779 923 853 per
938 759 1097 852 antiquos
1113 759 1350 832 recollectores
1363 769 1398 834 et
1414 783 1476 856 per
1489 774 1634 858 quater-

222 909 285 962 nos
300 888 414 961 doane
425 895 543 959 nostre
556 884 737 958 inventum
756 893 807 957 eet
818 880 940 981 [qnod]
951 882 1135 956 marinaria
1146 882 1261 958 Sicilie
1273 884 1514 959 etCalabrieet
1526 889 1634 963 assise

222 1011 447 1107 lignaminum
461 1031 523 1104 per
537 1007 685 1082 doanam
699 1015 851 1080 nostram
866 1006 1021 1098 recolligi
1036 1007 1274 1099 consueverit,
1288 1009 1367 1081 licet
1380 1029 1444 1103 per
1455 1011 1632 1104 quondam

221 1135 405 1206 Henricum
425 1133 471 1205 de
489 1133 593 1204 Malta
610 1132 828 1204 ammiratum
848 1131 1002 1226 predicta
1024 1131 1123 1222 galea
1140 1131 1295 1204 Messene
1319 1141 1472 1206 extracta
1492 1135 1632 1210 luerita

221 1259 353 1347 donna,
378 1256 479 1348 cujus
504 1263 658 1350 tempore
687 1255 776 1328 sient
794 1255 968 1328 invenisse
989 1263 1022 1326 te
1043 1254 1166 1326 scribis
1185 1253 1231 1328 de
1253 1255 1351 1349 galea
1373 1256 1448 1351 ipsa
1472 1279 1541 1330 non
1563 1259 1632 1332 nisi

221 1381 329 1454 tareni
353 1380 582 1474 quingentum
603 1388 638 1453 et
660 1380 758 1474 grani
784 1387 988 1454 sexcentum
1011 1378 1272 1472 colligebantur,
1298 1403 1392 1453 nnnc
1417 1391 1531 1455 autem
1555 1395 1633 1480 post

219 1505 474 1600 inquisitionem
497 1505 620 1576 laetam
640 1525 702 1599 per
720 1504 897 1597 quondam
915 1501 1105 1576 blattbeum
1123 1503 1377 1578 lllarcbalabam
1397 1514 1567 1579 secretum
1587 1506 1633 1580 de

220 1631 318 1721 galea
340 1629 415 1723 ipsa
435 1627 681 1720 recolliguntur
698 1628 787 1700 ultra
800 1625 872 1700 duo
889 1625 998 1698 millia
1010 1635 1044 1698 el
1063 1635 1252 1699 tercentum
1268 1629 1395 1720 tareni;
1417 1629 1580 1702 volumus
1598 1639 1633 1703 et

220 1752 425 1825 mandamus
440 1759 478 1822 nt
490 1749 645 1844 predicta
658 1750 776 1822 omnia
789 1749 938 1843 recolligi
949 1749 1100 1822 debeant
1113 1771 1177 1844 per
1187 1748 1347 1841 duanam,
1362 1751 1453 1824 sicut
1466 1753 1531 1826 luit
1543 1755 1633 1826 anti-

219 1877 338 1970 quitus
359 1883 561 1948 consuetum
585 1882 621 1945 et
640 1873 730 1946 sicut
748 1872 924 1968 quondam
949 1873 1120 1944 Mattheus
1139 1873 1357 1947 llarehalaba
1380 1886 1533 1948 secretus
1552 1899 1631 1971 pre·

219 2000 379 2072 decessor
395 2007 477 2070 tuus
490 2017 532 2070 ea
548 1997 699 2090 recolligi
714 1997 878 2088 iaciebat,
895 2018 974 2070 cum
992 1997 1191 2070 ammiratus
1208 1997 1253 2068 de
1269 1998 1500 2092 recolligenda
1515 2001 1632 2095 aliqua

219 2123 365 2214 pecunia
381 2143 420 2194 se
439 2121 669 2194 intromictere
689 2141 758 2192 non
780 2119 924 2210 babeat,
945 2119 1008 2192 sed
1029 2129 1162 2191 tanturn
1184 2141 1205 2192 a
1225 2130 1259 2192 te
1281 2121 1442 2194 universa
1462 2133 1631 2218 oportuna

217 2244 369 2338 recipere
386 2265 545 2338 cumpro
562 2243 687 2316 nostris
705 2242 852 2315 servitiis
869 2263 949 2316 eum
966 2243 1091 2315 armari
1112 2243 1329 2336 contingerit.
1350 2245 1400 2316 Tu
1418 2265 1501 2318 vero
1519 2246 1632 2340 inqui·

218 2367 335 2440 sitioni
373 2367 527 2462 predicte
561 2367 661 2459 galee
688 2367 845 2439 Messana
876 2387 939 2461 per
969 2364 1206 2460 supradictum
1237 2367 1413 2460 quondam
1445 2369 1629 2443 llatthenm

218 2489 470 2563 Marebalabnm
490 2499 660 2562 secretum
679 2489 815 2584 incepto
834 2497 1010 2582 tamquam
1030 2488 1179 2582 diligens
1200 2510 1376 2563 successor
1399 2489 1562 2564 inherens
1580 2494 1631 2566 sic

217 2634 398 2707 procures,
428 2621 466 2684 nt
482 2615 582 2706 galea
599 2613 674 2708 ipsa
690 2611 737 2684 ad
754 2620 879 2684 statum
897 2631 968 2706 quo
986 2611 1052 2682 luit
1070 2612 1262 2706 antiquitus
1278 2634 1341 2708 per
1357 2621 1456 2684 tuum
1475 2614 1630 2688 studium

219 2738 426 2811 deducatur.
446 2737 548 2822 Quod
568 2745 684 2810 autem
705 2735 905 2830 significasti
924 2735 1085 2808 eumdem
1104 2736 1294 2810 llatthenm
1312 2745 1482 2810 secretum
1501 2737 1632 2833 prede-

219 2881 386 2934 cessorem
409 2870 509 2933 tuum
532 2862 569 2932 in
591 2861 721 2932 ultimis
746 2861 819 2932 suis
842 2860 1035 2932 confessum
1058 2881 1135 2933 esse
1160 2861 1380 2934 Guillelmum
1403 2861 1450 2935 de
1472 2861 1630 2956 Anglone

215 2985 440 3079 Justitiarium
459 2985 495 3057 in
509 2985 626 3057 Sicilia
640 2985 724 3057 citra
741 2985 870 3056 llumen
888 2983 1023 3056 Salsum
1036 2983 1166 3057 debere
1180 2983 1246 3056 sibi
1266 2993 1402 3057 tarenos
1422 2985 1498 3057 auri
1516 2987 1627 3076 mille,

217 3111 365 3182 leonem
380 3109 602 3182 Bonanimam
618 3109 813 3181 Scalensem
829 3117 964 3180 tarenos
977 3107 1086 3197 mille,
1098 3107 1254 3198 judicem
1267 3108 1495 3182 Eutrenonem
1510 3109 1630 3182 uncias

218 3233 294 3304 anri
321 3232 464 3324 viginti,
492 3233 709 3305 Guillelmum
734 3230 779 3303 de
804 3230 990 3324 Sangineto
1019 3229 1139 3302 uncias
1162 3231 1239 3303 auri
1266 3251 1349 3321 sex,
1374 3240 1409 3302 et
1430 3231 1628 3326 episcopum

218 3351 454 3430 Mannrannm
470 3345 592 3429 uncias
614 3355 689 3428 anri
709 3354 850 3445 decem,
871 3352 1076 3426 mandamns
1094 3363 1133 3425 ut
1155 3355 1184 3425 si
1205 3354 1268 3428 tibi
1291 3353 1336 3428 de
1355 3353 1472 3427 debito
1489 3365 1523 3428 et
1545 3377 1629 3428 con·

218 3480 369 3554 sessione
386 3481 593 3572 constiterit,
613 3479 797 3574 pecuniam
819 3477 929 3572 ipsam
946 3476 1124 3570 recolligas
1143 3499 1165 3548 a
1184 3477 1365 3571 predictis,
1386 3478 1488 3550 sicin
1509 3478 1576 3573 bys
1595 3489 1629 3551 et

219 3604 296 3678 aliis
313 3605 438 3677 nostris
454 3603 604 3676 servitiis
620 3624 700 3675 cum
717 3601 895 3696 diligentia
912 3620 1139 3696 processurus
1156 3607 1195 3670 ut
1211 3599 1452 3673 confidentiam
1471 3621 1576 3695 qnam
1592 3601 1629 3672 in

219 3735 280 3800 tuo
301 3727 418 3800 studio
439 3727 612 3821 gerimus,
636 3727 807 3820 pessime
830 3746 891 3820 per
908 3725 1051 3797 effectus
1068 3743 1211 3818 operum
1230 3723 1397 3818 experiri.

268 3852 392 3921 Datum
411 3849 567 3940 Serrani,
587 3849 664 3922 Xlll
685 3847 893 3938 decembris,
911 3847 990 3918 Xlll
1008 3845 1219 3919 indictionis.

267 3971 353 4044 Item
377 3974 513 4067 scripsit
533 3973 714 4046 Guillelmo
740 3970 785 4045 de
807 3971 967 4066 Anglone
985 3969 1173 4062 justitiario
1194 3969 1231 4040 in
1254 3969 1369 4042 Sicilia
1391 3969 1476 4044 citra
1499 3970 1629 4044 flumen
1750 3985 1751 3989 ’

219 4094 355 4166 Salsum
383 4105 422 4166 ut
444 4116 553 4190 equos
575 4105 610 4168 et
633 4097 746 4168 mulos
771 4095 900 4188 legatos
927 4095 1023 4166 curie
1046 4116 1068 4166 a
1091 4093 1231 4166 Nicolao
1259 4094 1466 4166 llussanensi
1493 4094 1629 4168 archie-

221 4219 373 4312 piscopo,
393 4239 482 4311 quos
500 4219 594 4292 idem
610 4219 652 4290 G.
674 4217 839 4313 recepita
859 4217 1014 4290 Iohanne
1033 4216 1078 4289 de
1094 4215 1218 4308 clodo,
1238 4216 1356 4288 miotat
1372 4217 1418 4290 ad
1436 4217 1579 4290 curiam.

268 4341 354 4412 ltem
367 4341 503 4436 scripsit
515 4341 737 4432 Fredericns,
753 4349 837 4432 etc,
854 4339 1036 4412 Thomasio
1050 4339 1095 4412 de
1108 4339 1317 4428 Brundusio,
1332 4348 1397 4411 etc.
1416 4337 1629 4433 Significavit

220 4463 320 4534 nobis
340 4464 447 4556 blajor
469 4463 515 4538 de
533 4465 739 4537 Plancatone
762 4463 884 4552 doen,
912 4472 997 4554 etc,
1020 4461 1116 4556 quod
1141 4485 1221 4536 cum
1244 4483 1364 4535 omnes
1384 4464 1543 4555 quaterni
1565 4465 1628 4559 qui

221 4585 360 4655 luerunt
378 4573 553 4678 quondam
577 4587 718 4660 llatthei
735 4585 954 4658 llarehalaba
974 4585 1097 4658 secreti
1116 4585 1296 4679 inquibus
1316 4585 1536 4659 continentur
1555 4587 1628 4660 dis·

222 4707 451 4781 tincteomnes
461 4709 618 4782 redditus
630 4707 743 4783 doane
757 4718 872 4782 nostre
883 4719 917 4782 et
928 4709 1057 4804 singoli
1069 4709 1211 4782 secretis
1221 4717 1422 4804 proventus,
1437 4709 1471 4782 in
1485 4711 1630 4784 ecclesia
