4242 5904
196 601 296 662 trare.
315 598 377 676 ll.]
644 597 842 658 HISTORIA
869 597 1162 662 ntrhottamch
1553 593 1611 655 1¹19

203 729 405 816 Viennensi
432 747 470 814 et
500 729 660 813 Albanis
687 730 766 814 filio
792 730 875 840 ejus
903 740 1128 841 potestatem
1164 729 1371 839 accipiendi
1406 726 1610 836 pedagium

200 865 249 947 de
274 863 446 974 quolibet
465 861 640 946 trossello
657 873 877 947 transeunte
904 864 1136 974 ubicumque
1153 863 1342 948 voluerint
1368 861 1408 942 in
1431 859 1612 944 comitatu

201 995 430 1104 Viennensi,
450 995 577 1078 eidem
594 995 847 1078 marchionis
866 998 990 1106 seipso
1008 997 1216 1105 indultam,
1237 995 1449 1078 confirmat.

284 1210 389 1290 (Edld.
404 1212 618 1289 vinorum,
634 1209 712 1273 Hor.
734 1208 769 1270 dc
789 1209 954 1292 Delphini,
968 1229 1093 1290 preuves
1114 1212 1155 1274 du
1169 1212 1332 1290 quatrleme
1349 1211 1495 1284 dlscours‚
1511 1225 1541 1286 p.
1563 1217 1612 1283 88,

322 1333 360 1378 cx
374 1316 454 1378 arch.
472 1317 599 1390 Comen,
610 1317 748 1378 cclssede
760 1315 942 1398 Douphlue.)

252 1499 467 1590 Friderious‚
481 1499 544 1576 Dei
558 1501 666 1596 gratia
678 1458 909 1584 Romanorum
927 1505 1110 1600 imperator
1126 1525 1261 1599 semper
1274 1512 1463 1596 augustos,
1479 1503 1616 1574 Jerusa-

204 1623 274 1696 lem
293 1635 327 1696 et
341 1621 456 1696 Sicilie
472 1646 550 1696 rex.
569 1625 635 1698 Per
651 1647 792 1720 presens
809 1628 973 1722 scriptum
993 1639 1113 1699 uotum
1128 1627 1273 1700 tacimus
1291 1626 1462 1698 universis
1483 1624 1618 1720 imperii

188 1747 370 1822 .lidelibus
386 1757 456 1819 mm
470 1727 687 1843 presentibus
703 1773 807 1843 quem
822 1753 948 1824 futuris
958 1751 1053 1845 qood
1067 1774 1130 1847 pro
1143 1762 1241 1847 parte
1252 1751 1413 1824 Bcatriois
1426 1749 1494 1822 filie
1507 1771 1619 1843 quon-

206 1872 289 1945 dum
320 1871 492 1944 Guillelmi
519 1873 725 1945 marchionis
747 1875 1006 1967 Montisierrati‚
1033 1875 1148 1948 dilecti
1172 1875 1420 1966 consanguinei
1450 1883 1484 1945 et
1509 1871 1621 1945 fidelis

204 1996 334 2086 nostri,
362 1995 540 2096 quoddam
566 1997 731 2092 scriptum
757 1995 850 2070 dicto
876 1998 1066 2071 marchioni
1091 1998 1179 2092 patri
1207 2018 1271 2070 suo
1292 2006 1326 2070 et
1344 1995 1530 2068 heredibus
1547 1998 1622 2088 ejus

205 2119 291 2190 olim
306 2140 328 2189 a
344 2120 444 2191 nobis
461 2119 634 2191 indultum
651 2119 703 2216 (l)
722 2130 836 2193 nostre
853 2121 919 2192 luit
936 2121 1130 2193 celsitudini
1148 2129 1380 2215 presentatum
1398 2129 1431 2192 et
1449 2121 1622 2214 supplica-

208 2251 283 2313 tum
304 2242 480 2313 humiliter
503 2241 696 2337 quodcum
719 2265 781 2339 per
802 2242 896 2316 idem
917 2246 1083 2339 scriptum
1105 2245 1373 2317 concesserimus
1398 2243 1510 2316 eidem
1534 2265 1623 2316 mer·

208 2364 327 2437 chiooi
341 2374 375 2436 et
388 2365 461 2436 suis
473 2363 660 2438 heredibus
678 2387 742 2460 pro
762 2365 912 2461 pedagio
930 2389 993 2439 seu
1017 2365 1174 2438 theloneo
1193 2367 1404 2460 ubicumque
1420 2366 1569 2437 voluerit
1586 2367 1622 2435 iu

208 2489 377 2562 comitatu
404 2488 590 2561 Viennensi
622 2489 667 2562 de
693 2490 849 2584 quolibet
875 2491 1028 2563 trossello
1053 2491 1110 2566 vel
1141 2512 1237 2562 soma
1263 2498 1459 2562 transeunte
1485 2491 1623 2584 plenam

207 2611 337 2684 habeat
350 2621 551 2707 potestatem
570 2613 764 2708 accipiendi
782 2613 965 2687 duodecim
977 2614 1138 2687 denarios
1150 2613 1363 2686 Viennenses
1377 2624 1411 2684 et
1429 2611 1521 2686 idem
1537 2635 1625 2684 mer·

209 2735 292 2809 chio
308 2737 344 2808 in
363 2736 479 2810 dotem
493 2737 559 2809 hoo
573 2737 687 2836 ipsum
703 2737 837 2810 dederit
854 2738 945 2811 dicte
958 2739 1101 2810 Beatrici
1119 2737 1188 2810 filie
1203 2759 1289 2826 sue,
1306 2758 1369 2808 nos
1385 2737 1496 2830 ipsam
1513 2747 1625 2830 potes·
1684 2763 1687 2770 ·

209 2873 316 2934 tatem
347 2861 414 2956 ipsi
443 2861 587 2934 Beatricl
616 2873 650 2934 et
682 2861 829 2956 Guigoni
859 2863 1029 2958 Delphico
1058 2861 1218 2935 filiosuo
1247 2861 1363 2934 comiti
1385 2859 1574 2932 Viennensi
1593 2868 1626 2930 et

87 3053 91 3061 .
209 2985 357 3061 Albouis
370 3008 412 3059 ac
431 3007 549 3058 corum
568 2985 757 3060 heredibus
770 2989 962 3061 concedere
982 2998 1016 3059 et
1033 2985 1236 3061 confirmare
1250 2987 1297 3058 ¹dc
1310 2994 1424 3057 nostra
1441 2983 1552 3078 gratia
1571 2983 1626 3056 di·

211 3133 413 3206 gnaremur.
446 3111 517 3182 Nos
539 3109 644 3204 igitur
668 3111 860 3184 istiusmodi
888 3111 1195 3207 supplicationibus
1223 3109 1392 3199 inclinati,
1422 3117 1628 3204 potestatem

213 3235 364 3308 eandem
386 3233 578 3328 accipiendi
596 3232 780 3307 duodecim
800 3235 960 3308 denarios
977 3235 1191 3329 ubicumque
1208 3234 1382 3307 voluerint
1404 3231 1440 3302 in
1464 3231 1629 3304 comitatu

212 3357 405 3430 Viennensi
424 3357 468 3428 de
489 3357 642 3450 quolibet
662 3359 818 3431 trossello
834 3360 891 3430 vel
908 3381 1003 3432 soma
1021 3368 1222 3432 transeunte
1245 3380 1306 3453 pro
1324 3356 1473 3452 pedagio
1494 3357 1549 3428 vel
1571 3366 1630 3428 te-

212 3481 334 3571 loneo,
354 3490 457 3576 prout
470 3481 551 3553 olim
570 3503 849 3554 concesseramus
867 3485 936 3576 jam
956 3481 1049 3555 dicto
1068 3482 1256 3554 marchioni
1275 3493 1307 3554 et
1326 3482 1402 3573 ejus
1420 3479 1627 3566 heredibus,

214 3603 372 3699 predicte
385 3605 528 3676 Beatrici
545 3615 579 3676 et
599 3605 748 3699 Golgoni
762 3606 932 3700 Delphico
951 3605 1021 3679 filio
1038 3608 1113 3698 ejus
1130 3606 1283 3700 predicto
1299 3627 1340 3677 ac
1354 3625 1474 3677 eorum
1490 3602 1631 3676 heredi-

214 3729 284 3800 bus
297 3727 462 3800 fidelibus
474 3729 601 3800 uostris
619 3728 664 3801 de
684 3729 792 3822 gratia
807 3739 924 3802 nostre
943 3730 1164 3802 concedimus
1178 3737 1213 3802 et
1226 3730 1262 3800 in
1281 3736 1484 3824 perpetuum
1504 3725 1632 3798 confir-

216 3873 377 3945 mamus;
404 3859 591 3924 statuentes
612 3864 650 3923 ut
675 3853 768 3924 nulla
794 3875 943 3950 persona
968 3856 1037 3927 elta
1057 3855 1114 3926 vel
1135 3853 1294 3940 humilis,
1320 3851 1553 3926 ecclesiastice
1575 3851 1633 3924 vel

216 3975 398 4068 secularis,
423 3977 518 4071 ipsos
533 3977 662 4049 exinde
680 3978 808 4050 audeat
826 3989 955 4051 temere
976 3981 1166 4052 molestare.
1188 3977 1290 4064 Quod
1306 3977 1366 4072 qui
1385 3975 1635 4072 presumpserit

217 4099 314 4172 mille
330 4099 437 4172 libras
452 4099 527 4172 aori
543 4111 738 4196 componat,
756 4101 937 4175 medietate
951 4103 1033 4176 fisco
1047 4117 1181 4194 nostro,
1202 4101 1333 4196 reliqua
1349 4100 1459 4196 passis
1475 4100 1634 4192 iujuriam

216 4223 465 4318 persolvenda.
495 4225 551 4298 Ad
577 4225 681 4319 hujus
703 4237 820 4299 autem
844 4227 1076 4300 concessionis
1097 4237 1131 4298 et
1149 4223 1416 4298 confirmationis
1433 4221 1634 4295 memoriam

216 4369 363 4442 presens
377 4349 541 4443 scriptum
560 4349 633 4422 lieri
647 4350 814 4443 jussimus
830 4352 942 4444 sigillo
960 4361 1078 4424 nostro
1094 4350 1279 4422 munitum.

256 4615 295 4686 (t)
314 4613 502 4674 Verisimlliter
512 4631 545 4674 eo
559 4623 745 4692 temporeque
758 4614 916 4677 Guillelmus
929 4619 1049 4677 marchio
1060 4618 1251 4677 lloutislerrati
1264 4615 1356 4676 vicarii
1370 4610 1514 4689 imperialis
1526 4611 1554 4666 iu
1566 4611 1635 4666 hre-

220 4711 320 4770 latensi
336 4729 420 4786 reguo
433 4729 576 4789 personam
591 4723 690 4788 egerat.
704 4717 744 4775 Cl.
760 4724 780 4775 t.
796 4718 829 4790 11,
844 4734 872 4791 p.
886 4721 932 4774 8⁴.
