4278 5920
227 571 324 632 bern.
342 567 402 652 10.]
673 571 871 634 bistonio
895 570 1189 636 otrnottlt'rtcs.
1597 565 1637 626 95

228 705 282 778 sui
307 713 343 776 et
359 704 493 800 imperii
510 703 676 778 bonorem
699 707 895 781 inchoatum
919 709 1102 804 negocium
1120 713 1235 801 optato
1250 703 1398 800 proterat
1413 701 1463 800 (a)
1481 703 1638 798 comple·

228 838 363 917 mento,
383 850 491 923 quum
508 851 571 925 pm
589 837 680 901 certo
694 829 848 902 creditur
872 831 967 924 qnod
986 829 1235 926 imperatricem
1257 829 1423 900 illustrem
1447 835 1636 900 consortem

228 973 325 1025 snam
345 951 416 1024 illic
431 951 553 1026 venire
566 953 669 1025 faciet
682 963 717 1026 et
735 953 865 1026 tenebit
880 954 1024 1026 ibidem.

444 1231 709 1243 -ο--ι--υι--ικ

278 1495 512 1604 Fridericus,
537 1495 798 1580 Romanorum
821 1499 1041 1606 imperator,
1066 1499 1115 1580 ad
1143 1497 1454 1608 supplicationem
1482 1501 1636 1610 capituli
1730 1582 1756 1613 u,

227 1629 391 1712 (licensis
419 1630 616 1738 ecclesiae,
645 1629 793 1712 arbitrii
812 1631 1038 1713 sententiam
1054 1656 1155 1714 anno
1177 1633 1279 1714 1250
1297 1659 1427 1715 mense
1445 1632 1635 1717 februario
1701 1633 1715 1666 ¹

224 1761 341 1844 latam
360 1761 580 1870 confirmat,
604 1789 682 1872 que
699 1763 886 1846 deciditur
903 1763 1125 1846 electionem
1142 1763 1452 1876 Nuenburgensis
1471 1767 1635 1876 episcopi

226 1894 369 1976 Cinenzi
388 1895 555 2002 capitulo
572 1921 651 1978 non
670 1906 881 2005 competere
898 1907 937 1979 et
954 1896 1107 1978 titulum
1128 1896 1293 1980 Cinenzis
1315 1898 1493 1982 ecclesiae
1509 1899 1636 1986 Nuen-

222 2026 406 2138 burgensi
425 2027 602 2136 episcopo
619 2029 668 2110 de
685 2037 833 2112 caetero
852 2028 1069 2112 nullatenus
1087 2030 1253 2112 adscribi
1271 2030 1422 2114 debere.

303 2243 407 2322 (lidid.
423 2244 562 2317 mrsrus,
578 2241 739 2305 Gaetulo
752 2263 808 2306 non
821 2243 1003 2327 Naunrdurq,
1019 2252 1092 2307 tom.
1109 2247 1136 2327 1,
1147 2264 1178 2325 p.
1199 2257 1256 2309 28³
1273 2254 1303 2309 ct
1315 2255 1387 2326 ²87,
1402 2266 1441 2310 ex
1457 2251 1591 2329 originali
1604 2253 1635 2311 in

340 2349 460 2409 archivo
473 2350 595 2427 capituli
608 2347 763 2428 cicensis.)

270 2533 464 2606 Friderious
477 2534 540 2606 Dei
556 2535 667 2629 gratia
681 2527 913 2608 Romanorum
928 2537 1112 2631 imperator
1125 2557 1261 2632 semper
1277 2547 1458 2631 augustus,
1477 2541 1634 2616 Hieroso·

220 2656 392 2752 lymorum
409 2667 443 2731 et
460 2657 575 2730 Sicilie
592 2679 668 2730 rex.
685 2659 721 2730 Si
737 2659 869 2751 justitie
882 2659 1094 2733 moderatrix
1110 2682 1246 2734 summa
1260 2659 1423 2734 divinitas
1440 2664 1635 2738 Romanum

220 2779 404 2874 imperium
425 2802 487 2875 pro
499 2781 683 2854 universali
693 2782 826 2874 justitia
838 2783 1024 2856 elementer
1036 2791 1148 2856 astare
1164 2782 1348 2878 disposuit,
1364 2785 1394 2856 ei
1408 2787 1514 2860 nostri
1533 2789 1634 2862 sedes

220 2903 353 2998 imperii
370 2925 417 2977 ox
435 2905 511 2996 ejus
526 2903 751 2999 dispositione
770 2914 906 2977 moetus
923 2927 1016 2998 equa
1028 2906 1261 2980 moderatione
1275 2909 1354 2999 jura
1373 2909 1543 3004 respicere
1558 2912 1635 2984 sin-

219 3027 396 3120 gulorum,
418 3027 578 3100 decidere
592 3028 685 3118 lites,
708 3049 831 3123 pacare
848 3028 1060 3119 discordias,
1081 3028 1262 3102 humiliare
1276 3031 1475 3125 superbiam
1497 3043 1530 3106 st
1552 3034 1634 3108 odia

219 3171 409 3238 removere,
426 3151 534 3224 multo
549 3149 691 3245 dignius
712 3173 792 3224 cnm
805 3153 968 3246 equitatis
986 3153 1103 3226 lavore
1124 3153 1342 3226 decernimus
1354 3155 1399 3227 ob
1418 3156 1511 3228 illins
1525 3157 1634 3230 bono-

219 3295 292 3346 rem
307 3275 409 3364 onius
424 3275 556 3347 nomini
574 3275 719 3348 ecclesie
734 3284 816 3346 sunt
833 3273 965 3367 dicate,
986 3277 1127 3349 abania
1152 3299 1247 3349 sacra
1271 3279 1347 3370 ejus
1366 3279 1482 3351 inmite
1500 3280 1571 3352 odii
1593 3303 1634 3354 ac

220 3395 445 3471 dissensionis
458 3405 572 3470 amoto
589 3397 726 3492 provise
739 3398 833 3492 pacis
851 3399 1031 3470 arbitrium
1053 3400 1221 3494 imperiali
1243 3401 1434 3474 munimine
1456 3403 1629 3476 roborem.

220 3520 306 3593 Hinc
317 3530 370 3593 est
385 3520 491 3614 igitur
508 3521 603 3614 quod
616 3520 766 3616 presenti
780 3521 907 3616 scripto
923 3532 1043 3594 notum
1055 3521 1128 3595 fieri
1141 3525 1305 3596 volumus
1315 3525 1485 3598 universis
1499 3527 1633 3622 imperii

220 3641 381 3716 fidelibus
404 3654 475 3716 tam
491 3643 708 3738 presentibus
723 3664 830 3736 qnam
845 3644 970 3716 suturis
995 3645 1090 3739 quod
1106 3647 1316 3741 prepositus,
1334 3649 1487 3722 decanus
1508 3659 1634 3722 totum·

219 3788 288 3860 qne
304 3767 454 3840 Cizensis
467 3767 612 3840 ecclesie
625 3767 812 3861 capitulum
829 3775 947 3839 nostre
969 3767 1164 3842 celsitudini
1190 3793 1252 3864 per
1267 3792 1348 3842 snas
1361 3772 1490 3844 litteras
1506 3774 1635 3868 suppli·

220 3901 341 3962 carnut
361 3898 401 3976 ut
416 3890 594 3964 arbitrium
617 3911 722 3984 super
746 3890 993 3986 compositione
1017 3891 1181 3966 intereos
1203 3903 1237 3966 et
1260 3895 1523 3990 Numburgense
1539 3897 1634 3991 capi·

221 4014 330 4086 tulum
346 4015 601 4109 promulgatum
620 4010 823 4086 confirmare
845 4012 889 4086 de
909 4023 1024 4087 nostra
1041 4017 1150 4110 gratia
1168 4015 1405 4110 dignaremur.
1423 4019 1533 4094 Tenor
1551 4042 1634 4094 vero

218 4136 406 4210 litterarum
423 4138 604 4232 inquibus
623 4138 731 4210 iorma
745 4135 874 4208 arbitrii
889 4138 1082 4211 continetur
1095 4141 1172 4212 tatis
1191 4151 1242 4213 est
1261 4168 1270 4212 :

266 4261 489 4334 Serenissimo
503 4261 643 4336 domino
655 4281 719 4332 sno
730 4259 903 4334 Friderico
915 4261 1031 4334 inclito
1042 4263 1272 4337 Romanorum
1289 4266 1483 4360 imperatori
1496 4277 1530 4340 et
1545 4289 1634 4340 sem·

219 4403 279 4477 per
304 4393 470 4477 augusto,
498 4383 541 4456 Α.
563 4381 612 4480 (b)
627 4383 689 4456 Dei
708 4385 818 4477 gratia
843 4385 1036 4480 prepositus
1056 4396 1090 4459 et
1112 4385 1265 4462 decenus
1286 4399 1465 4485 totumque
1484 4392 1633 4464 Cizensis

260 4556 301 4638 (a)
323 4559 391 4634 δῖος
406 4562 504 4638 aptius
518 4561 665 4622 rideretur
671 4557 819 4640 perficiet.

261 4661 300 4743 (b)
322 4665 440 4728 Scibcst
452 4663 605 4727 Amolitur.
