4246 5906
336 1212 441 1264 Parmae,

314 1268 328 1307 a
337 1266 466 1312 decembris.

1009 641 1224 703 sarnunto!
1247 639 1422 704 sacuam
1733 635 1812 720 [dau.
1830 635 1914 699 latu.

561 1200 783 1286 Mandatum
806 1201 856 1281 ad
879 1209 1063 1282 secretum
1084 1199 1261 1283 Panormi
1282 1208 1326 1283 ut
1347 1200 1462 1282 faciat
1482 1199 1588 1308 quod
1609 1197 1741 1282 utilius
1765 1199 1815 1280 ad
1839 1223 1913 1280 cu-

507 1333 605 1415 riam
627 1331 764 1416 viderit
785 1331 833 1414 de
854 1329 941 1440 jure
962 1343 1095 1440 portus
1120 1343 1158 1415 et
1179 1333 1326 1417 doanae
1351 1345 1390 1416 et
1416 1332 1520 1442 quod
1547 1329 1781 1414 frumentum
1804 1330 1911 1412 Hen-

507 1465 586 1548 rico
604 1465 653 1546 de
669 1462 786 1574 Nigro
803 1472 842 1545 et
858 1462 1029 1546 Ansaldo
1055 1465 1103 1547 de
1122 1464 1216 1548 Mari
1234 1465 1416 1574 assignet.

588 1675 715 1758 (licoat.
728 1675 831 1754 impar.
847 1672 966 1734 Frsdcr.
981 1675 1022 1750 11,
1037 1674 1089 1737 tot.
1108 1685 1144 1736 so
1157 1693 1258 1750 verso;
1273 1679 1305 1736 tn
1315 1676 1387 1737 adtt.
1403 1673 1540 1751 cnon,
1555 1692 1585 1753 p.
1603 1673 1689 1755 280.)

555 1867 602 1935 De
614 1863 784 1957 imperiali
796 1862 952 1934 mondum
964 1863 1167 1956 responsales
1184 1862 1314 1934 ticnrn
1328 1863 1464 1956 scripsit
1475 1864 1626 1942 notamus
1637 1863 1678 1934 R.
1695 1861 1735 1932 dc
1747 1861 1909 1932 Sotcmo:

554 1987 775 2078 Fredericus,
801 1997 885 2074 eto,
916 1995 1045 2058 secreto
1075 1985 1252 2070 Panormi,
1285 1997 1350 2060 etc.
1382 1986 1552 2060 Curanda
1584 1986 1813 2079 benignitate,
1842 1995 1904 2059 otc.

505 2113 615 2208 Super
628 2133 670 2184 eo
687 2133 770 2184 vcro
786 2109 882 2204 quod
894 2109 1133 2182 continebatur
1148 2110 1184 2181 in
1200 2109 1285 2204 ipsis
1298 2110 1344 2184 de
1357 2113 1436 2204 jura
1448 2119 1568 2207 portus
1580 2119 1615 2184 et
1626 2109 1751 2199 doane,
1766 2109 1863 2203 quod
1875 2109 1909 2180 in

502 2237 698 2340 receptione
715 2233 824 2306 tareni
845 2242 880 2306 et
904 2241 1026 2326 quarte
1047 2232 1158 2306 tareni
1177 2231 1222 2306 da
1244 2233 1463 2322 molendino,
1488 2235 1588 2306 furno
1611 2243 1645 2306 et
1667 2231 1852 2324 muudillo,
1872 2233 1906 2303 in

504 2357 632 2454 quibus
657 2357 843 2430 &venons
865 2358 911 2431 de
932 2355 1120 2430 Calatafimi
1141 2365 1176 2431 et
1195 2366 1321 2453 gaytus
1339 2357 1496 2430 Panormi
1524 2358 1560 2428 in
1585 2355 1775 2451 dampnum
1799 2365 1910 2428 nostre

503 2483 598 2555 curie
624 2481 713 2553 sicut
733 2481 858 2553 asseris
878 2489 913 2554 te
934 2481 1152 2576 perturbant,
1179 2503 1259 2554 cum
1286 2481 1402 2555 omnia
1422 2481 1487 2555 ista
1512 2489 1668 2576 spectent
1693 2479 1740 2553 ad
1758 2479 1908 2552 officium

503 2605 646 2680 secretio
669 2603 764 2699 quod
789 2603 1009 2678 sollicitudini
1034 2613 1094 2678 tue
1117 2605 1251 2678 noviter
1274 2615 1327 2678 est
1348 2605 1587 2695 commissum
1614 2603 1821 2677 mandamns
1847 2603 1908 2676 tibi

503 2737 672 2824 quatenus
693 2737 763 2800 tam
781 2727 826 2800 de
839 2727 1004 2824 predictis
1026 2750 1130 2822 quam
1150 2727 1196 2800 de
1217 2728 1378 2801 omuibus
1396 2729 1472 2802 aliis
1491 2729 1623 2824 quoad
1641 2727 1793 2800 officium
1811 2735 1907 2798 tuum

368 2907 388 2946 u
502 2859 675 2946 spectant,
695 2849 782 2924 illud
796 2851 908 2923 tacere
922 2859 958 2922 et
979 2851 1139 2923 ordinare
1155 2871 1318 2946 procures
1335 2851 1431 2945 quod
1447 2850 1493 2924 ad
1508 2851 1673 2924 bonorem
1692 2860 1727 2923 et
1743 2870 1907 2944 augmen·

304 4027 318 4072 ⁸
328 3973 458 4072 ddffids.

503 2985 575 3046 tum
591 2973 762 3046 commodi
785 2973 882 3046 curie
908 2986 1025 3046 nostre
1042 2973 1161 3045 utilius
1186 2972 1315 3046 videris
1338 2973 1551 3046 redundare.
1570 2975 1620 3046 De
1638 2975 1810 3046 frumento
1826 2993 1907 3046 vero

501 3097 618 3172 dando
637 3099 783 3170 Hamico
802 3095 848 3170 de
865 3097 971 3191 Nigro
982 3094 1177 3169 otAusaldo
1191 3095 1237 3168 de
1253 3097 1339 3169 Mari
1354 3098 1598 3186 tranensibus,
1618 3097 1723 3170 facias
1744 3095 1905 3168 sicuttibi

501 3243 563 3316 per
579 3221 664 3293 alias
677 3221 812 3293 licteras
823 3231 956 3293 nostras
969 3219 1225 3292 mandavimus.

549 3343 671 3414 Datum
688 3341 826 3432 Parme,
841 3342 872 3412 V
888 3339 1097 3430 decembris,
1115 3339 1193 3412 Xlll
1209 3337 1417 3414 indictionis.

707 3647 1690 3664 *uuum—..nomm

552 3931 773 4016 Mandatum
795 3933 845 4014 ad
867 3929 1070 4013 Hernicum
1088 3929 1277 4013 Abbatem
1296 3953 1366 4037 pro
1391 3928 1630 4038 assignandis
1651 3929 1783 4012 decem
1807 3929 1903 4011 mil-

498 4065 600 4150 libus
619 4075 658 4147 et
674 4063 929 4173 quadraginta
946 4063 1068 4146 unciis
1084 4062 1168 4145 auri
1184 4061 1346 4145 Johanni
1365 4061 1555 4145 Girardini
1572 4061 1621 4144 de
1638 4062 1777 4146 Prono.

452 4275 454 4278 ’
580 4279 707 4361 (Ponat.
722 4279 827 4358 imper.
843 4275 963 4338 Pbsdn.
978 4277 1019 4355 11,
1033 4276 1086 4338 tot.
1103 4285 1140 4339 so
1157 4277 1302 4352 verso31n
1314 4275 1386 4338 sdtt.
1401 4276 1539 4352 Carmo„
1553 4293 1584 4354 p.
1601 4275 1684 4354 ²80.)

545 4471 591 4539 De
610 4465 781 4574 imperanti
798 4464 954 4537 mundato
967 4463 1054 4554 sacto
1063 4483 1125 4558 per
1137 4463 1334 4556 mopistrum
1352 4459 1521 4533 Atbcrtnm
1533 4459 1574 4532 de
1593 4457 1759 4534 &thoria
1773 4460 1900 4553 scripit

494 4595 536 4666 P.
556 4595 596 4664 dc
607 4594 758 4685 'Capuae

544 4715 763 4805 Fredericus,
788 4721 871 4804 eta,
892 4711 1038 4786 Henrioo
1050 4708 1193 4797 Abbati,
1217 4717 1284 4782 etc.
1304 4707 1474 4784 Fidelitati
1491 4717 1550 4783 tue
1566 4705 1785 4805 precipiendo
1805 4727 1899 4779 man·
