4224 5898
193 605 290 664 lrnrcr.
310 600 369 684 12]
635 595 833 658 HISTORIA
859 597 1149 662 nichodemus.
1540 597 1601 660 ³05

194 758 271 810 esse
288 735 455 809 virtutum
472 730 705 827 quarumlibet
727 741 761 804 et
776 734 965 806 constantie
980 735 1132 808 maxime
1154 735 1230 808 sine
1247 735 1382 806 macula
1402 733 1602 828 cupiditatis

194 882 257 933 vas
271 860 433 948 electum,
454 878 499 930 ne
512 876 608 929 error
629 857 799 948 majorum
816 857 853 928 in
868 857 1024 931 subditos
1038 868 1287 955 propagaretur
1303 880 1383 930 cum
1401 869 1601 951 augmento,

195 993 312 1056 contra
321 982 583 1078 promissionem
590 1002 689 1053 suam
702 981 809 1054 literis
822 981 896 1054 suis
904 982 950 1055 de
966 985 1109 1056 fratrum
1122 985 1330 1058 conscientia
1343 983 1444 1055 nohis
1456 980 1602 1073 factam,

196 1128 257 1202 per
281 1129 369 1201 quas
395 1107 431 1177 in
449 1105 685 1178 restaurandis
704 1105 839 1200 imperii
859 1107 998 1198 juribus
1014 1129 1083 1180 non
1109 1108 1230 1181 deesse
1253 1107 1373 1199 nohis,
1397 1107 1460 1179 sed
1484 1107 1608 1180 adesse

197 1231 350 1325 promisit
362 1229 514 1319 consilio,
530 1229 663 1302 auxilio
676 1237 710 1302 et
723 1230 853 1316 lavore,
870 1238 983 1324 preter
998 1251 1143 1325 persone
1156 1240 1270 1304 nostre
1282 1229 1458 1304 infamiam
1475 1229 1605 1303 nedum

199 1353 458 1448 blasphemiam,
477 1353 528 1425 sic
541 1353 733 1444 manifeste,
754 1353 805 1424 sic
820 1374 882 1426 nos
896 1361 1013 1448 aperte
1024 1355 1242 1448 persequitur
1255 1351 1319 1450 (a);
1333 1354 1511 1448 presertim
1527 1375 1608 1426 oum

199 1485 518 1572 quantumcumque
537 1477 743 1549 conscientie
767 1485 881 1549 nostre
904 1477 1030 1548 librum
1053 1477 1184 1550 solicite
1213 1478 1450 1568 revolvamus,
1479 1478 1609 1549 nullam

200 1601 235 1671 in
253 1599 353 1673 nohis
375 1600 591 1673 occasionem
611 1600 808 1672 invenimus
824 1608 886 1673 aut
908 1621 1067 1692 causam,
1085 1609 1226 1695 propter
1244 1621 1351 1694 quam
1370 1599 1435 1672 iste
1451 1599 1611 1670 inimicus

199 1725 302 1800 homo
319 1723 496 1796 debuisset
517 1733 636 1796 contra
657 1744 720 1796 nos
740 1733 809 1796 tam
828 1724 952 1796 acriter
977 1724 1206 1813 commoveri,
1230 1724 1296 1795 uisi
1318 1723 1413 1817 quod
1434 1744 1512 1794 cum
1535 1723 1611 1818 ipso

201 1847 401 1922 contrahere
422 1846 467 1919 de
488 1858 590 1942 nepte
606 1869 670 1920 sna
686 1846 926 1941 desponsanda
946 1848 1095 1920 Henrico
1113 1848 1261 1920 naturali
1276 1845 1348 1920 lilio
1361 1855 1497 1939 nostro,
1517 1869 1612 1919 nunc

201 1972 274 2067 regi
295 1971 451 2044 Turrium
469 1979 505 2042 et
523 1969 669 2061 Galluri,
689 1969 944 2064 magnificentia
960 1980 1077 2044 nostra
1097 1971 1261 2045 indecens
1279 1970 1425 2044 credidit
1444 1979 1479 2044 et
1504 1991 1613 2066 repu-

202 2097 286 2170 tavit
302 2095 497 2189 indignum.
518 2097 569 2166 Tu
590 2095 712 2188 igitur,
733 2094 874 2185 dilecte,
893 2116 974 2166 cum
995 2096 1059 2166 tihi
1075 2095 1209 2168 dilectis
1223 2095 1437 2189 principibus
1455 2095 1502 2189 (b)
1518 2097 1612 2168 urhis

203 2231 312 2309 terre,
331 2239 402 2291 non
417 2220 529 2291 solum
548 2217 670 2306 nohis,
691 2219 753 2292 sed
775 2217 943 2308 Ecclesie,
962 2239 1033 2312 que
1051 2217 1271 2312 congregatio
1286 2227 1338 2289 est
1362 2215 1517 2290 fidelium
1539 2239 1612 2292 om·

204 2343 317 2434 nium,
337 2342 482 2416 condole
500 2340 546 2437 (c)
566 2342 691 2433 :cujus
706 2349 809 2436 caput
833 2341 1054 2433 languidum,
1075 2341 1233 2436 princeps
1257 2342 1351 2433 ejus,
1373 2341 1409 2412 in
1429 2341 1544 2414 medio
1560 2353 1613 2415 est
1658 2338 1662 2350 '

205 2466 303 2561 quasi
318 2465 373 2538 leo
384 2465 544 2558 rugiens,
560 2466 636 2557 ejus
653 2463 819 2559 propheta
835 2485 1002 2552 vesanus,
1018 2465 1073 2535 vir
1091 2461 1254 2550 infidelis,
1277 2463 1435 2536 sacerdos
1447 2466 1523 2556 ejus
1535 2467 1613 2560 pol-

206 2592 305 2661 luens
320 2589 570 2673 sanctuarium,
598 2587 673 2658 sine
689 2587 826 2679 justicia
844 2587 975 2659 iaciens
997 2597 1115 2660 contra
1135 2588 1258 2678 legem.
1286 2587 1390 2658 Nobis
1416 2597 1531 2660 tamen
1552 2612 1613 2684 pre

208 2713 328 2786 ceteris
357 2711 478 2784 mundi
508 2709 743 2807 principibus,
772 2708 924 2781 delectus
952 2709 1029 2780 talis
1054 2709 1179 2780 summi
1210 2707 1384 2803 pontilicis
1415 2719 1466 2782 est
1494 2713 1614 2786 merito

209 2835 456 2932 deplorandus,
480 2834 541 2928 qui
564 2833 672 2906 veluti
696 2833 761 2904 sihi
786 2832 967 2904 viciniores
993 2833 1068 2903 loco
1087 2841 1122 2903 et
1144 2831 1404 2926 propinquiores
1423 2833 1615 2910 adlectione

209 2962 371 3056 precipua
390 2959 448 3054 (d)
472 2958 620 3030 honores
647 2957 866 3048 congerimus
884 2965 919 3028 et
940 2955 1049 3050 ipsius
1070 2976 1174 3028 onera
1195 2955 1435 3049 presentimus.
1459 2958 1528 3030 Sed
1550 2981 1615 3032 nec

212 3084 293 3156 illud
311 3083 524 3156 obmittimus
542 3082 629 3175 quin
646 3081 844 3154 affinitatem
865 3089 1014 3152 vestram
1033 3079 1219 3150 affectuose
1233 3099 1414 3170 rogemus,
1433 3091 1473 3151 ut
1489 3091 1616 3154 contu·

212 3208 344 3280 melium
362 3216 514 3278 nostram
534 3203 580 3277 ad
600 3212 750 3276 vestram
768 3201 927 3296 injuriam
944 3201 1124 3274 revocetis.
1141 3200 1197 3273 Ad
1212 3200 1353 3273 domum
1367 3213 1518 3276 vestram
1535 3229 1614 3278 oum

213 3351 300 3423 aqua
319 3329 465 3415 currite,
481 3348 561 3398 cum
580 3326 670 3420 ignis
688 3325 886 3398 accenditur
904 3325 940 3395 iu
957 3325 1099 3413 vicinisp
1118 3345 1258 3397 causam
1277 3333 1391 3398 motus
1412 3328 1615 3420 pontificalis

215 3453 392 3544 attendite,
418 3461 453 3524 et
475 3473 538 3522 cnr
555 3449 623 3521 hoc
644 3449 680 3520 in
696 3449 848 3520 favorem
869 3456 1065 3519 nostrorum
1089 3447 1269 3519 rebellium
1295 3459 1498 3542 procuratur
1518 3478 1527 3522 ι
1546 3475 1616 3546 que

214 3597 315 3650 causa
340 3577 420 3648 lieet
437 3573 485 3647 ad
505 3594 647 3668 presens
669 3591 833 3665 expressa
852 3591 922 3642 uon
948 3570 1066 3660 luerit,
1087 3570 1205 3664 procul
1231 3569 1339 3644 duhio
1357 3579 1472 3645 tamen
1489 3574 1616 3649 similia

215 3699 312 3772 vohis
324 3707 360 3772 et
370 3697 494 3770 vestris
508 3696 687 3768 imminere
701 3693 851 3790 pericula
869 3693 1029 3765 timeatis.
1044 3692 1166 3765 Facilis
1181 3695 1274 3764 euim
1291 3695 1435 3767 aliorum
1447 3717 1568 3791 regum
1582 3707 1617 3772 et

214 3823 405 3916 principum
427 3819 619 3891 humiliatio
643 3817 813 3908 creditur,
834 3816 863 3888 si
888 3816 1021 3888 Cesaris
1047 3816 1189 3887 llomani
1218 3818 1389 3910 potantia,
1416 3821 1517 3912 cujus
1538 3824 1617 3918 cly-

218 3967 301 4040 peus
323 3947 434 4041 prima
451 3945 567 4037 jacula
584 3944 745 4029 sustinet,
766 3940 1024 4013 adversantium
1039 3936 1245 4038 [conatibus]
1257 3949 1463 4015 conteratur.
1481 3947 1551 4018 Hac
1566 3957 1618 4019 est

217 4089 318 4140 causa
333 4089 483 4160 namque
500 4087 562 4162 pro
580 4087 680 4157 vero,
701 4063 861 4136 videlieet
876 4062 921 4136 dc
938 4061 1161 4154 Lomhardis,
1181 4085 1251 4157 que
1265 4085 1324 4136 cor
1338 4085 1429 4161 pape
1442 4071 1618 4163 pungebat

218 4202 250 4262 et
264 4192 384 4264 urebat
401 4190 623 4277 intrinsecus,
645 4190 723 4260 licet
745 4188 855 4281 ipsam
878 4187 968 4257 loras
988 4183 1136 4258 educere
1161 4195 1299 4280 propter
1321 4198 1474 4264 vestrum
1495 4202 1530 4266 et
1552 4215 1616 4267 au·

257 4385 297 4466 (a)
319 4386 376 4464 hp.
391 4385 479 4446 Matt.
496 4385 589 4445 Paris.
608 4401 615 4442 :
625 4384 678 4464 jur
691 4381 806 4461 impedi
817 4381 924 4441 nititur
936 4377 1108 4440 conculam.

258 4489 298 4570 (l)
320 4493 355 4551 In
369 4491 516 4568 encyclica
532 4507 539 4547 :
556 4489 609 4547 llos
622 4505 689 4568 erpo
702 4503 781 4568 repes
795 4493 822 4547 et
829 4487 976 4565 princpes
990 4483 1065 4546 ordia
1080 4492 1164 4546 ime.

259 4595 294 4674 (c)
321 4594 434 4656 lhldem
453 4590 629 4654 :condolete

260 4699 301 4779 (d)
322 4701 381 4778 llp.
396 4699 484 4762 Matt.
501 4700 609 4770 Puris„
625 4698 797 4776 simplleius,
811 4693 906 4775 ficio.

293 4805 332 4866 V.
