4350 5922
504 601 540 664 lb
998 599 1211 664 salustus!
1237 601 1411 664 stcuuut
1725 598 1804 678 [aar.
1824 599 1909 662 taut.

500 738 591 808 tibus
609 735 891 806 inremissionem
907 745 1123 827 peccatorum
1143 757 1298 810 meorum
1315 737 1467 829 aliquam
1486 733 1807 811 subsidiiconlorre
1828 755 1910 810 oon·

497 859 711 932 solationem.
729 857 829 928 Nunc
850 875 933 946 ergo
950 857 1085 930 remitto
1107 858 1159 930 eis
1178 869 1213 930 et
1237 857 1399 933 sumbus
1422 857 1577 950 ipsorum
1597 855 1855 934 summmribus
1873 857 1910 930 iu

498 983 689 1055 remedium
700 981 813 1053 anime
825 1001 902 1052 mee
914 990 948 1051 et
964 982 1119 1052 omnium
1128 990 1309 1075 parentum
1323 1001 1478 1052 meorum
1493 978 1750 1068 detunctorum,
1764 979 1908 1055 multam

497 1115 613 1178 rerum
628 1125 768 1177 suarum
793 1113 828 1176 et
846 1123 983 1176 annone
1002 1103 1038 1176 in
1057 1103 1173 1176 Steine
1187 1105 1370 1196 hucusque
1390 1101 1491 1175 nobis
1505 1101 1658 1175 debitam
1674 1111 1710 1174 et
1731 1101 1908 1176 transitum

498 1229 581 1324 ipsis
595 1237 630 1300 et
648 1229 798 1298 navibus
816 1227 970 1322 ipsorum
990 1238 1060 1300 tam
1073 1249 1212 1300 sursum
1231 1249 1339 1320 qnam
1353 1226 1514 1300 deorsum
1533 1245 1595 1322 par
1610 1226 1739 1298 llumeu
1760 1226 1908 1301 Danubii

496 1354 642 1425 liberum
666 1361 699 1423 et
717 1353 906 1423 immunem
929 1353 974 1424 ab
999 1352 1092 1423 omni
1110 1374 1216 1424 censu
1240 1352 1315 1424 sive
1331 1352 1460 1423 tributo
1487 1351 1739 1445 imperpetuum
1758 1349 1910 1423 concedo

496 1487 529 1549 et
546 1485 737 1571 presentem
751 1475 913 1569 paginam
932 1475 1036 1569 sigilli
1050 1475 1116 1546 mei
1133 1476 1325 1547 munimine
1338 1483 1373 1546 et
1391 1474 1615 1568 impressione
1634 1473 1808 1546 roboravi.
1824 1472 1907 1544 Acta

495 1609 576 1671 sunt
594 1599 659 1670 bec
685 1599 825 1671 feliciter
849 1598 885 1668 in
904 1598 993 1669 Cena
1013 1597 1147 1668 Domini
1170 1605 1256 1691 aput
1272 1597 1526 1686 Niwenburcb,
1546 1615 1638 1668 enno
1666 1595 1909 1667 incarnationis
1947 1679 1951 1690 .

495 1723 665 1796 dominice
682 1721 1115 1793 millesimo'ducentesimo
1131 1722 1203 1803 llll,
1223 1721 1440 1816 presentibus
1457 1719 1598 1791 domino
1615 1719 1729 1792 Marco
1745 1719 1909 1790 Beritsnsi

493 1847 668 1942 episcopo,
683 1843 917 1937 etSigebardo
927 1844 1184 1935 archidiacono,
1203 1843 1441 1950 etllpolitensi
1456 1842 1643 1938 proposito,
1656 1851 1692 1914 et
1703 1841 1908 1932 Munuguldo

493 1969 647 2042 Chromis
663 1968 861 2040 monasterii
878 1967 1016 2058 abbate,
1033 1975 1069 2040 et
1081 1966 1291 2046 Wecbeloue
1303 1965 1536 2040 Kotevvioeusi
1550 1966 1689 2060 abbate,
1705 1976 1739 2039 et
1750 1966 1908 2041 Heimioo

491 2092 617 2167 abbate
626 2092 717 2165 Colle
726 2093 851 2163 Sancte
860 2091 981 2178 llarie,
997 2091 1421 2186 etGotescalmpreposito
1433 2089 1549 2164 Sancti
1560 2088 1713 2179 Andros,
1724 2099 1758 2162 et
1767 2089 1908 2164 domino

493 2215 639 2289 llietrico
663 2215 974 2308 Nievvenbnrgensi
993 2214 1184 2309 preposito,
1210 2224 1244 2286 et
1266 2215 1426 2287 omnibns
1449 2213 1550 2286 ducis
1570 2213 1769 2308 capellanis.
1786 2212 1905 2288 suue-

491 2349 571 2412 runt
588 2348 691 2411 testes
703 2337 830 2434 ydonei
849 2359 997 2432 quorum
1016 2337 1080 2409 bec
1097 2347 1179 2410 sunt
1195 2338 1335 2410 nomina
1349 2364 1357 2409 ε
1371 2339 1457 2409 Tuto
1473 2337 1795 2429 delleimenbnrob,
1810 2338 1906 2412 Silri·

492 2441 558 2536 dus
573 2462 617 2534 de
631 2462 906 2550 llolarbrunnen,
922 2461 1105 2532 Heinricus
1124 2460 1169 2533 de
1186 2461 1401 2548 lllistelbacb,
1419 2461 1553 2535 Ulricus
1568 2461 1613 2536 de
1631 2462 1904 2556 Valcbensteine,

491 2586 625 2658 Ulricns
645 2585 691 2657 de
704 2585 855 2675 Zwelel,
873 2585 1008 2656 Ulricns
1031 2584 1076 2658 de
1093 2585 1361 2677 Drascbirohen,
1382 2587 1581 2679 Hartungus
1599 2585 1644 2658 de
1661 2585 1903 2678 Widervclde,

491 2707 733 2782 Cbadelhobus
752 2707 797 2780 de
809 2707 976 2780 Mnblich.

539 2835 608 2906 Nos
620 2833 736 2927 itaque
753 2832 877 2928 pietate
892 2832 975 2902 moti
992 2833 1112 2926 quain
1131 2834 1284 2906 levorem
1305 2833 1456 2908 locorum
1471 2833 1724 2907 venerabilium
1738 2827 1906 2927 religiosis

491 2958 646 3053 personis
667 2977 771 3051 super
789 2977 910 3028 eorum
928 2955 1030 3047 justis
1054 2957 1280 3050 petitionibus
1303 2957 1537 3029 favorabiliter
1554 2958 1775 3048 inclinamur,
1795 2957 1905 3054 dicto·

490 3105 567 3152 rum
585 3081 746 3176 prepositi
764 3095 798 3152 et
818 3089 1010 3152 conventus
1032 3081 1342 3176 supplicationibus
1362 3093 1572 3170 annuentes,
1593 3081 1685 3156 idern
1703 3081 1905 3174 rescriptum

490 3227 697 3278 renovamus
710 3203 802 3276 etde
820 3203 1036 3298 plenitudine
1049 3204 1236 3299 imperialis
1249 3205 1359 3298 gratie
1377 3205 1638 3292 confirmamus3
1653 3205 1857 3278 mandantes
1871 3213 1907 3276 ot

489 3328 556 3399 sub
571 3327 852 3400 interminacione
867 3325 979 3416 gratie
996 3335 1112 3398 nostre
1129 3325 1271 3402 firmiter
1287 3329 1516 3424 precipientes
1533 3337 1707 3423 qnatenus
1726 3329 1843 3402 nullus
1862 3328 1906 3402 sit

489 3451 549 3544 qni
571 3449 742 3545 predictos
763 3449 975 3544 prepositum
999 3457 1035 3520 et
1057 3459 1267 3522 conventum
1283 3461 1400 3524 contra
1422 3453 1591 3546 presentis
1614 3453 1847 3526 renovationis
1870 3463 1906 3524 et

487 3571 756 3646 confirmationis
768 3580 881 3644 nostre
892 3571 1057 3668 'paginam
1076 3583 1253 3667 presumat
1267 3583 1395 3648 temero
1413 3577 1604 3649 molestare.
1621 3576 1725 3661 Quod
1744 3577 1805 3670 qni
1820 3598 1902 3671 pro-

487 3697 672 3791 snmpserit
696 3695 967 3790 indignationem
990 3705 1142 3768 nostram
1166 3719 1204 3770 se
1222 3699 1356 3770 noverit
1377 3699 1609 3772 incursurum.
1630 3701 1674 3772 Ut
1688 3711 1804 3774 antem
1821 3721 1905 3796 prc-

488 3820 578 3894 dicts
599 3820 838 3893 renovacionis
859 3828 895 3892 et
918 3817 1189 3892 confirmationis
1209 3821 1320 3914 gratia
1335 3821 1449 3896 eidem
1468 3824 1641 3918 preposito
1662 3833 1698 3896 et
1717 3823 1904 3896 conventui

486 3968 528 4018 ac
545 3945 698 4040 ipsorum
712 3943 918 4016 monasterio
935 3943 1181 4016 inviolabiliter
1200 3945 1422 4035 observetur,
1439 3957 1631 4040 presentem
1645 3947 1807 4042 paginam
1819 3967 1904 4020 oon·

484 4069 647 4162 scriptam
663 4067 777 4161 sigillo
795 4075 911 4139 nostre
922 4066 1137 4138 celsitudinis
1155 4067 1301 4140 lecimus
1318 4067 1486 4140 roborari.
1606 4059 1610 4068 ’

517 4193 648 4264 'Testes
662 4199 744 4262 sunt
757 4189 806 4260 bii
824 4190 1033 4263 venerabilis
1056 4190 1205 4263 Silridus
1226 4191 1451 4286 Magantinus
1471 4190 1765 4286 archiepiscopus,
1786 4191 1906 4281 soge-

482 4315 601 4388 bertus
622 4312 961 4406 Babbenbergensis,
988 4315 1025 4384 S.
1054 4313 1312 4410 Ratisponensis
1339 4315 1525 4408 imperialis
1552 4315 1901 4406 subcancellarius,

481 4439 686 4532 liudegerus
699 4438 936 4526 Pataviensis,
952 4437 1134 4510 medus
1156 4438 1381 4531 Frisingensis
1399 4439 1574 4535 episcopi,
1594 4440 1672 4512 Otto
1684 4441 1906 4536 oomsspala·

481 4564 575 4634 tinus
586 4561 690 4652 lieni,
708 4560 785 4633 dux
802 4559 978 4650 Bawarie,
996 4559 1177 4632 Heinrious
1193 4561 1409 4652 lantgravius
1422 4561 1671 4652 Thuringie,...
1688 4561 1764 4635 dux
1779 4561 1903 4635 Karin-

479 4687 568 4774 tbie,
582 4685 817 4759 marschalcus
831 4684 1014 4758 ueinricus
1031 4681 1078 4756 do
1094 4684 1350 4774 Bubbcnheim,
1364 4693 1400 4758 et
1418 4685 1476 4758 alii
1492 4686 1729 4781 quamplures.
