4228 5892
992 563 1207 630 rntnnnrcr
1231 567 1405 630 secuunr
1713 567 1795 653 [an.
1811 568 1889 632 raas.

312 1127 436 1185 [turno-1
544 1107 776 1216 Fridericus‚
795 1107 1056 1192 Romanorum
1074 1108 1296 1218 imperator,
1311 1109 1392 1219 regi
1413 1107 1596 1191 Castellae
1612 1107 1786 1192 beniuole
1799 1109 1891 1192 scri-

488 1238 582 1322 bens
601 1241 727 1323 reddit
748 1248 875 1351 grates
893 1241 941 1323 de
959 1240 1091 1324 exenio
1110 1266 1298 1350 equorum
1325 1239 1397 1324 sibi
1420 1219 1691 1351 misso‚'eiquc
1714 1241 1892 1350 promittit

488 1396 529 1454 se
551 1371 706 1454 nuntios
732 1382 770 1454 et
791 1397 933 1456 munus
951 1371 1112 1454 inuicem
1133 1373 1402 1482 remissurum,
1432 1399 1522 1456 oum
1547 1373 1597 1456 ad
1625 1375 1890 1457 conterendum

487 1503 743 1590 Mediolanum
756 1503 917 1588 uicinius
936 1504 1145 1587 accesserit.

567 1701 693 1782 (Inadtt.
709 1720 747 1766 cx
766 1703 860 1764 codic.
876 1701 1017 1762 Btbltctb.
1033 1703 1130 1764 cesar.
1145 1699 1354 1783 Partr.,soadr
1370 1701 1404 1764 S.
1422 1699 1519 1764 Gom.
1534 1699 1659 1782 Baby,
1672 1711 1744 1780 455,
1757 1721 1824 1782 prus
1837 1705 1888 1780 ΙΙΙ,

606 1818 640 1870 n·
653 1809 780 1886 Lxxx,
795 1814 826 1870 et
837 1805 1002 1888 anc.sondr
1015 1804 1070 1870 lot.
1086 1817 1181 1888 rota,
1202 1809 1254 1868 iol.
1279 1818 1334 1870 tat
1353 1825 1455 1882 verso,
1475 1825 1536 1870 uno
1554 1825 1623 1869 cum
1637 1810 1723 1870 dtulc
1735 1810 1799 1890 rapi
1817 1810 1889 1872 Ara·

604 1933 724 1996 porrum,
739 1915 832 1974 altero
845 1917 908 1974 stne
922 1913 1015 1974 titulo.
1035 1915 1071 1974 In
1085 1915 1185 1975 codice
1197 1915 1338 1975 Bibllotb.
1353 1915 1545 1976 Mediomont.
1561 1914 1599 1974 cl.
1615 1917 1672 1974 virt
1686 1915 1793 1976 Tbom.
1812 1916 1888 1978 Pbll·

605 2021 695 2100 llppa,
709 2029 744 2080 n⁰
754 2029 850 2095 889⁰,
866 2019 973 2096 legitur
986 2017 1058 2100 Rapa·
1073 2013 1202 2094 Catella
1214 2021 1295 2098 quod
1307 2036 1408 2080 veram
1421 2037 1483 2080 csse
1496 2022 1651 2082 lectionem
1664 2019 1862 2102 arbitramur.)

533 2190 752 2282 Frederious,
772 2197 826 2264 etc
829 2241 1164 2263 .........
1187 2190 1261 2284 regi
1281 2189 1442 2279 Castelle,
1464 2198 1531 2262 etc.
1564 2189 1766 2264 sinceritate
1790 2208 1888 2286 qoam

484 2315 602 2414 exegit
621 2313 807 2387 auctoritas
831 2321 866 2386 et
888 2313 1067 2386 effectione
1082 2335 1187 2406 quam
1205 2313 1320 2386 intulit
1336 2313 1484 2386 affinitas
1501 2333 1749 2408 personarum,
1768 2313 1890 2408 recepit

483 2438 671 2534 imperialis
684 2438 846 2510 aaronitas
860 2439 1010 2510 sinceras
1028 2437 1124 2527 regie
1140 2438 1268 2510 litteras
1280 2435 1475 2532 scriptionis
1485 2459 1532 2509 ex
1548 2437 1689 2530 quibus,
1702 2436 1789 2510 dum
1804 2459 1825 2510 a
1838 2437 1889 2508 lit·

482 2569 555 2634 tere
580 2561 781 2634 benivolum
807 2561 1012 2654 collegimus
1035 2560 1264 2651 intellectum,
1298 2561 1505 2655 congavisus
1532 2571 1585 2634 cst
1612 2562 1799 2657 plurimum
1820 2560 1889 2654 regi

483 2685 585 2758 Cesar
600 2693 636 2758 et
657 2684 769 2756 affinis
787 2683 1045 2776 congratulatur
1062 2683 1178 2774 affini,
1196 2683 1280 2756 dum
1299 2682 1344 2756 de
1362 2685 1473 2756 salute
1493 2693 1608 2756 vestre
1630 2693 1666 2757 ct
1687 2684 1890 2757 obventione

483 2829 706 2880 successuum
730 2827 971 2902 prosperorum
994 2805 1163 2900 expositis
1182 2806 1217 2878 in
1241 2807 1383 2879 obtenta
1401 2806 1447 2880 de
1468 2806 1656 2880 rebellibus
1671 2807 1796 2879 vestris
1817 2807 1890 2879 vic-

484 2931 572 3004 toria
583 2939 615 3004 et
630 2931 801 3026 ampliatis
819 2930 901 3004 indo
917 2929 1068 3025 potentie
1080 2939 1196 3002 vestre
1214 2927 1344 3002 linibus
1359 2930 1524 3018 dicionis,
1543 2929 1739 3004 successive
1757 2930 1889 3024 propin·

483 3055 544 3150 qni
557 3055 762 3150 prosperitas
778 3054 954 3148 glorietur.
970 3051 1097 3126 Adbuc
1111 3063 1283 3147 gratanter
1296 3053 1496 3128 audivimus
1511 3063 1546 3127 et
1558 3053 1652 3126 letati
1666 3073 1788 3126 snmus
1799 3051 1889 3148 quod

483 3178 617 3250 celestis
639 3178 819 3251 clementia
841 3199 911 3272 que
936 3177 1078 3270 regibus
1099 3199 1209 3272 regna
1227 3177 1403 3250 distribuit
1426 3187 1462 3250 et
1487 3178 1578 3272 regit
1599 3176 1751 3270 quadam
1775 3196 1889 3271 pretu-

482 3301 600 3396 gativa
617 3303 725 3396 gratie
749 3311 932 3392 regnantes
949 3309 989 3372 nt
1010 3311 1172 3394 regnent,
1192 3301 1284 3374 siout
1307 3321 1371 3374 nos
1394 3300 1483 3372 ielici
1509 3299 1674 3373 affinitate
1692 3299 1887 3390 conjunxit,

482 3423 533 3494 sic
551 3424 735 3496 clementer
750 3423 930 3517 indulgeat
943 3431 982 3494 ut
994 3423 1103 3496 simus
1115 3423 1246 3496 mutuis
1258 3445 1502 3520 prosperorum
1515 3423 1734 3496 successibus
1747 3443 1891 3516 congau-

482 3545 617 3635 dentes,
631 3567 711 3619 cum
726 3567 801 3618 esse
818 3568 886 3619 non
898 3546 1005 3642 possit
1019 3545 1172 3618 alienum
1185 3547 1231 3618 ab
1243 3547 1351 3620 altero
1360 3546 1529 3641 quioquid
1539 3548 1711 3618 fortunata
1723 3545 1889 3618 sumessio

482 3669 652 3742 ministrat
668 3669 819 3764 utrique.
839 3667 957 3742 Grates
973 3678 1129 3764 preterea
1150 3679 1265 3764 grates
1287 3669 1514 3766 rependimus
1537 3669 1583 3743 de
1602 3680 1701 3764 grato
1722 3687 1887 3763 equorum

482 3793 608 3866 exenio
623 3789 674 3890 (t)
689 3792 785 3887 qnod
799 3793 899 3866 nobis
915 3793 962 3866 ad
978 3801 1117 3888 optento
1141 3793 1236 3886 regie
1258 3802 1292 3866 et
1310 3793 1497 3868 obtinendo
1512 3793 1548 3865 in
1566 3793 1764 3888 proximum
1781 3793 1884 3886 impe·

482 3916 576 3988 rialis
601 3916 744 3988 victorie
767 3915 985 3989 manifestum
1008 3916 1176 3989 indicium
1202 3916 1418 4001 destinastis;
1438 3917 1618 4012 presertim
1639 3938 1750 4010 quum
1766 3915 1886 3988 luerint

518 4189 556 4260 (t)
574 4188 634 4244 tam
646 4185 733 4244 simile
743 4202 841 4246 munus
856 4188 928 4246 cirea
940 4187 1022 4247 finem
1035 4189 1099 4246 anni
1117 4191 1186 4247 ttae
1201 4189 1236 4246 ab
1248 4189 1322 4248 Elisa
1334 4189 1378 4248 vel
1390 4189 1527 4260 beatrice,
1539 4201 1623 4249 uxore
1634 4185 1706 4259 regis
1719 4183 1852 4244 castellae
1861 4187 1887 4240 ct

482 4285 537 4342 iilia
557 4284 670 4358 Philippi
693 4283 788 4356 Suari,
809 4285 961 4344 Friderious
979 4292 1136 4361 acceperat,
1159 4293 1189 4342 ut
1204 4301 1254 4345 uos
1273 4292 1365 4344 monet
1380 4286 1542 4344 Godciridus
1559 4283 1744 4342 Coloniensis:
1763 4281 1887 4339 «ibidem

481 4381 557 4455 (soil.
569 4381 640 4454 apud
655 4381 823 4455 llagcnowe)
836 4383 926 4440 nuncii
939 4383 1047 4455 reginae
1061 4383 1204 4456 Hispaniae
1215 4383 1358 4454 auucmnt,
1367 4384 1413 4457 qui
1425 4382 1621 4457 pulcherrimos
1633 4379 1783 4438 dextrarios
1796 4384 1824 4437 et
1835 4392 1886 4435 ma·

481 4477 576 4552 gnifica
591 4493 703 4536 munera
724 4478 814 4537 cesari
826 4479 980 4537 attulerunt.
998 4480 1055 4536 Neo
1071 4479 1156 4536 mutto
1173 4486 1233 4552 post
1254 4480 1375 4553 ejusdem
1392 4481 1500 4556 reginae
1517 4493 1592 4560 mors
1609 4483 1652 4534 cst
1666 4475 1791 4533 nunciata
1807 4473 1886 4545 impc-

482 4575 579 4646 ratori;
592 4575 663 4632 unde
680 4576 825 4650 plurimum
838 4576 922 4634 doluit
938 4577 1010 4650 quod
1028 4575 1157 4649 patruelis
1169 4576 1226 4649 ejus
1239 4575 1297 4634 tuit.
1312 4595 1326 4630 a
1342 4572 1395 4652 Δρ.
1407 4577 1554 4650 Borma,
1567 4575 1680 4646 ronta,
1696 4579 1716 4630 t.
1730 4573 1768 4646 ll,
1782 4587 1812 4646 p.
1825 4571 1881 4626 368.

481 4673 547 4730 luds
561 4671 660 4730 seimus
671 4688 721 4730 cur
733 4688 824 4747 regem
834 4673 962 4732 Castellae
974 4673 1082 4732 affinem
1093 4689 1172 4732 auum
1183 4674 1334 4733 Fridsricus
1343 4673 1472 4732 nominet.
