4228 5892
206 649 305 708 lrtorcr.
326 643 385 726 12]
653 639 851 704 fllsuonlo
875 636 1170 702 clancularius.
1556 634 1616 695 35¹1

203 782 310 854 minis
333 801 372 854 se
389 777 525 852 noverit
546 776 766 850 incursurum
790 785 825 850 et
847 785 987 849 centnm
1010 774 1116 846 libras
1139 770 1215 843 auri
1240 768 1359 865 optimi
1386 789 1449 865 pro
1471 789 1561 863 pena
1578 791 1617 842 se

205 902 477 998 compositurnm
508 909 692 993 agnoscat,
726 899 912 972 medietate
943 894 1076 970 scilicet
1108 914 1243 967 camere
1274 901 1388 966 nostre
1419 891 1616 986 etreliqua

204 1025 389 1100 medietate
408 1023 519 1120 passis
539 1023 700 1115 injuriam
724 1021 941 1118 applicanda.
964 1017 1022 1093 Ad
1039 1018 1144 1110 hujus
1161 1017 1279 1110 itaque
1296 1013 1565 1088 confirmationis
1582 1026 1617 1087 et

204 1147 438 1222 concessionis
455 1154 569 1219 nosue
586 1145 786 1219 memoriam
801 1155 835 1219 et
852 1144 960 1217 robur
976 1151 1143 1239 perpetuo
1160 1140 1363 1230 valiturum,
1380 1161 1519 1234 presens
1536 1139 1614 1234 pri-

205 1271 374 1364 vilegium
393 1269 467 1343 fleri
484 1279 517 1342 et
534 1269 646 1362 sigillo
669 1269 855 1362 majestatis
871 1275 986 1340 uostrc
997 1267 1164 1362 jussimus
1183 1264 1400 1338 communiri.

254 1397 365 1487 Hujus
379 1394 430 1466 rei
442 1403 546 1467 testes
558 1403 639 1465 sunt
651 1391 1036 1466 Berardusvenerabilis
1049 1391 1308 1463 Panormitanus
1321 1389 1611 1484 archiepiscopus,

204 1521 382 1592 Tomasius
399 1538 515 1590 comes
532 1515 758 1607 deerrarum,
782 1517 818 1587 S.
838 1537 952 1588 comes
968 1515 1153 1587 Theotimus
1168 1514 1258 1587 sacri
1276 1513 1410 1608 imperii
1426 1535 1447 1585 a
1461 1515 1564 1608 Papia
1580 1527 1614 1587 et

204 1640 349 1714 iuferius
366 1641 517 1712 vicarius
534 1639 720 1733 generalis,
742 1639 783 1710 R.
805 1659 922 1711 eomes
940 1638 1093 1728 Caserte,
1121 1637 1284 1732 magister
1304 1637 1423 1709 Petrus
1443 1636 1488 1709 de
1506 1639 1614 1711 Vinea

205 1773 241 1836 et
260 1763 423 1858 magister
449 1761 610 1836 Taddeus
632 1762 677 1835 de
701 1763 845 1853 Suessa,
865 1783 991 1856 magne
1016 1760 1111 1833 curie
1133 1770 1247 1834 nostre
1267 1761 1421 1853 judices,
1441 1767 1613 1856 etquamss

202 1887 321 1982 plures
339 1888 399 1959 alii
414 1885 535 1959 fideles
549 1887 668 1958 nostri.

251 2009 398 2104 Signum
419 2009 550 2082 domiui
574 2007 745 2082 Frederici
770 2009 831 2082 Dei
854 2010 964 2102 gratia
989 1997 1204 2105 imperatoris
1225 2009 1455 2082 Romanorum
1478 2032 1612 2106 semper

202 2133 362 2225 augusti,
383 2133 566 2205 ierusalem
584 2141 619 2204 et
636 2133 750 2204 Sicilie
767 2131 870 2226 regis.

250 2256 336 2330 dcta
358 2267 439 2329 suut
461 2257 526 2328 hec
547 2277 639 2328 anuo
657 2257 836 2328 Dominiee
861 2256 1049 2330 nativitatis
1073 2253 1149 2352 (sic)
1175 2257 1353 2329 millesimo
1377 2256 1611 2331 ducentesimo

202 2380 376 2453 tricesimo
397 2401 510 2471 nono,
531 2401 650 2452 meuse
664 2381 766 2472 julii,
790 2379 999 2454 duodecime
1016 2379 1232 2472 indictionis,
1259 2381 1448 2477 imperante
1470 2382 1610 2456 domiuo

202 2515 318 2577 nostro
338 2504 518 2576 Frederieo
535 2503 689 2576 secundo
707 2505 768 2576 Dei
792 2505 902 2597 gratia
918 2503 1142 2578 invictissimo
1158 2505 1388 2578 Romanorum
1409 2503 1612 2599 imperatore

201 2649 338 2724 semper
352 2636 520 2720 augusto,
539 2628 727 2701 Jerusalem
744 2637 779 2700 et
793 2627 910 2701 Sicilie
925 2649 1027 2720 rego,
1044 2627 1179 2723 imperii
1192 2627 1247 2700 sui
1260 2649 1352 2700 anno
1366 2629 1609 2720 nonodecimo,

201 2750 299 2844 regui
322 2750 509 2823 ierusalem
534 2760 658 2847 quarto
685 2752 838 2844 decimo,
864 2751 960 2846 regni
986 2774 1070 2826 vero
1094 2752 1210 2826 Sicilie
1231 2775 1323 2826 anno
1349 2753 1614 2848 quadragesimo

200 2873 374 2967 secundo,
396 2875 550 2948 feliciter.
567 2874 692 2948 Amen.

248 2999 374 3070 Datum
397 2999 433 3070 in
451 2999 572 3071 castris
590 2999 624 3069 in
644 2999 846 3094 episcopatu
869 2999 1020 3072 Bononia
1040 3009 1119 3096 post
1138 3000 1410 3074 combustionem
1431 3000 1612 3091 Plumaoii,

200 3143 311 3212 anuo,
333 3143 455 3194 mense
470 3131 505 3194 et
521 3122 711 3196 indictione
727 3123 942 3218 pretitulatis.

254 3702 484 3810 Friderieus,
499 3703 763 3788 Romanorum
781 3703 1001 3813 imperator,
1021 3705 1226 3788 Henricum
1245 3707 1375 3790 Turris
1392 3717 1430 3791 et
1453 3709 1619 3794 Galluris
1656 3741 1816 3850 nmio

199 3861 331 3946 regem
348 3835 471 3919 lilium
501 3863 615 3920 suum
634 3837 683 3920 de
709 3836 829 3920 latere
856 3863 927 3920 suc
952 3838 1120 3948 legatum
1150 3839 1297 3948 imperii
1324 3842 1364 3921 in
1393 3841 1540 3926 Italiam
1569 3846 1619 3926 ad
1672 3849 1798 3958 Bffffiffi·

203 3967 375 4052 subditos
398 3995 489 4053 suos
512 3970 695 4072 destinat,
729 3971 940 4052 concedens
967 3971 1001 4052 ei
1029 3997 1180 4054 merum
1207 3972 1410 4082 imperium
1434 3986 1472 4058 ct
1501 3975 1619 4087 gladii

202 4110 425 4210 potestatem
443 4101 736 4211 plenariamque
752 4102 896 4212 judicia
914 4104 1111 4186 exercendi
1133 4105 1408 4189 auctoritatem.

284 4323 380 4402 (Edit.
396 4341 445 4400 ap.
460 4324 545 4386 Patr.
562 4323 597 4386 dc
621 4326 688 4387 llio.
706 4323 832 4407 putot,
851 4327 903 4387 llb.
926 4327 1432 4406 V,cap.1.-G1u1.1n1,d{cmor.
1448 4329 1481 4391 dr'
1494 4329 1618 4414 Milone,

317 4435 342 4490 t.
358 4429 428 4504 vn,
443 4447 476 4508 p.
491 4440 560 4492 60⁰.
573 4431 768 4511 -Suv1on1,
786 4431 898 4493 Annei.
915 4431 1049 4516 Bolnpn„
1064 4441 1088 4498 t.
1106 4435 1163 4510 111,
1181 4453 1212 4514 p.
1231 4446 1349 4499 181.-
1360 4439 1614 4514 Pmrz,ll{cnum.

323 4533 459 4598 oman.
475 4535 591 4617 disten,
603 4545 627 4599 t.
640 4539 692 4610 lv,
708 4555 740 4614 p.
758 4538 843 4619 tto.)

249 4729 458 4824 Fridericus,
477 4732 538 4805 Dei
553 4733 663 4827 gratia
676 4733 905 4806 Romanorum
920 4733 1103 4829 imperator
1118 4755 1254 4832 semper
1269 4747 1454 4832 augustus,
1475 4740 1613 4815 Jerusa-
