4242 5904
494 572 553 634 184
989 568 1202 638 lutbultlcl
1229 571 1404 630 sltctltltlt
1720 569 1799 650 [Anu.
1817 572 1907 636 1238·

494 717 619 798 tatum,
637 714 789 802 potenter
804 705 1026 778 dominantur
1040 706 1075 776 in
1093 707 1231 801 populis
1249 717 1283 779 et
1302 708 1462 780 timentur
1480 707 1630 804 potinsa
1647 707 1823 801 subjectis.
1846 710 1912 782 llic

492 852 611 902 revera
623 830 734 918 zelus,
751 828 816 900 hec
830 849 935 900 eausa
954 849 1017 900 nos
1033 839 1247 920 commonet,
1266 829 1330 902 hec
1345 829 1502 924 gerende
1513 830 1702 924 reipublice
1716 831 1911 906 commodi·

493 964 545 1026 tas
569 953 671 1024 trahit
698 963 735 1024 nt
761 952 808 1026 ad
832 951 1029 1046 pacandum
1048 962 1175 1024 statum
1201 962 1396 1025 nostrorum
1419 951 1574 1026 fidelium
1593 964 1628 1026 et
1648 955 1694 1028 ad
1711 953 1910 1048 superbiam

492 1076 683 1149 infidelium
711 1077 747 1147 in
774 1076 872 1171 virga
900 1077 1011 1148 terrea
1040 1077 1356 1171 comprimendum,
1390 1078 1521 1150 collatis
1557 1079 1738 1150 vobiscum
1766 1079 1911 1152 victorie

493 1211 607 1274 nostre
623 1200 839 1274 successibus
855 1221 943 1294 quos
959 1200 1135 1295 prostratis
1151 1198 1472 1272 Mediolanensibus
1488 1214 1523 1274 et
1544 1202 1766 1296 complicibus
1788 1223 1909 1276 eorum

493 1327 680 1400 manifestis
706 1325 840 1420 imperii
863 1325 1019 1397 hostibus
1039 1322 1288 1420 triumphaliter
1308 1325 1526 1414 obtinemus,
1550 1347 1613 1398 vos
1635 1327 1847 1420 irrequisitos
1862 1325 1908 1400 ad

494 1461 685 1524 nostrorum
711 1449 929 1543 sequentium
950 1449 1225 1522 communionem
1250 1470 1475 1520 successuum
1501 1449 1644 1522 transire
1671 1452 1727 1522 vel
1753 1451 1909 1524 omittere

494 1593 562 1645 non
589 1574 752 1661 velimus,
783 1573 957 1668 publicam
979 1571 1130 1666 exempli
1155 1572 1332 1644 materiam
1361 1572 1554 1666 impensuri
1581 1594 1770 1666 perquam
1792 1575 1909 1665 justus

495 1706 605 1769 metus
623 1697 670 1770 ad
698 1696 856 1770 subditos
881 1705 1049 1784 transeat3
1075 1694 1157 1788 qnia
1183 1715 1228 1766 ex
1254 1716 1325 1788 quo
1345 1695 1526 1790 imperiale
1553 1695 1733 1768 brachium
1758 1697 1906 1790 potentia

494 1841 613 1916 regum
636 1823 790 1892 munitur
813 1829 847 1892 et
872 1819 918 1892 ad
936 1841 1118 1892 commune
1144 1819 1340 1892 subsidium
1367 1841 1428 1914 per
1454 1820 1651 1894 collationes
1674 1820 1790 1894 varias
1812 1819 1907 1915 prin·

403 1963 404 1970 ’
494 1949 589 2042 cipes
607 1944 806 2037 obligantur
819 1952 853 2016 et
866 1943 1076 2016 conveniunt
1088 1945 1279 2034 voluntate,
1295 1944 1407 2016 omnis
1423 1966 1445 2016 a
1460 1943 1610 2018 subditis
1624 1943 1788 2018 abscedat
1799 1943 1907 2016 rebel·

490 2059 595 2142 ‘lionis
611 2067 755 2140 audacia
773 2077 807 2140 ct
830 2067 1097 2162 conspirationes
1113 2065 1275 2140 deficiant
1297 2069 1525 2163 populorum,
1548 2090 1617 2162 qne
1642 2067 1731 2140 adeo
1751 2068 1787 2138 in
1813 2069 1908 2140 ltalie

494 2192 650 2286 partibus
674 2198 855 2262 creverant
879 2189 973 2284 qnod
999 2191 1066 2262 nisi
1091 2190 1243 2284 potentia
1268 2199 1403 2278 nostra,
1432 2191 1521 2263 sicut
1542 2192 1613 2282 jam
1634 2191 1749 2285 coepit
1770 2191 1907 2264 domino

494 2315 711 2388 exercituum
727 2313 883 2402 faciente,
899 2312 1065 2388 radicitus
1081 2324 1212 2386 resecet
1228 2322 1264 2386 et
1276 2315 1415 2405 evellat,
1435 2313 1563 2388 nedum
1578 2315 1625 2388 ad
1641 2315 1829 2408 proximas,
1845 2313 1905 2388 sed

495 2438 541 2510 ad
559 2437 725 2509 distantes
744 2447 778 2508 et
798 2436 1040 2509 remotissimas
1063 2437 1220 2530 regiones
1235 2438 1398 2531 exempla
1420 2437 1502 2510 mali
1522 2438 1754 2532 multipliciter
1774 2439 1907 2512 emitte·

495 2561 590 2633 bant.
608 2563 688 2633 Post
704 2561 878 2633 obtentam
895 2561 998 2653 igitur
1017 2559 1063 2633 de
1080 2559 1389 2632 Mediolanensium
1410 2570 1524 2654 strage
1545 2561 1739 2652 victoriam,
1760 2583 1830 2632 non
1845 2561 1906 2634 de·

496 2683 567 2756 ficit
591 2694 705 2756 nostra
726 2683 885 2756 instantia
902 2693 1019 2756 contra
1035 2704 1111 2774 eos,
1132 2683 1195 2755 sed
1214 2682 1395 2756 firmantes
1414 2683 1452 2754 in
1473 2685 1567 2756 ltalia
1587 2705 1717 2756 moram
1736 2695 1904 2773 nostram,

496 2808 687 2881 indiximus
698 2807 793 2902 apud
805 2808 975 2880 Veronam
986 2807 1265 2902 primoventuris
1281 2806 1441 2880 kalendis
1455 2809 1582 2880 mensis
1598 2809 1678 2881 maii
1697 2797 1906 2904 solempnem

497 2932 627 3005 curiam
644 2930 900 3021 celebrandam,
918 2932 964 3004 ad
981 2952 1086 3024 quam
1103 2931 1267 3003 dilectum
1283 2930 1391 3002 hlium
1411 2939 1564 3003 nostrum
1578 2931 1773 3004 Conradum
1791 2933 1826 3003 in
1844 2935 1907 3006 lto-

496 3077 676 3128 manorum
703 3075 817 3146 regem
845 3055 991 3126 electum
1013 3064 1047 3124 et
1072 3053 1168 3148 regni
1192 3053 1464 3149 lerosolymitani
1489 3055 1653 3126 heredem
1676 3077 1755 3126 cunr
1779 3055 1907 3147 ingenti

497 3178 715 3273 expeditione
729 3178 887 3250 ducenda
906 3177 951 3250 de
966 3175 1146 3250 Germanic
1165 3178 1322 3273 partibus
1338 3199 1380 3250 ac
1395 3179 1576 3250 universos
1593 3187 1627 3251 et
1646 3181 1801 3272 singulos
1813 3178 1906 3274 prin·

497 3303 591 3398 cipes
606 3311 754 3390 nostros,
774 3302 963 3395 quemlihet
979 3323 1059 3374 cum
1081 3311 1210 3375 armata
1230 3302 1378 3374 militum
1394 3302 1575 3392 comitiva,
1600 3301 1765 3374 duximus
1780 3321 1906 3374 convo·

497 3426 648 3516 candos,
673 3435 809 3522 tempus
829 3447 900 3520 quo
920 3427 1030 3498 solent
1047 3447 1147 3520 reges
1169 3425 1216 3498 ad
1235 3427 1324 3498 bella
1350 3425 1536 3520 procedere
1554 3424 1780 3520 prefigentes,
1808 3436 1847 3496 ut
1863 3447 1907 3498 ex

497 3551 720 3646 dispositione
739 3551 831 3622 curie
848 3549 998 3644 generali
1012 3548 1179 3644 disposito
1194 3559 1284 3622 statu
1301 3548 1476 3637 fidelium,
1501 3549 1546 3621 ad
1559 3571 1754 3644 supremam
1771 3549 1908 3645 depres-

497 3677 630 3748 sionem
648 3673 826 3747 rebellium
841 3675 870 3744 si
885 3695 973 3767 qnos
989 3674 1157 3745 obstinata
1176 3672 1323 3768 perfidia
1339 3673 1375 3743 in
1390 3694 1503 3746 errore
1520 3695 1585 3744 suo
1601 3683 1683 3744 tunc
1704 3695 1817 3768 usque
1836 3695 1907 3768 pro-

482 3799 653 3890 traxerit,
671 3808 774 3894 prout
790 3797 1004 3890 negotiorum
1016 3798 1200 3870 necessitas
1211 3795 1334 3890 exigit,
1357 3797 1597 3892 procedamus.
1614 3799 1657 3868 Ut
1670 3819 1753 3888 ergo
1766 3797 1907 3870 rebelles

498 3923 630 4016 ubique
648 3923 804 3995 subditos
820 3923 922 4015 longe
937 3923 1073 4015 lateque
1087 3921 1189 3994 timor
1203 3921 1349 3994 evidens
1367 3931 1612 4016 persequatur,
1627 3921 1721 4013 quod
1740 3919 1909 4014 augustali

498 4044 666 4117 exercitui
691 4044 782 4114 vires
811 4043 942 4136 regales
970 4041 1156 4114 adveniant
1179 4052 1214 4114 et
1242 4043 1278 4112 in
1308 4041 1484 4113 similibus
1510 4041 1688 4134 imperiale
1715 4040 1909 4113 subsidium

499 4167 678 4256 debeatur,
702 4189 747 4238 ex
770 4165 943 4238 communi
961 4167 1033 4238 zelo
1055 4167 1202 4238 amicitie
1227 4187 1333 4260 quam
1358 4165 1511 4238 vicissim
1525 4164 1704 4236 ¹debemus
1732 4166 1910 4237 exsolvere

498 4287 722 4379 confidentes,
738 4289 971 4382 exposcimus,
988 4310 1149 4382 rogamus
1161 4298 1195 4359 et
1209 4287 1387 4360 hortamur
1405 4287 1537 4378 regiam
1549 4285 1769 4358 serenitatem
1782 4295 1909 4360 attente

497 4422 667 4508 quatenus
702 4411 962 4484 balistariorum.
986 4413 1141 4506 equitnm
1165 4412 1299 4506 copiam
1331 4431 1424 4504 quos
1457 4411 1532 4506 ipsa
1566 4411 1756 4504 specialiter
1785 4410 1908 4483 educat

498 4537 698 4630 preelectos,
722 4535 811 4606 siout
835 4533 956 4606 honori
973 4537 1067 4628 regio
1090 4536 1264 4628 congruit,
1286 4533 1333 4606 ad
1350 4555 1412 4606 nos
1431 4534 1467 4604 in
1483 4535 1614 4606 ltaliam
1633 4553 1694 4628 pro
1709 4533 1908 4605 contusione

497 4659 677 4732 rebellium
691 4669 884 4732 nestrorum
901 4667 1016 4731 taxato
1031 4669 1182 4755 tempore
1195 4658 1372 4751 dirigatis,
1390 4657 1634 4734 constituentes
1652 4678 1716 4728 nos
1733 4655 1780 4729 ad
1800 4657 1908 4730 consi·
