4224 5898
457 534 519 596 sco
964 537 1172 598 rnrnnnrcr
1199 533 1374 597 sncuunr
1684 527 1763 612 [mu.
1781 527 1866 589 raas.

458 666 693 750 subtractum
713 667 852 774 extitit,
873 667 1003 778 adjus
1025 680 1062 752 et
1078 667 1358 777 possessionem
1379 661 1667 748 Wormatiensis
1693 659 1870 744 ecclesiae

455 811 618 884 revocet.

537 1001 668 1082 (Edldcr.
684 1001 862 1081 Scusnnar,
885 1003 997 1064 Hister.
1016 1003 1099 1081 cpirc.
1127 1001 1248 1076 Worm„
1263 1002 1396 1078 docum,
1411 1019 1440 1078 p.
1464 1008 1527 1060 ¹2⁰.
1548 1028 1588 1044 ·-
1605 997 1719 1072 Parra,
1735 995 1869 1054 Mortua.

578 1106 675 1170 Garat.
689 1106 805 1185 litter,
819 1116 843 1168 t.
859 1109 914 1187 tv,
925 1125 956 1186 p.
967 1100 1053 1186 aab)

506 1280 714 1370 Fridericus‚
741 1281 803 1351 Dei
829 1281 938 1373 gratia
966 1282 1199 1352 Romanorum
1219 1282 1404 1375 imperator
1427 1299 1564 1372 semper
1588 1283 1774 1370 augustus,
1802 1283 1868 1346 etc.

455 1404 522 1476 Per
544 1424 685 1498 presens
701 1405 868 1498 scriptum
888 1414 1009 1475 notum
1027 1403 1101 1476 fieri
1118 1405 1279 1477 volumus
1295 1402 1488 1492 universis,
1508 1401 1699 1496 quodcum
1718 1399 1754 1469 in
1776 1397 1870 1468 curia

456 1535 591 1611 nostra,
611 1525 762 1599 dictante
778 1527 947 1598 sententia
965 1525 1180 1621 principum,
1199 1535 1235 1597 et
1252 1525 1297 1598 de
1314 1525 1453 1620 speciali
1474 1524 1636 1620 petitione
1659 1541 1872 1615 conqueren-

455 1650 541 1720 tium
566 1649 611 1720 sit
636 1649 833 1740 obtentum,
857 1650 953 1744 quod
976 1651 1176 1741 toloneum,
1197 1657 1351 1739 moneta,
1371 1649 1523 1722 officium
1547 1646 1706 1735 sculteti,
1730 1653 1763 1716 et
1776 1643 1873 1736 judi-

455 1771 547 1842 cium
563 1773 735 1859 seculare,
758 1793 823 1844 neo
840 1794 909 1844 non
927 1782 961 1844 et
976 1772 1122 1862 similia,
1139 1793 1209 1866 que
1225 1771 1400 1868 principes
1416 1771 1635 1844 ecclesiastici
1654 1768 1824 1862 recipiunt
1837 1776 1872 1840 et

454 1903 571 1966 tenent
597 1893 642 1966 de
669 1917 773 1966 manu
798 1895 968 1990 imperiali
993 1905 1028 1968 et
1052 1891 1336 1990 predecessorum
1364 1903 1574 1982 nostrorum,
1600 1894 1676 1965 sine
1702 1912 1872 1964 consensu

454 2029 569 2090 nostro
588 2018 756 2090 infeodari
777 2040 846 2091 non
869 2019 1021 2112 possint,
1041 2041 1192 2113 cumque
1208 2019 1355 2112 quilibet
1372 2018 1608 2113 imperatorin
1628 2015 1755 2087 indicta
1776 2016 1872 2086 curia

454 2141 631 2236 percipere
648 2141 750 2213 debet
771 2141 994 2234 integraliter,
1018 2152 1056 2214 et
1071 2143 1278 2216 vacantibus
1297 2143 1453 2216 ecclesiis
1466 2141 1582 2215 omnia
1599 2161 1711 2234 usque
1727 2137 1771 2211 ad
1790 2159 1871 2210 con·

453 2265 593 2338 cordem
616 2267 817 2339 electionem
845 2267 994 2356 babere,
1014 2267 1126 2340 donec
1142 2269 1271 2354 electus
1285 2267 1331 2340 ab
1348 2288 1391 2340 eo
1408 2266 1537 2360 regalia
1554 2265 1717 2358 mcipiat;
1740 2263 1871 2358 suppli-

454 2390 547 2462 cavit
560 2390 754 2470 celsitudini
772 2401 888 2462 nostre
901 2391 1109 2463 venerabilis
1121 2391 1382 2463 Wormatiensis
1397 2391 1600 2485 episcopus,
1620 2387 1871 2482 dilectusprin·

454 2533 536 2606 ceps
554 2521 682 2600 noster,
702 2523 875 2606 quatenus
898 2536 938 2586 ea
968 2537 1038 2607 que
1055 2536 1117 2610 per
1134 2515 1394 2610 predecessores
1411 2533 1493 2585 suos
1509 2512 1658 2585 alienata
1674 2520 1790 2583 sunta
1807 2532 1872 2583 sua

454 2635 598 2705 ecclesia
613 2635 688 2706 sine
702 2656 872 2708 consensu
892 2647 1008 2710 nostro
1022 2636 1068 2708 de
1081 2637 1265 2733 predictis,
1280 2637 1327 2710 ad
1343 2639 1402 2730 jus
1417 2647 1450 2709 et
1464 2637 1714 2731 possessionem
1728 2635 1872 2707 ecclesie

455 2759 716 2830 Wormatiensis
730 2761 885 2833 revocari
902 2761 946 2832 de
966 2769 1080 2835 nostra
1098 2763 1226 2854 gratia,
1243 2763 1346 2854 juxta
1365 2763 1469 2834 latam
1484 2761 1706 2850 sententiam,
1729 2759 1871 2830 manda·

455 2903 588 2971 remus,
609 2883 662 2954 bis
682 2881 853 2956 duntaxat
867 2907 937 2978 que
951 2884 996 2957 de
1013 2907 1183 2958 consensu
1200 2886 1482 2980 predecessorum
1501 2893 1694 2956 nostrorum
1709 2891 1744 2954 et
1756 2890 1871 2955 nostro

456 3006 578 3077 collata
595 3017 781 3078 noscantur
797 3009 1041 3102 permansuris.
1059 3010 1128 3082 Nos
1144 3009 1249 3104 igitur
1260 3010 1382 3106 prelati
1398 3009 1550 3105 episcopi
1564 3007 1872 3104 supplicationibus

456 3129 631 3214 inclinati,
657 3139 691 3201 et
716 3131 783 3203 late
806 3152 910 3226 super
931 3131 997 3204 boc
1023 3133 1192 3206 sententie
1216 3132 1428 3222 inherentes,
1449 3131 1624 3226 quidquid
1646 3130 1692 3203 de
1709 3130 1872 3224 predictis

457 3254 601 3335 telonio,
626 3261 785 3340 moneta,
808 3263 842 3324 et
865 3255 1009 3326 seculari
1031 3256 1185 3349 judicio,
1209 3277 1345 3329 necnon
1363 3265 1400 3330 et
1420 3254 1658 3329 consimilibus
1678 3255 1871 3328 aWcrma·

456 3376 557 3448 tiensi
581 3375 725 3449 ecclesia
753 3398 814 3469 per
840 3377 1098 3473 predecessores
1123 3401 1207 3453 suos
1231 3379 1307 3452 sine
1337 3387 1454 3452 nostro
1485 3399 1654 3451 consensu
1685 3379 1872 3452 alienatum

457 3499 589 3572 exstitit
611 3501 667 3571 vel
690 3499 922 3591 subtractum,
944 3503 1144 3575 auctoritate
1167 3501 1355 3597 imperialis
1376 3501 1537 3574 culminis
1553 3501 1671 3595 adjus
1687 3511 1722 3574 et
1740 3521 1873 3595 posses

457 3624 589 3694 sionem
606 3621 716 3714 ipsius
728 3623 872 3694 ecclesie
884 3645 1106 3714 revocamus;
1122 3625 1292 3720 presentis
1305 3625 1422 3721 scripti
1434 3625 1637 3698 auctoritate
1652 3623 1870 3711 mandantes,

457 3751 630 3836 quaemus
648 3744 763 3816 nullus
779 3747 825 3817 sit
839 3746 901 3839 qui
920 3755 1038 3818 contra
1054 3748 1157 3820 latam
1174 3747 1379 3820 sententiam
1398 3757 1435 3820 et
1453 3747 1621 3843 presentis
1640 3753 1755 3818 nostre
1769 3765 1873 3818 revo-

379 3885 384 3896 ·
458 3865 602 3938 cationis
627 3874 778 3940 tenorem
808 3866 1009 3960 hujusmodi
1028 3869 1177 3943 menate
1194 3878 1322 3942 temere
1342 3869 1470 3944 audeat
1496 3868 1663 3944 detinere.
1688 3866 1792 3953 Quod
1810 3869 1873 3961 qui

459 3989 719 4084 presumpserit,
739 4010 866 4085 penam
882 3991 1193 4085 transgressoribus
1213 3993 1382 4068 sententie
1395 4015 1438 4068 ac
1453 3993 1693 4067 mandatorum
1711 3991 1872 4087 imperia·

457 4111 542 4182 lium
559 4110 711 4184 debitam
727 4133 764 4184 se
775 4115 911 4186 noverit
928 4115 1161 4190 incursurum.

475 4247 483 4268 ·
506 4235 594 4306 Data
620 4234 804 4327 Cremona,
827 4257 919 4311 anno
941 4237 1114 4313 dominice
1133 4241 1379 4314 incarnationis
1398 4241 1448 4317 ll.
1461 4239 1525 4314 CC.
1538 4239 1731 4327 XXXVlll,
1754 4258 1874 4312 mense

460 4357 658 4448 novembri,
677 4355 865 4436 indictione
877 4359 954 4435 Xll.
