4246 5906
510 611 572 674 528
1012 613 1227 676 nlttsntct
1245 615 1424 675 stcusbt
1733 619 1813 700 [dn.
1831 621 1912 684 1239.

589 767 715 850 (liqut.
731 765 965 848 lambda.
978 770 1018 846 11,
1034 769 1086 832 iol.
1102 781 1256 852 aarum
1271 772 1388 834 incdit.
1403 771 1543 851 Garun„
1556 789 1590 850 p.
1605 773 1689 853 m.)

555 965 603 1036 Dc
617 965 773 1037 merrdutc
790 967 959 1061 imperiali
971 969 1059 1058 [ecto
1074 990 1138 1062 per
1158 971 1357 1062 mupr'strcos
1374 967 1549 1041 attatum
1569 972 1702 1065 scripsit
1717 972 1854 1044 lacobus
1876 971 1915 1044 dc

506 1091 636 1160 Bostra
652 1091 784 1161 listerus
796 1091 1024 1186 respcrrsules:

556 1211 767 1302 fredericus,
781 1223 865 1302 etc,
876 1216 1040 1310 magistro
1054 1214 1276 1289 ilicoerdode
1289 1216 1437 1289 Lentino
1451 1216 1627 1312 preposito
1639 1238 1808 1290 novorum
1822 1217 1914 1292 bedi-

504 1335 674 1422 liciorum,
687 1349 754 1413 etc.
770 1341 877 1418 Solita
889 1342 1105 1436 benignitate
1120 1343 1315 1437 reoepimus
1327 1343 1463 1414 liceras
1477 1363 1566 1436 quas
1582 1351 1641 1414 tua
1658 1343 1758 1416 nobis
1774 1343 1912 1418 devotio

504 1461 707 1549 destinavit,
721 1474 758 1538 et
771 1466 853 1560 quia
870 1487 933 1561 per
946 1467 1098 1561 ipsarum
1112 1477 1267 1540 tenorem
1286 1467 1525 1540 intelleximus
1536 1466 1631 1561 qnod
1649 1489 1796 1562 magnus
1813 1489 1912 1563 appa·

502 1596 596 1660 ratus
612 1587 718 1660 calcis
731 1598 766 1660 et
781 1588 936 1684 lapidum
950 1591 1061 1662 iactus
1074 1599 1127 1664 oet
1143 1611 1207 1686 pro
1223 1611 1329 1684 opere
1348 1589 1452 1662 castri
1476 1589 1584 1661 nocui
1600 1589 1779 1680 Catbamc,
1797 1601 1834 1663 et
1846 1591 1912 1664 cab

502 1711 577 1806 ipsa
588 1709 764 1783 devastari
780 1713 906 1806 poterit
924 1713 991 1784 nisi
1005 1723 1154 1808 ponatur
1173 1714 1209 1785 in
1224 1735 1329 1809 opere
1344 1711 1567 1808 supradicto;
1586 1715 1749 1788 volumus
1761 1724 1797 1786 et
1813 1737 1911 1787 man-

501 1833 625 1908 demus
644 1833 801 1909 fidelitati
817 1848 878 1909 tue
898 1845 1073 1930 quatenus
1091 1838 1237 1932 reoeptis
1259 1835 1418 1910 ducentis
1442 1838 1557 1909 unciis
1575 1837 1621 1910 ab
1638 1837 1835 1911 bominibus
1849 1837 1910 1909 Ca·

501 1957 637 2046 thanie,
652 1981 740 2052 quas
751 1960 817 2054 ipsi
837 1959 938 2032 nobis
953 1981 1017 2054 pre
1032 1959 1156 2033 ecdem
1172 1981 1277 2056 opere
1288 1961 1512 2055 optulerunt,
1531 1971 1566 2033 et
1582 1971 1719 2034 centum
1732 1961 1910 2053 sexaginta

501 2083 614 2154 unciis
638 2083 831 2176 aTrogisio
857 2081 903 2155 de
926 2083 1187 2176 Calatagerone,
1213 2083 1258 2157 de
1285 2083 1439 2179 predicta
1463 2085 1558 2156 calce
1578 2095 1613 2155 et
1637 2084 1811 2179 lapidibus
1831 2083 1909 2178 ipsis

499 2205 573 2280 lieri
588 2207 693 2278 iacias
707 2205 944 2296 fundamenta,
960 2217 995 2280 et
1010 2209 1140 2280 murari
1154 2209 1200 2281 de
1212 2209 1390 2303 lapidibus
1404 2209 1488 2303 ipsis
1504 2231 1608 2302 super
1623 2219 1746 2282 terram
1760 2208 1807 2281 ad
1820 2228 1910 2280 men·

499 2353 615 2404 suram
629 2331 733 2402 nnius
750 2351 876 2419 canne;
895 2341 930 2402 et
943 2352 1025 2404 ecce
1042 2331 1139 2425 quod
1151 2333 1291 2425 prelatis
1304 2331 1513 2405 bominibus
1529 2331 1693 2405 Catbanie
1709 2332 1832 2404 noscis
1845 2331 1908 2404 da·

498 2475 576 2526 mus
597 2455 724 2527 licteris
749 2453 786 2524 in
808 2453 982 2527 mandatis
1010 2465 1049 2527 ut
1073 2454 1119 2526 ad
1146 2455 1405 2550 requisitionem
1433 2465 1529 2528 tuam
1551 2457 1685 2528 solvant
1706 2457 1768 2528 tibi
1793 2455 1910 2530 uncias

498 2577 727 2672 supradictas.
755 2577 960 2651 Mandonius
982 2579 1125 2674 insuper
1140 2579 1327 2672 justitiario
1349 2589 1389 2651 ut
1410 2578 1574 2652 eumdem
1597 2581 1636 2653 t.
1662 2580 1709 2655 ad
1729 2579 1910 2653 solvendas

498 2701 559 2772 tibi
574 2702 715 2776 easdem
737 2703 859 2774 uncias
882 2725 952 2796 qna
973 2703 1139 2776 convenit
1158 2703 1373 2776 districtione
1398 2704 1601 2798 compellat;
1626 2715 1664 2775 tu
1681 2715 1798 2776 antem
1816 2704 1909 2777 lactis

498 2825 730 2898 fundamentis
747 2825 858 2920 ipsius
877 2826 979 2898 mstri
997 2835 1031 2898 et
1044 2827 1180 2898 elevato
1195 2847 1297 2898 muro
1314 2826 1516 2898 incircuitu
1534 2826 1582 2899 ad
1595 2849 1791 2900 mensnram
1810 2825 1909 2899 unius

497 2969 626 3038 omne,
648 2949 737 3022 sicut
756 2947 887 3020 dictum
906 2957 979 3038 est,
1004 2948 1049 3022 de
1066 2949 1161 3020 calce
1182 2957 1218 3021 et
1235 2947 1416 3044 lapidibus
1434 2949 1665 3044 supradictis,
1686 2948 1815 3023 denda
1838 2949 1907 3022 beri

497 3073 603 3146 facias
617 3081 822 3169 apparatum
834 3072 880 3147 de
892 3072 1068 3170 lapidibus
1081 3073 1197 3147 tractis
1210 3075 1272 3168 qui
1289 3073 1434 3146 suntad
1450 3073 1601 3168 Criplam
1614 3077 1825 3168 Regetanam
1835 3075 1907 3147 siue

496 3197 531 3268 in
549 3197 617 3270 illis
634 3197 809 3292 partibus,
828 3207 930 3292 prout
946 3199 1071 3271 melius
1086 3197 1425 3293 videriscxpedirc,
1443 3207 1482 3268 nt
1497 3196 1543 3271 de
1556 3198 1729 3293 lapidibus
1741 3199 1825 3294 ipsis
1837 3196 1907 3272 lieri

494 3320 619 3396 debeat
634 3343 724 3418 opus
740 3322 869 3418 ipsum.

542 3449 667 3518 Datum
683 3447 779 3541 apud
795 3447 1015 3534 Cremonam,
1032 3447 1143 3518 XXIV
1158 3447 1374 3540 novembris,
1393 3447 1474 3520 Xlll
1488 3446 1697 3520 indictionis.

542 3596 624 3666 ltcm
645 3594 778 3686 scripsit
798 3620 808 3664 :

540 3717 759 3803 Fredcricns,
779 3726 863 3808 etc,
884 3716 1058 3790 universis
1075 3715 1276 3789 hominibus
1292 3715 1476 3789 Catbanie.
1497 3717 1609 3812 Super
1626 3737 1668 3790 eo
1683 3715 1782 3810 quod
1797 3715 1908 3787 nuntii

492 3841 596 3914 vestri
620 3861 709 3936 quos
733 3840 779 3912 ad
803 3851 955 3913 nostram
977 3840 1183 3936 presentiam
1201 3840 1402 3914 destinastis
1419 3863 1466 3912 ex
1484 3837 1585 3936 'perte
1605 3851 1719 3913 vestra
1744 3839 1908 3912 ducentas

493 3965 611 4036 uncias
631 3965 707 4036 auri
722 3985 787 4059 pro
806 3964 1004 4060 incipiendo
1027 3983 1132 4059 opere
1150 3965 1252 4036 castri
1276 3965 1385 4037 nostri
1406 3963 1505 4058 quod
1530 3965 1565 4036 in
1586 3975 1675 4036 terra
1698 3967 1772 4060 ipsa
1792 3965 1908 4060 provi·

490 4087 605 4160 dimus
614 4088 897 4179 construendum,
907 4099 1024 4162 nostro
1034 4088 1178 4160 culmini
1191 4089 1404 4181 obtulerunt,
1424 4099 1519 4161 lanto
1530 4088 1746 4162 devotionem
1759 4097 1906 4160 vestram

490 4211 723 4286 favorabiliter
740 4211 1040 4304 commendemus,
1063 4219 1194 4306 quanto
1210 4233 1258 4284 cx
1273 4211 1341 4285 boc
1357 4211 1579 4308 perpendere
1594 4233 1779 4307 possumus
1797 4211 1905 4284 mani·

489 4334 573 4407 leste
590 4333 687 4429 quod
704 4355 786 4429 erga
804 4355 868 4407 nos
889 4334 1039 4429 puritate
1061 4332 1144 4408 lidei
1162 4343 1198 4406 et
1219 4335 1292 4406 zelo
1307 4334 1416 4407 nimie
1436 4333 1630 4407 dilectionis
1651 4333 1789 4406 accensi
1812 4345 1907 4428 grata

488 4459 705 4532 servitiorum
731 4459 948 4532 exhibitione
976 4458 1124 4530 nitimini
1161 4480 1297 4553 semper
1319 4467 1462 4554 captare
1491 4471 1606 4532 nostre
1633 4458 1905 4531 benevolentiam

488 4583 686 4675 majestatis.
708 4582 837 4656 Verum
859 4583 942 4678 qnia
959 4581 1165 4678 beneplaciti
1182 4583 1289 4655 nostri
1307 4593 1360 4655 cst
1377 4583 1473 4677 qnod
1487 4604 1577 4678 opus
1596 4583 1710 4678 ipsum
1725 4582 1906 4678 incipiatur

485 4705 533 4778 ad
553 4727 711 4801 presens,
740 4705 897 4780 fidelitati
921 4717 1035 4780 vestre
1057 4704 1266 4779 mandamus
1286 4715 1461 4800 qnatenus
1486 4706 1532 4780 ad
1552 4704 1810 4800 requisitionem
1828 4725 1905 4775 ma-
