4226 5900
504 574 567 634 rsa
1007 573 1223 639 rainnarcr
1247 576 1420 638 sacuam
1730 578 1813 656 [ase
1834 579 1922 640 rma.

506 711 592 782 turis
608 709 803 797 intendere,
825 731 867 782 ac
889 709 927 782 id
953 709 1000 784 de
1023 711 1114 784 bono
1136 714 1171 784 in
1194 715 1319 786 melius
1336 713 1453 784 valere
1473 710 1630 784 similiter
1646 721 1683 784 et
1702 714 1806 787 velle.
1825 715 1924 788 Cete-

504 856 582 906 rum
597 833 698 906 dictis
713 834 865 922 statutis,
883 843 967 925 etc,
987 847 1027 906 ut
1042 859 1160 929 supra.

553 957 689 1030 Similes
703 957 871 1032 liiceerdo
888 958 934 1030 de
952 959 1109 1032 Pulcero.

552 1083 688 1154 Similes
707 1103 769 1177 per
786 1083 903 1155 omnia
920 1084 1056 1178 scripsit
1076 1105 1138 1178 prc
1155 1083 1310 1178 quolibet
1331 1082 1503 1154 dicisum
1524 1091 1688 1176 portuum
1708 1091 1779 1154 tam
1797 1093 1923 1156 custo-

504 1207 607 1278 dibns
621 1219 655 1278 et
668 1207 809 1278 notariis
821 1229 927 1301 qnam
942 1208 1144 1302 capitaneis,
1154 1205 1349 1300 justitiariis
1363 1214 1399 1279 et
1411 1205 1490 1278 aliis
1503 1205 1721 1292 officialibus,
1735 1207 1827 1280 sicut
1838 1217 1922 1279 sunt

505 1332 541 1402 in
563 1331 718 1426 qualibet
739 1341 891 1406 contrata
920 1333 1058 1422 statuti,
1084 1341 1303 1428 preterquam
1326 1331 1478 1404 obberto
1498 1329 1762 1404 Faiiamcnacbo
1787 1341 1920 1404 mereto

504 1453 661 1525 Panormi
677 1455 734 1525 cui
752 1453 912 1526 scribitur
926 1455 1022 1550 quod
1036 1456 1072 1526 in
1084 1465 1187 1550 portu
1201 1455 1349 1550 Trapani
1362 1461 1492 1526 statuat
1504 1452 1682 1526 custodem
1695 1461 1732 1524 et
1744 1455 1917 1525 notmium

503 1585 539 1650 ct
556 1577 727 1671 significet
743 1587 778 1649 ct
791 1579 925 1672 Augelo
941 1577 1194 1674 Frisarioqnod
1203 1579 1310 1674 eligat
1322 1577 1390 1650 sibi
1402 1577 1574 1650 nondum
1590 1577 1627 1648 in
1644 1587 1745 1673 prutu
1763 1577 1920 1672 Auguste

503 1711 539 1776 et
551 1700 734 1796 significet.

723 1916 810 1925 —t—-
817 1917 973 1926 ———-——
982 1919 1048 1926 .-ιι-..μ
1056 1919 1084 1925 --
1090 1913 1705 1926 -m—-r-A-——m--n—nu-

556 2186 736 2270 Mandata
761 2185 867 2268 varia
896 2210 1011 2293 super
1041 2183 1214 2266 custodia
1240 2193 1278 2266 et
1301 2183 1514 2266 munitione
1539 2183 1654 2266 castri
1676 2183 1854 2292 Neapolis
1880 2195 1917 2267 et

322 2397 334 2435 ⁷
440 2425 446 2438 ι
504 2319 752 2402 translatione
768 2317 1008 2426 captivorum
1024 2315 1167 2398 ibidem
1184 2315 1441 2398 detentorum.

585 2511 713 2591 (liqut.
732 2511 836 2590 imper.
858 2507 978 2570 stede.
995 2509 1040 2584 11,
1054 2508 1106 2570 icl.
1125 2517 1194 2570 ¹15.
1209 2507 1326 2569 Folium
1339 2507 1421 2568 ismd
1440 2513 1521 2568 recto
1538 2511 1570 2567 et
1590 2521 1675 2568 ἴσω
1689 2507 1834 2568 bectcm
1850 2509 1914 2568 ins·

624 2619 721 2678 ditum
734 2635 751 2678 e
764 2617 830 2681 cod.
846 2617 974 2693 Philipp.
994 2617 1072 2676 lectu
1090 2614 1268 2674 difficillimo
1286 2619 1318 2674 ct
1338 2615 1371 2674 ln
1384 2613 1442 2674 bac
1466 2629 1587 2690 queque
1604 2619 1688 2689 perta
1708 2614 1815 2674 mutilo
1838 2629 1913 2674 nuuc

623 2727 752 2803 primum
766 2725 873 2801 prodit
891 2723 1043 2802 scriptura
1063 2721 1125 2782 iclii
1147 2731 1204 2782 tte
1221 2737 1308 2782 verso
1320 2719 1500 2798 iamdudum
1517 2725 1664 2781 vctmmte
1684 2720 1781 2781 deleta
1799 2720 1914 2792 inibe

624 2833 728 2893 lolium
745 2840 803 2892 tit
820 2833 941 2893 omntno
953 2831 1036 2892 deest
1050 2837 1117 2890 tum
1127 2832 1159 2890 ln
1172 2829 1274 2890 codiee
1286 2829 1493 2906 Neapolitano,
1505 2833 1571 2888 mm
1587 2825 1619 2888 in
1630 2827 1731 2889 codice
1745 2827 1817 2888 bibi.
1832 2827 1912 2888 Pbri·

623 2938 761 3016 lippsens.
775 2939 870 3000 multo
882 2939 1030 2998 recentius
1043 2933 1190 3014 anto.)

504 3859 555 3929 De
569 3852 758 3928 muniendo
774 3864 885 3926 castro
906 3853 984 3946 ipso
998 3871 1061 3946 pro
1079 3850 1212 3922 bremio
1227 3847 1292 3945 (c),
1308 3847 1394 3935 saie,
1412 3848 1515 3938 icrrc,
1534 3845 1756 3934 carbonibus,
1774 3848 1867 3922 milio
1881 3857 1913 3920 et

504 3979 667 4052 omnibus
683 3975 897 4066 necessariis,
921 3972 967 4047 de
990 3971 1185 4045 ordinanda
1211 3970 1343 4044 ibidem
1361 3972 1500 4042 iornace
1514 3977 1549 4041 et
1565 3969 1689 4042 ierario
1708 3970 1820 4061 bono,
1839 3991 1912 4042 mr·

503 4105 635 4176 bonnm
655 4101 813 4195 copiast
836 4097 1043 4188 generaliter
1066 4096 1228 4169 omnibus
1254 4093 1436 4190 oportunis
1455 4103 1492 4165 et
1513 4091 1559 4164 dc
1582 4091 1709 4165 dandis
1730 4093 1782 4166 CC
1805 4095 1913 4165 unciis

506 4229 595 4298 uitra
610 4233 754 4297 statutos
771 4223 900 4296 solidos
917 4231 952 4292 et
968 4219 1152 4293 servandis
1169 4241 1190 4290 a
1214 4228 1248 4290 te
1263 4239 1326 4312 pro
1340 4215 1549 4310 diligentiori
1570 4215 1671 4287 castri
1687 4215 1862 4300 custodia,
1883 4217 1910 4288 si

505 4352 645 4424 icrsitan
673 4347 885 4421 necessitatis
908 4345 1073 4420 articulus
1094 4343 1293 4431 adveniret,
1317 4341 1451 4434 Angelo
1473 4337 1519 4412 de
1545 4339 1658 4412 Merra
1682 4337 1773 4412 fideli
1799 4349 1911 4413 nostro

505 4475 706 4548 mandatum
719 4493 781 4567 per
794 4471 924 4544 litteras
933 4469 1099 4540 mittimus
1111 4467 1273 4562 speciale.
1285 4466 1337 4538 De
1346 4462 1526 4560 liaynaldo
1535 4461 1581 4536 dc
1591 4462 1721 4536 baiano
1732 4463 1911 4536 etNicoiac

546 4683 588 4762 (ai
610 4685 673 4758 Sic;
686 4682 841 4762 legendum
852 4697 922 4742 vero
934 4680 1051 4741 vidum
1063 4675 1169 4738 brevia
