4224 5898
190 605 288 664 luurcr.
308 601 367 684 12]
634 599 831 662 HISTORIA
856 599 1149 663 otrtottttmcrt.
1536 596 1596 658 307

191 747 311 812 noscat
330 735 427 832 quud
444 735 556 808 bonor
578 735 732 808 omnium
756 735 926 830 tangitur,
945 736 1145 830 quicunque
1164 735 1210 809 dc
1227 754 1369 830 corpore
1391 731 1597 806 secularium

191 861 386 957 principum
401 858 608 934 offendatur.

239 987 363 1059 Datum
377 983 539 1076 lervisii,
560 983 637 1054 ΧΧο
651 981 710 1056 die
721 982 859 1078 aprilis,
875 983 949 1056 ΧΠ·
966 979 1017 1078 (a)
1031 980 1230 1056 indictione.

246 1566 483 1672 Fridericus,
505 1562 765 1648 Romanorum
792 1563 1017 1670 imperatur,
1043 1560 1179 1644 acriter
1197 1571 1409 1644 senatorem
1430 1560 1540 1644 Urbis
1563 1571 1601 1644 ct

193 1699 386 1784 Romanos
408 1696 587 1806 objurgat
610 1696 716 1805 quod
742 1694 1011 1778 beneficiorum
1043 1720 1143 1803 quac
1166 1693 1257 1802 ipsis
1279 1693 1438 1776 contulit
1465 1694 1600 1776 imme-

194 1856 343 1935 mores,
376 1855 417 1911 se
453 1855 543 1916 non.
563 1827 809 1937 opposuerint
850 1827 1006 1910 domino
1046 1852 1166 1935 papae
1200 1826 1600 1910 excommunicationis

196 1963 421 2048 sententiam
438 1961 478 2042 in
491 1961 708 2044 Romanum
729 1959 938 2070 principem
956 1958 1095 2068 injuste
1112 1957 1330 2068 proferenti.

274 2187 370 2262 (ltdlt.
387 2203 436 2263 ap.
452 2186 553 2246 Mm.
569 2185 686 2262 Pauus„
700 2183 811 2244 Hister.
827 2182 897 2262 maj.
912 2178 1048 2261 Auctor,
1063 2197 1095 2258 p.
1116 2189 1173 2241 sta
1196 2181 1284 2258 (edit.
1300 2181 1337 2242 dc
1351 2198 1420 2243 aun.
1447 2180 1557 2261 toto),
1573 2191 1603 2244 ct

316 2296 391 2354 inter
403 2287 550 2371 Epistulas
563 2291 645 2351 Patr.
660 2289 695 2350 dc
713 2290 792 2368 vta,
808 2288 860 2348 lib.
878 2287 904 2362 l,
919 2305 983 2364 cap.
998 2287 1071 2358 Vll;
1087 2288 1155 2349 coll.
1170 2303 1240 2348 cum
1261 2287 1327 2348 eod.
1342 2287 1482 2350 Blblloth.
1502 2287 1600 2350 Cesar.

210 2403 218 2414 '
316 2395 525 2477 Parls.,souds
542 2394 785 2458 Sciat-Gerulum
797 2391 897 2470 Buri,
912 2403 944 2454 n⁰
959 2393 1043 2473 455.)

245 2565 469 2655 Fredericus,
495 2567 557 2640 Dei
581 2565 691 2660 gratia
706 2567 936 2640 Romanorum
955 2565 1138 2659 imperator
1156 2585 1290 2658 semper
1311 2575 1497 2659 augustus,
1519 2567 1605 2640 Hie-

196 2691 348 2764 rusalem
375 2699 410 2766 et
424 2689 539 2762 Sicilie
559 2710 642 2778 rex,
665 2689 815 2764 senatori
833 2688 932 2762 Urbis
952 2696 986 2759 et
1014 2688 1087 2761 suis
1113 2688 1328 2760 conromanis
1344 2689 1502 2762 salutem.
1518 2689 1603 2764 Cum

197 2813 308 2888 Roma
332 2812 379 2884 sit
391 2813 499 2886 nocui
514 2821 621 2908 capnt
635 2821 671 2884 ct
685 2812 821 2887 auctrix
838 2811 993 2907 imperii,
1016 2820 1051 2882 et
1065 2812 1238 2884 Romanus
1253 2813 1438 2907 imperator
1456 2837 1478 2886 a
1495 2815 1605 2890 Rome

198 2937 371 3010 vocabulo
387 2947 619 3032 nuncupetur,
639 2943 679 3008 ut
695 2936 761 3008 sibi
782 2936 889 3009 nostri
906 2935 1056 3008 nominis
1074 2943 1108 3006 et
1122 2934 1262 3008 honoris
1280 2957 1461 3030 processus
1475 2945 1509 3008 et
1523 2958 1605 3009 aus·

199 3060 291 3154 piciu
314 3059 524 3149 debeamus,
548 3059 585 3132 in
611 3059 870 3134 admirationem
894 3059 1047 3152 rapimur
1072 3057 1329 3149 vehementem,
1354 3060 1382 3130 si
1408 3060 1469 3132 ubi
1497 3061 1604 3132 nostri

198 3182 458 3277 promovendus
478 3190 531 3254 est
550 3182 661 3256 honor
681 3191 716 3254 et
739 3182 867 3274 injuria
883 3180 1134 3276 propulsanda,
1161 3179 1256 3275 apud
1279 3183 1418 3276 eosqui
1445 3191 1605 3272 tenentur

199 3317 234 3378 et
262 3305 389 3378 debent
412 3326 475 3402 pro
503 3305 652 3378 culmine
677 3315 793 3378 nostro
819 3326 858 3378 se
883 3327 1021 3378 murum
1049 3303 1257 3378 defensionis
1287 3326 1460 3401 opponere
1486 3309 1605 3380 insur-

200 3429 368 3522 gentibus
386 3449 434 3502 ex
450 3427 616 3520 adverso,
643 3429 727 3524 ipsis
756 3427 979 3526 audientibus
997 3436 1031 3500 ct
1055 3425 1372 3518 dissimulantibus,
1397 3429 1605 3502 contrarium

200 3553 385 3648 patiamur.
422 3552 564 3647 Propter
594 3551 690 3644 quod
720 3551 871 3644 grauiter
901 3551 1018 3624 dolore
1050 3551 1286 3644 compellimur
1312 3551 1407 3645 quod
1431 3553 1605 3626 Romanus

200 3677 342 3749 antistes
368 3684 487 3748 oontm
511 3676 701 3748 Romanum
729 3675 919 3771 principem
936 3674 973 3747 id
1001 3673 1096 3769 quod
1120 3674 1204 3746 alibi
1230 3695 1299 3747 non
1329 3674 1487 3766 auderet,
1515 3676 1605 3748 siout

202 3798 342 3890 dicitur,
360 3800 396 3871 in
409 3799 499 3872 Urbe
514 3799 735 3894 presumpsit,
753 3808 788 3871 et
800 3821 980 3872 romanum
996 3799 1247 3895 imperatorem,
1264 3799 1443 3872 authorem
1458 3800 1558 3872 Urbis
1571 3810 1606 3872 et

200 3924 452 3996 benefactorem
467 3923 587 4019 populi
601 3925 848 4012 Romanorum,
866 3923 950 4017 ipsis
968 3944 1037 3996 non
1056 3923 1309 4014 resistentibus,
1329 3924 1434 4020 impie
1448 3923 1605 4020 blaspbe-

201 4045 312 4118 mavit
336 4073 346 4116 :
373 4053 413 4117 ut
439 4043 687 4118 beneficiorum
717 4055 910 4119 nostrorum
937 4054 1007 4118 tam
1035 4065 1191 4141 proceres
1219 4068 1325 4140 quam
1352 4045 1518 4142 populum
1544 4069 1606 4120 ro·

200 4189 365 4262 munuum
387 4171 516 4265 quibus
534 4171 727 4266 specialiter
748 4182 783 4243 et
809 4169 1034 4243 communiter
1056 4169 1253 4244 studuimus
1278 4171 1412 4243 liberali
1439 4181 1473 4244 et
1501 4193 1606 4268 spon-

201 4303 302 4366 tanea
318 4285 550 4368 munificentia
567 4293 761 4390 providere,
779 4304 814 4366 et
826 4309 945 4366 eorum
958 4292 1167 4366 intendimus
1188 4293 1396 4367 continuatis
1412 4295 1606 4389 augmentis

201 4415 385 4490 commoda
396 4417 611 4512 promovere,
627 4426 719 4489 recte
735 4423 896 4488 notemus
912 4417 1128 4490 immemores
1142 4417 1299 4490 extitisse
1310 4439 1353 4489 ac
1371 4418 1470 4490 inerti
1485 4437 1606 4492 somno

246 4583 288 4664 (a)
307 4583 355 4646 Itu
366 4587 546 4648 correximus
565 4604 604 4648 ex
621 4587 720 4648 oodlce
740 4588 844 4662 optimi
862 4588 920 4646 virt
942 4585 1064 4659 Settlmt,
1078 4587 1202 4649 Fltultae
1223 4590 1377 4666 principis,
1396 4589 1477 4666 apud
1491 4591 1606 4652 Panor-

201 4704 298 4752 mum.
312 4689 371 4767 Ap.
386 4691 473 4752 blatt.
487 4690 580 4751 Parls.
597 4691 704 4768 legitur
716 4707 795 4750 noua
808 4688 978 4764 indictione,
993 4693 1080 4752 mule.
1511 4697 1514 4704 '

1661 1562 1769 1617 Tantali,

1654 1618 1682 1658 20
1693 1617 1777 1671 uprlltn.
