4224 5898
231 586 326 648 lunser.
346 585 406 669 12]
679 588 874 649 HISTORIA
898 589 1190 652 strnounvlca
1579 587 1639 650 29¹1

231 722 422 812 exercitus,
436 743 508 816 quo
533 731 658 794 terram
679 722 814 795 facilius
837 723 1047 813 obtinerent,
1068 745 1132 796 nos
1156 731 1274 818 captos
1298 723 1334 792 in
1357 721 1444 794 Siria
1461 721 1639 794 manifeste

227 850 402 941 jurabant.
421 850 657 924 Redeuntibus
673 859 788 922 umen
805 850 907 923 nobis
921 850 966 924 de
978 851 1133 946 partibus
1151 849 1405 938 transmarinis,
1424 859 1459 920 et
1476 847 1638 940 injuriam

231 980 382 1044 nostram
414 973 697 1069 propulsantibus
723 974 852 1061 solum,
884 996 948 1046 nee
971 975 1073 1066 juxta
1099 971 1321 1066 magnificum
1347 993 1476 1042 morem
1503 971 1637 1064 imperii

231 1095 498 1190 procedentibus
515 1095 561 1169 ad
580 1095 786 1183 vindictam,
804 1117 868 1192 per
883 1095 1067 1170 concordie
1084 1095 1207 1169 modos
1222 1096 1365 1168 verbum
1379 1093 1474 1190 pacis
1492 1094 1639 1166 libenter

231 1217 435 1292 adnuisimns
463 1245 472 1290 ε
502 1239 621 1292 veram
646 1233 790 1292 matrem
816 1229 965 1292 nostram
989 1220 1177 1292 Ecclesiam
1203 1241 1250 1293 ex
1273 1219 1446 1312 agnitione
1470 1217 1638 1290 catholice

230 1339 312 1414 tidei
330 1342 498 1437 reperisse
525 1343 785 1436 cognoscimus3
807 1343 870 1416 sed
887 1357 1017 1437 patrem
1040 1364 1174 1438 semper
1199 1341 1395 1416 invenimus
1414 1341 1635 1428 simulatum,

231 1462 317 1536 dum
329 1475 364 1537 et
380 1466 664 1540 reconciliationis
682 1467 753 1555 die,
771 1467 865 1538 viam
882 1475 996 1538 nostre
1013 1465 1224 1538 contusionis
1242 1465 1456 1558 excogitans,
1475 1463 1521 1535 de
1539 1462 1638 1534 nobis

229 1587 457 1660 redeuntibus
471 1589 507 1659 in
525 1589 676 1680 ltaliam,
695 1589 761 1660 sub
778 1591 899 1660 inermi
918 1599 952 1662 et
970 1590 1157 1662 domestica
1180 1587 1358 1678 comitiva,
1380 1587 1479 1658 nobis
1500 1587 1638 1657 instan-

229 1709 360 1782 tissime
390 1712 559 1805 persuasit
587 1713 833 1784 :occasionem
862 1711 996 1804 fingens
1027 1734 1071 1784 ue
1102 1712 1197 1782 velut
1228 1731 1275 1782 ex
1309 1710 1413 1804 priori
1445 1717 1480 1780 et
1507 1717 1638 1781 armato

229 1854 393 1928 processu
410 1835 543 1906 timoris
567 1856 725 1907 caussam
752 1837 876 1907 nostris
898 1835 1058 1907 fidelibus
1082 1843 1312 1928 prestaremus
1334 1857 1341 1902 :
1364 1853 1520 1904 asserens
1542 1831 1636 1926 quod
1691 1927 1693 1932 Ι

229 1957 330 2028 nobis
354 1958 469 2030 omnia
495 1958 694 2052 planissima
721 1959 887 2046 iaciebat,
916 1961 1015 2050 cujus
1041 1957 1249 2029 contrarium
1273 1977 1334 2052 par
1361 1956 1507 2026 nuncios
1525 1965 1559 2027 et
1583 1957 1639 2028 lit-

229 2090 319 2152 teras
340 2101 422 2154 suas
444 2083 720 2154 manifestissime
745 2091 960 2175 procurarat3
991 2089 1093 2175 prout
1115 2088 1248 2152 constat
1271 2079 1464 2151 testimonio
1487 2079 1638 2173 plurium

228 2211 422 2276 nostrorum
448 2202 620 2294 fidelium,
646 2205 706 2296 qui
730 2213 813 2274 tunc
832 2205 995 2298 temporis
1015 2213 1112 2276 erant
1133 2204 1288 2276 omnium
1307 2203 1457 2291 conscii,
1479 2201 1575 2272 velut
1592 2223 1638 2273 ex

228 2326 281 2396 eis
316 2325 458 2420 qnidam
490 2327 675 2421 participes
704 2337 739 2398 et
770 2327 829 2398 alii
860 2326 1031 2420 principes
1065 2327 1233 2398 factionis.
1267 2327 1407 2418 Propter
1439 2324 1535 2417 quod
1569 2323 1638 2397 lilio

227 2459 263 2521 et
291 2450 505 2544 principibus
536 2453 661 2523 nostris
687 2450 733 2523 de
759 2449 939 2523 Germania
966 2451 1127 2524 omnibus
1156 2449 1202 2521 ad
1234 2470 1298 2520 nos
1323 2449 1542 2520 venientibus
1576 2471 1639 2542 per

228 2571 374 2644 rebelles
405 2583 538 2645 nostros
570 2575 750 2646 itineribus
783 2575 929 2667 publicis
960 2574 1169 2670 prepeditis,
1200 2594 1241 2646 ac
1270 2572 1392 2644 eodem
1425 2571 1496 2644 lilio
1520 2582 1636 2646 nostro

227 2697 323 2790 apud
350 2696 543 2790 Aquileiam
566 2698 683 2769 navali
704 2698 852 2791 presidio
877 2720 956 2769 cum
979 2719 1115 2769 summu
1136 2696 1338 2768 difficultate
1362 2705 1518 2789 recepto,
1541 2705 1576 2766 et
1601 2697 1637 2766 in

228 2817 454 2892 Theutoniam
472 2820 601 2892 abinde
623 2821 813 2910 destinato,
832 2821 868 2890 in
893 2843 1036 2913 regnum
1062 2819 1107 2892 de
1127 2819 1330 2891 necessitate
1353 2817 1562 2905 redivimus,
1583 2828 1638 2890 ut·

226 2951 306 3035 pole
323 2963 411 3034 qnos
436 2940 483 3014 ad
509 2943 753 3015 conterendam
776 2944 955 3014 rebellium
969 2952 1160 3014 nostrorum
1188 2942 1377 3034 nequitiem
1399 2943 1504 3034 patris
1525 2941 1637 3012 consi-

227 3066 313 3136 lium
340 3065 396 3136 vel
420 3065 544 3136 astutia
570 3066 686 3159 potius
711 3065 847 3138 miserat
874 3066 1071 3160 imparatos.
1090 3065 1156 3136 Ubi
1182 3063 1438 3157 quodammodo
1461 3062 1638 3157 respiran-

226 3189 322 3260 tibus
347 3189 448 3260 nobis
470 3199 505 3259 et
529 3188 786 3282 capessentibus
804 3189 958 3282 requiem
984 3199 1062 3283 post
1083 3188 1237 3275 labores,
1254 3196 1338 3259 tunc
1354 3187 1467 3259 subito
1491 3187 1636 3258 sanctis·

226 3315 335 3386 simus
357 3323 454 3406 pater
481 3323 613 3403 noster,
643 3322 759 3385 nostre
787 3313 916 3406 quietis
941 3313 1102 3400 invidus,
1129 3311 1332 3384 consultoris
1358 3311 1425 3382 sihi
1455 3332 1636 3406 personam

227 3437 439 3532 adsumpsit,
456 3436 699 3508 instantissime
716 3437 929 3529 persuadens
948 3447 985 3507 ut
999 3444 1116 3508 contra
1129 3437 1298 3507 Romanos
1310 3436 1513 3507 excellentie
1522 3444 1637 3507 nostre

229 3561 375 3634 devotos
392 3570 426 3632 et
440 3561 524 3632 alies
542 3559 688 3632 rebelles
710 3567 846 3630 nostros
862 3559 907 3632 de
926 3559 1090 3648 Thuscin,
1108 3559 1169 3652 qni
1184 3559 1262 3650 jura
1278 3558 1431 3630 Ecclesia
1451 3565 1486 3628 et
1501 3558 1634 3650 imperii

164 3666 167 3680 ’
228 3682 444 3772 detinebant,
475 3683 737 3776 procederemus
762 3681 945 3771 audacter,
967 3681 1012 3753 de
1039 3703 1102 3754 suo
1121 3683 1240 3753 favore
1258 3680 1386 3770 securi,
1407 3681 1491 3773 quia
1511 3681 1636 3754 nobis-

228 3827 307 3878 cnm
328 3815 444 3878 nostra
461 3815 495 3878 et
510 3806 642 3898 imperii
658 3805 811 3899 pondera
824 3805 1028 3900 participare
1041 3805 1188 3876 volebat.
1206 3805 1249 3875 Et
1269 3805 1320 3875 sic
1337 3803 1382 3875 ad
1400 3805 1543 3875 multam
1560 3807 1636 3897 ejus

227 3929 424 4001 instantiam
440 3929 628 4016 Romanos,
650 3929 711 4020 qni
726 3938 808 4000 tunc
824 3929 986 4022 temporis
1000 3928 1189 4000 Viterbium
1204 3926 1465 4021 impugnabunt,
1484 3928 1520 3998 in
1537 3929 1635 4000 lavo·

226 4071 298 4123 rem
320 4050 473 4122 Ecclesia
495 4071 559 4122 nos
584 4051 734 4144 oportuit
758 4051 937 4140 diffidere,
963 4051 1085 4124 eodem
1111 4051 1265 4122 mittente
1281 4051 1408 4122 litteras
1429 4053 1571 4123 latenter
1588 4049 1633 4124 ad

226 4174 374 4260 llrbem,
394 4173 489 4266 quod
510 4173 573 4245 bec
591 4183 702 4267 preter
728 4196 826 4245 suam
845 4175 1087 4246 conscientiam
1106 4185 1141 4246 et
1163 4173 1364 4246 mandalum
1387 4176 1579 4247 laceremus
1596 4175 1633 4244 in

227 4294 348 4368 odium
369 4296 611 4368 Romanorum.
641 4297 784 4368 Etcum
811 4298 947 4368 iuterim
973 4297 1124 4389 quadam
1146 4297 1315 4370 seditione
1336 4296 1494 4386 suborta,
1523 4318 1633 4391 oper-

228 4419 348 4490 tnisset
372 4439 436 4490 nos
457 4421 650 4491 necessario
678 4421 830 4492 conferre
855 4421 1064 4508 Messanam,
1085 4429 1124 4490 ut
1146 4419 1301 4491 factionis
1320 4418 1476 4490 inchoate
1504 4420 1633 4513 princi·

228 4540 294 4634 piis
321 4537 562 4614 obstaremus:
584 4543 649 4612 ista
672 4543 886 4614 solummodo
902 4544 1081 4614 occasione
1101 4551 1255 4636 pretenta
1279 4541 1374 4633 quod
1395 4551 1464 4612 tam
1482 4542 1630 4614 nobilem

228 4669 378 4733 nostram
405 4662 519 4734 Sicilie
543 4663 691 4734 insulam
709 4664 882 4736 noluimus
901 4664 1073 4756 amittere,
1094 4664 1195 4735 nobis
1215 4661 1416 4756 irrequisitis
1440 4670 1475 4733 et
1491 4665 1631 4738 omnino

305 4781 341 4844 V.
1453 4793 1491 4845 88
