4350 5922
236 609 333 669 lrnrcn.
354 604 413 688 lo]
690 607 889 669 HISTORIA
915 604 1209 668 birbomtlllca.
1617 601 1655 662 61

236 741 395 832 dilatata,
423 763 492 814 non
512 741 691 814 modicum
720 743 821 814 nobis
844 743 1017 838 proiectus
1050 737 1284 834 multipliciter
1300 735 1526 831 promittatur,
1551 737 1657 808 Alsa-

237 867 320 938 tinm
341 874 475 954 amen,
503 887 524 937 a
551 865 630 938 vioe
653 865 853 938 hereditatis
879 877 993 938 nostre
1023 863 1218 936 funiculum
1240 883 1345 956 quem
1371 861 1458 932 inter
1485 860 1551 931 alia
1577 860 1657 952 jura

236 996 352 1060 nostra
385 986 637 1082 patrimonialia
672 988 839 1060 cariorem
877 988 1071 1078 habemus,
1106 985 1261 1058 volentes
1300 983 1397 1078 prius
1437 982 1658 1054 exhibicione

237 1109 409 1206 presentie
432 1131 493 1203 pre
517 1110 639 1182 ceteris
661 1111 853 1184 Thcutonie
879 1111 1067 1206 provinciis
1091 1109 1276 1198 honorare,
1302 1119 1340 1178 ut
1365 1108 1498 1180 labores
1526 1128 1567 1178 ac
1592 1128 1656 1178 au-

235 1233 369 1326 gustias
388 1231 543 1305 fidelium
570 1243 763 1306 nostrornm
786 1235 821 1306 in
847 1233 922 1330 ipsa
941 1233 1142 1328 degentium
1169 1253 1231 1326 per
1257 1231 1408 1326 potentie
1431 1239 1547 1302 nostre
1569 1251 1655 1324 pre-

236 1356 386 1428 sentiam
414 1356 628 1446 relevemus,
655 1357 830 1452 expeditis
858 1381 921 1454 pro
948 1368 1030 1430 voto
1063 1355 1216 1450 negociis
1244 1355 1357 1446 italie,
1391 1375 1513 1427 versus
1539 1365 1654 1448 partes

236 1480 331 1575 ipsas
345 1481 423 1554 sine
438 1482 669 1576 protractione
691 1503 786 1556 more
807 1483 1004 1575 cujuslibet,
1029 1504 1109 1554 cum
1135 1481 1353 1576 processibus
1376 1479 1499 1551 nostris
1520 1479 1654 1550 nullum

236 1603 363 1677 amodo
386 1606 538 1701 supersit
557 1606 794 1696 obstaculum,
816 1607 1066 1702 procedemus..
1078 1607 1149 1678 llos
1168 1606 1273 1696 igitur
1291 1604 1352 1698 qui
1379 1602 1514 1676 dudum
1533 1601 1579 1675 ad
1600 1603 1654 1676 le·

236 1728 339 1800 licem
359 1727 551 1802 adventum
579 1739 735 1802 nostrum
759 1729 941 1804 desideriis
962 1729 1220 1826 precordialiter
1240 1728 1432 1823 aspirastis,
1457 1727 1493 1799 in
1519 1727 1652 1800 victua·

238 1852 331 1924 libus
359 1852 506 1946 aliisque
532 1854 638 1926 rebus
665 1854 867 1928 necessariis
894 1855 994 1926 nobis
1020 1865 1055 1928 et
1080 1853 1248 1927 exercitui
1274 1862 1390 1926 nostro
1415 1851 1550 1947 possitis
1576 1848 1591 1948 (
1614 1849 1652 1947 ‘)

235 1975 503 2049 habundancius
522 1978 727 2052 ministrare.

462 2237 1087 2248 ῌ--ι--ι-α-ε-οιαα---ι-
1101 2240 1332 2249 -n--un---u—
1363 2241 1421 2248 ..ι--

288 2438 417 2521 Mense
463 2437 593 2546 aprilis
634 2437 818 2547 magister
854 2439 993 2520 domus
1039 2437 1358 2520 Thcutoniuorum
1398 2449 1437 2520 et
1469 2439 1651 2550 magister

236 2569 369 2652 Petrus
387 2571 436 2653 de
451 2570 572 2653 Vinea
590 2571 698 2652 missi
718 2569 767 2653 ab
786 2570 1013 2678 imperatore
1040 2570 1090 2652 ad
1113 2595 1252 2678 papam
1271 2569 1427 2654 veniunt
1453 2597 1523 2678 pro
1550 2570 1650 2656 lecto

234 2701 485 2785 lombardiae
490 2763 718 2785 .......
748 2704 874 2786 Mense
905 2701 1023 2786 madii
1050 2703 1233 2812 magister
1261 2704 1400 2785 domus
1431 2703 1461 2784 T
1462 2703 1647 2786 heutoni-

233 2859 367 2918 corum
392 2861 416 2916 a
442 2861 543 2944 papa
568 2837 619 2918 ad
642 2836 909 2944 imperatorem
934 2836 1149 2918 revertitur.
1171 2835 1380 2945 Episcopus
1403 2835 1587 2922 Ostiensis
1611 2849 1648 2920 et

234 2968 401 3052 Thomas
419 2968 624 3077 Capuanus
638 2969 739 3052 tituli
755 2970 915 3052 Sanctae
926 2969 1089 3051 Sabinae
1106 2969 1302 3079 presbyter
1314 2969 1517 3052 cardinalis
1534 2970 1647 3078 legati

234 3101 284 3182 ad
314 3101 583 3210 imperatorem
616 3103 763 3186 vadunt
788 3127 835 3185 ex
857 3112 965 3211 parte
1000 3129 1134 3212 papae.
1160 3102 1261 3184 limo.
1292 3131 1337 3184 ns
1366 3103 1406 3184 S.
1434 3104 1553 3186 Genu.
1582 3129 1645 3212 ap.

233 3233 440 3342 Musarum,
462 3235 667 3346 scriptor„
690 3246 720 3318 t.
742 3235 825 3343 vll,
847 3261 886 3344 p.
910 3237 1027 3318 1057.

1556 3399 1680 3551 sss!

286 3690 804 3798 Fridericus,1lomanorum
832 3695 1052 3806 imperator,
1084 3699 1134 3779 ad
1162 3699 1475 3808 supplicationem
1503 3705 1647 3787 minis·
1708 3683 1818 3792 ridi-h,

467 3501 1413 3512 -ῌ-ῌ--ᾜ--ᾙ

233 3824 422 3908 terialium
440 3837 478 3907 et
495 3827 870 3935 comprovincialium
900 3829 1066 3940 Styriae,
1094 3857 1227 3914 corum
1254 3833 1436 3916 ducatum
1455 3862 1532 3918 non
1559 3839 1648 3920 duci
1723 3792 1803 3845 ‘mm'

233 3954 410 4039 Aushiae
427 3958 494 4066 qui
518 3983 588 4068 pro
614 3969 784 4069 tempore
809 3961 941 4068 luerit,
963 3964 1029 4044 sed
1052 3963 1166 4046 alicui
1189 3965 1342 4074 speciali
1365 3967 1525 4078 principi
1547 3995 1647 4079 por·

231 4087 434 4197 rigendum
470 4091 680 4200 promittit,
720 4093 949 4202 approbatas
989 4121 1122 4178 eorum
1164 4099 1456 4182 consuetudines
1493 4113 1530 4183 et
1558 4102 1648 4211 jura

232 4232 421 4328 recenset,
449 4235 607 4309 renovat
639 4236 678 4308 et
718 4225 937 4334 confirmat,
977 4227 1129 4338 aliaque
1164 4231 1213 4312 de
1245 4257 1315 4314 sua
1345 4235 1497 4342 speciali
1524 4236 1649 4344 gratia

231 4353 417 4436 concedit.

313 4511 446 4592 (Fdldar.
468 4517 585 4593 Lunna,
600 4516 809 4596 ammoto,
829 4527 852 4580 t.
869 4522 942 4596 Vll,
966 4539 998 4600 p.
1017 4531 1082 4584 tlt.
1095 4555 1136 4568 -
1149 4475 1297 4598 Roussnr,
1318 4525 1424 4607 Suppl.
1440 4546 1481 4588 au
1496 4545 1578 4608 corps
1596 4527 1649 4588 di-

315 4709 318 4714 ·
347 4616 453 4699 plum„
473 4639 544 4700 pars
555 4625 594 4700 1¹,
616 4643 647 4704 p.
670 4635 720 4688 9².
735 4657 774 4675 -
796 4629 994 4708 smmum,
1014 4627 1234 4712 abhandlunp„
1250 4639 1271 4693 t.
1287 4633 1348 4709 Ill,
1364 4651 1394 4712 p.
1412 4644 1461 4708 28,
1476 4651 1536 4695 non
1550 4643 1649 4698 mmcd

350 4726 488 4808 nepe.)
