4228 5892
200 595 300 656 lamec.
320 593 384 672 le]
657 594 853 660 HISTORIA
878 593 1171 658 ntrtottrtrtct.
1200 645 1203 654 Δ
1557 595 1618 658 415

250 731 299 800 lle
311 727 468 802 mandute
485 729 658 824 imperiali
671 732 759 823 sueto
772 756 839 828 per
851 733 1002 826 judicem
1015 735 1154 804 Petrum
1167 728 1207 800 dc
1225 729 1325 802 Viaco
1343 730 1491 823 scripsit.
1522 787 1531 802 .
1564 786 1573 804 .
1605 786 1615 806 .

249 974 465 1066 Fredericue,
481 985 564 1066 etc,
580 977 746 1052 Silvestre
760 979 806 1054 de
820 981 947 1054 Sancto
961 979 1067 1054 Paulo
1081 979 1126 1054 de
1140 976 1375 1052 Suessatium
1389 997 1494 1072 super
1509 979 1617 1078 recol-

200 1096 352 1192 ligendis
374 1099 544 1173 universis
563 1099 690 1174 debitis
711 1103 863 1176 collectis
883 1101 1060 1176 assiduam
1085 1100 1354 1174 sollicitudinem
1376 1097 1535 1172 adhiberi
1551 1098 1615 1196 (a),

200 1220 420 1317 providimus
441 1222 575 1318 aliquos
594 1224 640 1301 de
658 1224 784 1298 nostris
799 1225 1006 1300 officialibus
1027 1247 1089 1321 per
1114 1224 1295 1296 universas
1318 1230 1431 1318 partes
1454 1223 1551 1317 regni
1568 1223 1614 1320 (b)

200 1353 352 1420 statuere
365 1345 527 1420 sollicitos
549 1355 585 1420 et
601 1345 721 1423 fideles
736 1349 797 1444 qni
817 1349 1011 1444 specialiter
1026 1347 1140 1423 eidem
1164 1346 1278 1421 officio
1302 1345 1457 1440 deputati
1480 1367 1617 1419 omnem

201 1469 385 1564 pecuniam
401 1469 502 1543 nobis
518 1468 670 1546 debitam
683 1495 705 1546 a
720 1473 933 1568 quibuslibet
947 1472 1163 1547 debitoribus
1180 1471 1379 1565 recolligant
1392 1470 1613 1545 incessanter.

201 1591 316 1677 Quare
341 1591 387 1665 de
417 1601 477 1666 tua
503 1593 685 1690 prudentia
712 1605 748 1670 et
776 1596 941 1670 fidelitate
971 1594 1113 1687 confisi,
1142 1603 1176 1667 te
1203 1615 1266 1689 per
1293 1594 1476 1666 universas
1504 1604 1618 1690 partes

199 1713 338 1810 Aprutii
353 1717 606 1792 recollectorem
625 1720 877 1815 cujuscumque
892 1720 1039 1815 pecunie
1055 1740 1125 1814 que
1142 1727 1211 1790 tam
1227 1739 1274 1790 ex
1287 1718 1436 1791 collectis
1449 1727 1484 1790 et
1497 1719 1618 1792 colleo-

200 1846 315 1912 tarum
331 1840 473 1914 residuo
488 1851 549 1914 aut
565 1863 628 1938 pro
645 1843 792 1937 alicujus
808 1867 899 1941 pena
916 1843 1071 1916 criminis
1091 1843 1149 1916 vel
1165 1842 1280 1916 delicti
1303 1841 1378 1914 sive
1399 1863 1447 1914 ex
1464 1843 1618 1936 promis-
1741 1845 1745 1852 “

199 1963 359 2036 sionibus
381 1966 479 2038 lactis
503 1969 560 2040 vel
588 1967 756 2042 iaciendis
786 1968 1001 2065 quibuslibet
1026 1967 1226 2040 officialium
1251 1975 1444 2040 nostrorum
1465 1966 1617 2061 ipsarum

200 2089 350 2183 partium
365 2089 443 2164 vice
460 2099 593 2184 nostra,
617 2115 678 2187 pro
694 2092 901 2167 diffinitione
914 2113 1116 2183 causarum,
1131 2113 1237 2186 quam
1254 2067 1357 2164 etiam
1374 2111 1421 2162 ex
1435 2090 1617 2182 anuslibet

199 2211 304 2284 officii
321 2215 546 2307 proventibus
561 2218 618 2290 vel
634 2239 681 2290 ex
699 2239 922 2315 quacumque
942 2238 1047 2292 causa
1065 2215 1162 2288 curie
1183 2223 1299 2288 nostre
1317 2213 1465 2288 debetur
1483 2215 1538 2288 vel
1555 2213 1617 2288 de·

197 2335 274 2409 beri
288 2336 507 2430 contingerit,
527 2341 745 2434 providimus
760 2340 1002 2425 statuendum
1020 2340 1176 2415 volentes
1192 2347 1227 2412 et
1242 2337 1353 2412 taliter
1365 2336 1565 2410 ordinantes
1577 2347 1617 2410 ut

197 2459 294 2532 nulla
309 2461 450 2535 omnino
467 2464 619 2556 pecunia
633 2464 681 2538 ad
693 2465 845 2560 aliquem
864 2465 1019 2560 ipsorum
1032 2461 1230 2536 officialium
1248 2461 1304 2534 vel
1323 2461 1430 2534 alium
1446 2461 1522 2534 loco
1540 2463 1615 2554 ejus

197 2581 325 2656 debeat
345 2585 544 2680 pervenire,
563 2587 628 2660 sed
651 2588 797 2682 singulis
815 2587 973 2662 kalendis
990 2586 1137 2682 quilibet
1156 2605 1277 2658 eorum
1297 2607 1359 2679 per
1382 2606 1463 2658 suas
1483 2585 1615 2658 licteras

196 2727 346 2800 quarum
361 2707 457 2802 apud
474 2729 513 2781 se
529 2710 689 2783 retinebit
705 2712 925 2805 exemplum,
948 2709 1071 2784 eodem
1088 2707 1152 2781 tibi
1167 2707 1234 2781 sub
1244 2717 1306 2778 tuo
1323 2706 1436 2801 sigillo
1454 2709 1611 2798 remisso,

196 2828 352 2903 studiose
362 2829 425 2904 tibi
439 2832 665 2926 quantitatem
677 2831 847 2928 significet
863 2832 1109 2928 colligendam,
1122 2840 1239 2928 aperte
1252 2830 1470 2925 distinguens
1484 2853 1530 2904 ex
1543 2854 1613 2926 qua

196 2973 304 3026 causa
318 2964 354 3026 et
370 2977 441 3050 quo
457 2956 605 3030 termino
621 2955 790 3031 debeatur
803 2967 838 3031 et
854 2957 1055 3054 exprimens
1068 2955 1230 3028 distincte
1243 2954 1383 3028 nomina
1396 2953 1609 3048 debitorum

194 3076 368 3171 significet
393 3103 634 3177 quoscumque
657 3103 721 3178 pro
749 3082 881 3158 eisdem
907 3081 1126 3173 fidejussores
1155 3087 1191 3152 et
1216 3099 1287 3172 quo
1315 3077 1435 3169 modo,
1466 3078 1611 3154 nichilo·

195 3201 313 3274 minus
328 3203 483 3297 quolibet
494 3227 598 3297 anno,
610 3203 900 3279 mensevidelicet
915 3205 1067 3299 angusti,
1084 3204 1189 3278 totius
1203 3201 1350 3298 pecunie
1359 3223 1531 3274 summam
1543 3225 1613 3298 que

194 3346 257 3419 per
279 3336 315 3399 te
344 3327 456 3400 inerat
481 3327 676 3422 colligenda
702 3328 870 3402 veraciter
900 3337 934 3402 et
959 3327 1118 3401 distincte
1148 3325 1222 3400 suis
1245 3325 1348 3398 nobis
1372 3325 1498 3398 lictoris
1526 3325 1612 3398 inti-

194 3448 344 3542 mando,
369 3459 403 3524 tc
428 3452 572 3525 formam
598 3453 771 3526 relationis
791 3452 949 3527 eamdem
975 3473 1037 3547 per
1058 3450 1176 3524 emnia
1197 3459 1392 3542 servaturo,
1416 3459 1451 3522 et
1472 3449 1501 3522 si
1525 3450 1612 3524 sorte

194 3571 321 3666 aliquis
343 3573 539 3647 debitorum
565 3575 601 3646 in
629 3574 892 3670 solvendoque
918 3574 1078 3648 debuerit
1100 3595 1139 3648 se
1163 3582 1400 3648 contumacem
1423 3571 1612 3646 ostenderit

195 3695 254 3767 vel
278 3697 480 3790 remissum,
510 3699 668 3794 requisiti
691 3720 753 3795 per
770 3707 805 3772 te
826 3698 990 3772 officiales
1012 3696 1059 3770 ad
1080 3697 1178 3770 illum
1197 3695 1393 3790 cogendum
1416 3717 1478 3790 per
1493 3717 1611 3792 perso·

196 3838 277 3891 nam
294 3828 329 3893 et
344 3842 398 3894 res
416 3844 499 3896 snas
518 3823 701 3896 efficaciter
723 3821 787 3894 tibi
809 3823 968 3895 assistere
985 3819 1136 3894 debeant
1157 3839 1239 3914 ope,
1257 3819 1400 3892 consilio
1416 3828 1451 3891 et
1471 3820 1606 3909 lavore,

195 3951 301 4035 prout
314 3953 353 4016 tn
372 3955 407 4019 et
423 3945 489 4041 ipsi
504 3947 628 4019 melius
645 3945 808 4022 videbitis
819 3944 998 4042 expedire.
1015 3946 1066 4018 Tu
1079 3965 1163 4020 vero
1176 3943 1290 4016 statim
1305 3942 1402 4038 qnod
1416 3963 1462 4016 ex
1474 3942 1610 4017 denun-

196 4063 343 4141 ciatione
353 4068 508 4164 ipsorum
521 4070 584 4142 tibi
595 4069 697 4142 luerit
709 4068 866 4144 debitum
880 4067 1404 4163 declaratum,instanteripsum
1414 4067 1606 4160 recolligas,

195 4189 326 4262 nemini
345 4190 523 4284 deterens,
543 4193 628 4264 nulli
647 4192 833 4265 terminum
857 4213 1044 4288 prorogans
1070 4191 1180 4287 gratia
1202 4191 1258 4264 vel
1282 4211 1418 4279 amore,
1437 4190 1609 4264 neminem

193 4311 298 4384 etiam
320 4315 471 4410 potentia
495 4317 553 4390 vel
578 4317 755 4390 nobilitate
777 4315 954 4408 verend03
982 4317 1198 4389 recollectam
1225 4323 1340 4388 autem
1366 4315 1546 4409 pecuniam
1572 4315 1608 4386 in

195 4446 307 4510 castro
330 4447 448 4512 nostro
475 4440 609 4512 ilotomi
636 4440 741 4512 iacias
766 4439 961 4514 conservari
987 4440 1023 4512 in
1050 4461 1121 4536 quo
1146 4438 1319 4512 scrineum
1349 4437 1608 4510 essevolumus

233 4595 274 4677 (a)
292 4595 357 4670 Slc;
371 4598 530 4677 legendum
543 4615 613 4660 vero
624 4595 801 4659 adhibemus.

235 4699 277 4782 (b)
299 4701 358 4782 Ap.
375 4702 498 4766 ducant
511 4702 642 4785 Apa-atii.
658 4705 704 4765 Ex
717 4704 817 4766 codiee
832 4702 871 4764 cl.
887 4702 944 4763 virt
956 4701 1064 4764 Tbom.
1079 4702 1223 4782 Pbilllpps
1236 4701 1438 4763 emendamus.
