<?xml version="1.0" encoding="UTF-8"?>
<!DOCTYPE html PUBLIC "-//W3C//DTD XHTML 1.0 Transitional//EN"
    "http://www.w3.org/TR/xhtml1/DTD/xhtml1-transitional.dtd">
<html xmlns="http://www.w3.org/1999/xhtml" xml:lang="en" lang="en">
 <head>
  <title>
</title>
<meta http-equiv="Content-Type" content="text/html;charset=utf-8" />
  <meta name='ocr-system' content='tesseract 3.04.00' />
  <meta name='ocr-capabilities' content='ocr_page ocr_carea ocr_par ocr_line ocrx_word'/>
</head>
<body>
  <div class='ocr_page' id='page_1' title='image "./historiadiploma02fredgoog_0590.png"; bbox 0 0 4246 5906; ppageno 0'>
   <div class='ocr_carea' id='block_1_1' title="bbox 226 537 1631 624">
    <p class='ocr_par' dir='ltr' id='par_1_1' title="bbox 226 537 1631 624">
     <span class='ocr_line' id='line_1_1' title="bbox 226 537 1631 624; baseline -0.007 -17"><span class='ocrx_word' id='word_1_1' title='bbox 226 548 406 624; x_wconf 82' lang='lat' dir='ltr'><strong>lnnrcr.13.]</strong></span> <span class='ocrx_word' id='word_1_2' title='bbox 671 539 867 602; x_wconf 81' lang='lat' dir='ltr'><strong>lllSTORlll</strong></span> <span class='ocrx_word' id='word_1_3' title='bbox 892 537 1185 605; x_wconf 78' lang='lat' dir='ltr'><strong>ntrnonurtcn.</strong></span> <span class='ocrx_word' id='word_1_4' title='bbox 1571 537 1631 598; x_wconf 81' lang='lat' dir='ltr'><strong>li&#39;l&#39;l</strong></span> 
     </span>
    </p>
   </div>
   <div class='ocr_carea' id='block_1_2' title="bbox 228 675 1667 1632">
    <p class='ocr_par' dir='ltr' id='par_1_2' title="bbox 228 675 1667 1507">
     <span class='ocr_line' id='line_1_2' title="bbox 229 675 1633 771; baseline -0.005 -15"><span class='ocrx_word' id='word_1_5' title='bbox 229 692 376 771; x_wconf 90' lang='lat' dir='ltr'><strong>catores,</strong></span> <span class='ocrx_word' id='word_1_6' title='bbox 396 689 432 755; x_wconf 89' lang='grc'><strong>66</strong></span> <span class='ocrx_word' id='word_1_7' title='bbox 448 681 523 753; x_wconf 89' lang='lat' dir='ltr'><strong>sine</strong></span> <span class='ocrx_word' id='word_1_8' title='bbox 545 675 673 750; x_wconf 89' lang='lat' dir='ltr'><strong>licteris</strong></span> <span class='ocrx_word' id='word_1_9' title='bbox 693 687 728 749; x_wconf 89' lang='lat' dir='ltr'><strong>et</strong></span> <span class='ocrx_word' id='word_1_10' title='bbox 752 677 984 771; x_wconf 77' lang='lat' dir='ltr'>exploratores</span> <span class='ocrx_word' id='word_1_11' title='bbox 1001 678 1177 767; x_wconf 87' lang='lat' dir='ltr'><strong>venerint,</strong></span> <span class='ocrx_word' id='word_1_12' title='bbox 1197 697 1257 749; x_wconf 87' lang='lat' dir='ltr'><strong>eos</strong></span> <span class='ocrx_word' id='word_1_13' title='bbox 1275 677 1410 770; x_wconf 89' lang='lat' dir='ltr'><strong>capias,</strong></span> <span class='ocrx_word' id='word_1_14' title='bbox 1435 685 1470 748; x_wconf 90' lang='grc'><strong>66</strong></span> <span class='ocrx_word' id='word_1_15' title='bbox 1491 675 1633 749; x_wconf 87' lang='lat' dir='ltr'><strong>nomina</strong></span> 
     </span>
     <span class='ocr_line' id='line_1_3' title="bbox 228 798 1667 893; baseline -0.001 -19"><span class='ocrx_word' id='word_1_16' title='bbox 228 805 329 876; x_wconf 90' lang='lat' dir='ltr'><strong>nobis</strong></span> <span class='ocrx_word' id='word_1_17' title='bbox 351 804 494 876; x_wconf 80' lang='lat' dir='ltr'>scribas.</span> <span class='ocrx_word' id='word_1_18' title='bbox 521 803 571 873; x_wconf 89' lang='lat' dir='ltr'><strong>De</strong></span> <span class='ocrx_word' id='word_1_19' title='bbox 593 801 667 873; x_wconf 91' lang='lat' dir='ltr'><strong>loco</strong></span> <span class='ocrx_word' id='word_1_20' title='bbox 691 799 753 893; x_wconf 92' lang='lat' dir='ltr'><strong>qui</strong></span> <span class='ocrx_word' id='word_1_21' title='bbox 777 798 871 892; x_wconf 88' lang='lat' dir='ltr'><strong>apud</strong></span> <span class='ocrx_word' id='word_1_22' title='bbox 887 799 1063 893; x_wconf 83' lang='lat' dir='ltr'><strong>Neapolim</strong></span> <span class='ocrx_word' id='word_1_23' title='bbox 1086 800 1247 872; x_wconf 86' lang='lat' dir='ltr'><strong>tursinam</strong></span> <span class='ocrx_word' id='word_1_24' title='bbox 1273 821 1349 872; x_wconf 88' lang='lat' dir='ltr'><strong>esse</strong></span> <span class='ocrx_word' id='word_1_25' title='bbox 1372 801 1574 891; x_wconf 90' lang='lat' dir='ltr'><strong>consuevit,</strong></span> <span class='ocrx_word' id='word_1_26' title='bbox 1598 809 1634 873; x_wconf 89' lang='grc'><strong>66</strong></span> <span class='ocrx_word' id='word_1_27' title='bbox 1663 833 1667 842; x_wconf 91' lang='grc'><strong><em>·</em></strong></span> 
     </span>
     <span class='ocr_line' id='line_1_4' title="bbox 230 922 1632 1019; baseline -0.001 -22"><span class='ocrx_word' id='word_1_28' title='bbox 230 949 297 1000; x_wconf 93' lang='lat' dir='ltr'><strong>non</strong></span> <span class='ocrx_word' id='word_1_29' title='bbox 317 926 384 998; x_wconf 91' lang='lat' dir='ltr'><strong>nisi</strong></span> <span class='ocrx_word' id='word_1_30' title='bbox 402 926 472 999; x_wconf 89' lang='lat' dir='ltr'><strong>due</strong></span> <span class='ocrx_word' id='word_1_31' title='bbox 488 925 586 1016; x_wconf 77' lang='lat' dir='ltr'><strong>galee</strong></span> <span class='ocrx_word' id='word_1_32' title='bbox 601 923 638 994; x_wconf 95' lang='lat' dir='ltr'><strong>in</strong></span> <span class='ocrx_word' id='word_1_33' title='bbox 656 943 699 994; x_wconf 91' lang='lat' dir='ltr'><strong>eo</strong></span> <span class='ocrx_word' id='word_1_34' title='bbox 710 930 852 1015; x_wconf 83' lang='lat' dir='ltr'>possent</span> <span class='ocrx_word' id='word_1_35' title='bbox 866 943 959 1010; x_wconf 83' lang='lat' dir='ltr'><strong>esse,</strong></span> <span class='ocrx_word' id='word_1_36' title='bbox 984 933 1022 994; x_wconf 88' lang='lat' dir='ltr'><strong>ut</strong></span> <span class='ocrx_word' id='word_1_37' title='bbox 1038 923 1171 1013; x_wconf 89' lang='lat' dir='ltr'><strong>scribis,</strong></span> <span class='ocrx_word' id='word_1_38' title='bbox 1196 923 1241 994; x_wconf 89' lang='lat' dir='ltr'><strong>de</strong></span> <span class='ocrx_word' id='word_1_39' title='bbox 1263 922 1329 995; x_wconf 92' lang='lat' dir='ltr'><strong>alio</strong></span> <span class='ocrx_word' id='word_1_40' title='bbox 1351 923 1426 995; x_wconf 94' lang='lat' dir='ltr'><strong>loco</strong></span> <span class='ocrx_word' id='word_1_41' title='bbox 1444 923 1547 996; x_wconf 87' lang='lat' dir='ltr'><strong>etiam</strong></span> <span class='ocrx_word' id='word_1_42' title='bbox 1568 945 1632 1019; x_wconf 86' lang='lat' dir='ltr'><strong>up-</strong></span> 
     </span>
     <span class='ocr_line' id='line_1_5' title="bbox 231 1044 1632 1142; baseline -0.001 -22"><span class='ocrx_word' id='word_1_43' title='bbox 231 1051 307 1120; x_wconf 89' lang='lat' dir='ltr'><strong>tiori</strong></span> <span class='ocrx_word' id='word_1_44' title='bbox 322 1069 393 1142; x_wconf 90' lang='lat' dir='ltr'><strong>quo</strong></span> <span class='ocrx_word' id='word_1_45' title='bbox 406 1048 568 1122; x_wconf 88' lang='lat' dir='ltr'><strong>videlicet</strong></span> <span class='ocrx_word' id='word_1_46' title='bbox 579 1044 710 1118; x_wconf 86' lang='lat' dir='ltr'>ibidem</span> <span class='ocrx_word' id='word_1_47' title='bbox 727 1045 791 1116; x_wconf 87' lang='lat' dir='ltr'><strong>luit</strong></span> <span class='ocrx_word' id='word_1_48' title='bbox 806 1045 905 1117; x_wconf 90' lang='lat' dir='ltr'><strong>navis</strong></span> <span class='ocrx_word' id='word_1_49' title='bbox 921 1047 1015 1117; x_wconf 90' lang='lat' dir='ltr'><strong>curie</strong></span> <span class='ocrx_word' id='word_1_50' title='bbox 1031 1055 1144 1118; x_wconf 88' lang='lat' dir='ltr'><strong>nostre</strong></span> <span class='ocrx_word' id='word_1_51' title='bbox 1160 1055 1354 1118; x_wconf 90' lang='lat' dir='ltr'><strong>constructa</strong></span> <span class='ocrx_word' id='word_1_52' title='bbox 1370 1055 1405 1118; x_wconf 90' lang='grc'><strong>66</strong></span> <span class='ocrx_word' id='word_1_53' title='bbox 1418 1047 1632 1140; x_wconf 79' lang='lat' dir='ltr'><strong>cogitabatur</strong></span> 
     </span>
     <span class='ocr_line' id='line_1_6' title="bbox 231 1165 1633 1260; baseline -0.001 -18"><span class='ocrx_word' id='word_1_54' title='bbox 231 1171 386 1244; x_wconf 82' lang='lat' dir='ltr'><strong>funditus</strong></span> <span class='ocrx_word' id='word_1_55' title='bbox 401 1171 488 1258; x_wconf 88' lang='lat' dir='ltr'><strong>fieri,</strong></span> <span class='ocrx_word' id='word_1_56' title='bbox 503 1179 538 1241; x_wconf 91' lang='grc'><strong>66</strong></span> <span class='ocrx_word' id='word_1_57' title='bbox 550 1168 611 1239; x_wconf 93' lang='lat' dir='ltr'><strong>ubi</strong></span> <span class='ocrx_word' id='word_1_58' title='bbox 628 1169 658 1239; x_wconf 88' lang='lat' dir='ltr'><strong>si</strong></span> <span class='ocrx_word' id='word_1_59' title='bbox 674 1167 802 1239; x_wconf 88' lang='lat' dir='ltr'><strong>tarsina</strong></span> <span class='ocrx_word' id='word_1_60' title='bbox 816 1165 926 1256; x_wconf 86' lang='lat' dir='ltr'><strong>lieret,</strong></span> <span class='ocrx_word' id='word_1_61' title='bbox 945 1189 1010 1238; x_wconf 82' lang='lat' dir='ltr'><strong>sex</strong></span> <span class='ocrx_word' id='word_1_62' title='bbox 1026 1170 1082 1239; x_wconf 90' lang='lat' dir='ltr'><strong>vel</strong></span> <span class='ocrx_word' id='word_1_63' title='bbox 1097 1177 1173 1240; x_wconf 92' lang='lat' dir='ltr'><strong>octo</strong></span> <span class='ocrx_word' id='word_1_64' title='bbox 1185 1169 1282 1260; x_wconf 81' lang='lat' dir='ltr'>galee</span> <span class='ocrx_word' id='word_1_65' title='bbox 1295 1177 1579 1240; x_wconf 78' lang='lat' dir='ltr'><strong>conservarentur</strong></span> <span class='ocrx_word' id='word_1_66' title='bbox 1596 1171 1633 1242; x_wconf 94' lang='lat' dir='ltr'><strong>in</strong></span> 
     </span>
     <span class='ocr_line' id='line_1_7' title="bbox 231 1287 1634 1389; baseline -0.003 -22"><span class='ocrx_word' id='word_1_67' title='bbox 231 1315 286 1385; x_wconf 91' lang='lat' dir='ltr'><strong>eo,</strong></span> <span class='ocrx_word' id='word_1_68' title='bbox 306 1296 417 1389; x_wconf 87' lang='lat' dir='ltr'><strong>placet</strong></span> <span class='ocrx_word' id='word_1_69' title='bbox 435 1293 534 1364; x_wconf 90' lang='lat' dir='ltr'><strong>nobis</strong></span> <span class='ocrx_word' id='word_1_70' title='bbox 554 1301 593 1362; x_wconf 93' lang='lat' dir='ltr'><strong>ut</strong></span> <span class='ocrx_word' id='word_1_71' title='bbox 612 1291 725 1362; x_wconf 87' lang='lat' dir='ltr'><strong>lacere</strong></span> <span class='ocrx_word' id='word_1_72' title='bbox 740 1287 880 1360; x_wconf 86' lang='lat' dir='ltr'><strong>studeas</strong></span> <span class='ocrx_word' id='word_1_73' title='bbox 902 1298 936 1359; x_wconf 87' lang='lat' dir='ltr'><strong>et</strong></span> <span class='ocrx_word' id='word_1_74' title='bbox 960 1287 1033 1360; x_wconf 90' lang='lat' dir='ltr'><strong>lieri</strong></span> <span class='ocrx_word' id='word_1_75' title='bbox 1053 1289 1159 1362; x_wconf 87' lang='lat' dir='ltr'><strong>iacias</strong></span> <span class='ocrx_word' id='word_1_76' title='bbox 1183 1289 1278 1382; x_wconf 90' lang='lat' dir='ltr'><strong>qnod</strong></span> <span class='ocrx_word' id='word_1_77' title='bbox 1299 1290 1412 1384; x_wconf 91' lang='lat' dir='ltr'><strong>potius</strong></span> <span class='ocrx_word' id='word_1_78' title='bbox 1432 1291 1498 1362; x_wconf 88' lang='lat' dir='ltr'><strong>erit</strong></span> <span class='ocrx_word' id='word_1_79' title='bbox 1521 1299 1634 1364; x_wconf 87' lang='lat' dir='ltr'><strong>nostre</strong></span> 
     </span>
     <span class='ocr_line' id='line_1_8' title="bbox 232 1409 1377 1507; baseline -0.006 -17"><span class='ocrx_word' id='word_1_80' title='bbox 232 1415 326 1490; x_wconf 90' lang='lat' dir='ltr'><strong>curie</strong></span> <span class='ocrx_word' id='word_1_81' title='bbox 342 1413 584 1507; x_wconf 83' lang='lat' dir='ltr'><strong>circurspectis</strong></span> <span class='ocrx_word' id='word_1_82' title='bbox 601 1411 763 1484; x_wconf 90' lang='lat' dir='ltr'><strong>omnibus</strong></span> <span class='ocrx_word' id='word_1_83' title='bbox 781 1412 1007 1494; x_wconf 80' lang='lat' dir='ltr'><strong>fructuosum,</strong></span> <span class='ocrx_word' id='word_1_84' title='bbox 1022 1410 1057 1479; x_wconf 93' lang='lat' dir='ltr'><strong>in</strong></span> <span class='ocrx_word' id='word_1_85' title='bbox 1074 1409 1138 1504; x_wconf 79' lang='lat' dir='ltr'><strong>hys</strong></span> <span class='ocrx_word' id='word_1_86' title='bbox 1152 1419 1185 1480; x_wconf 88' lang='lat' dir='ltr'><strong>et</strong></span> <span class='ocrx_word' id='word_1_87' title='bbox 1203 1409 1292 1500; x_wconf 87' lang='lat' dir='ltr'><strong>aliis,</strong></span> <span class='ocrx_word' id='word_1_88' title='bbox 1310 1422 1377 1483; x_wconf 90' lang='lat' dir='ltr'><strong>etc.</strong></span> 
     </span>
    </p>

    <p class='ocr_par' dir='ltr' id='par_1_3' title="bbox 281 1531 1354 1632">
     <span class='ocr_line' id='line_1_9' title="bbox 281 1531 1354 1632; baseline -0.007 -21"><span class='ocrx_word' id='word_1_89' title='bbox 281 1541 403 1611; x_wconf 84' lang='lat' dir='ltr'><strong>ilatum</strong></span> <span class='ocrx_word' id='word_1_90' title='bbox 418 1535 513 1632; x_wconf 88' lang='lat' dir='ltr'><strong>apud</strong></span> <span class='ocrx_word' id='word_1_91' title='bbox 530 1537 730 1626; x_wconf 82' lang='lat' dir='ltr'><strong>Samanum,</strong></span> <span class='ocrx_word' id='word_1_92' title='bbox 748 1533 810 1605; x_wconf 87' lang='lat' dir='ltr'><strong>XV</strong></span> <span class='ocrx_word' id='word_1_93' title='bbox 829 1533 1034 1623; x_wconf 89' lang='lat' dir='ltr'><strong>decembris,</strong></span> <span class='ocrx_word' id='word_1_94' title='bbox 1054 1533 1130 1604; x_wconf 86' lang='lat' dir='ltr'><strong>lllll</strong></span> <span class='ocrx_word' id='word_1_95' title='bbox 1145 1531 1354 1606; x_wconf 89' lang='lat' dir='ltr'><strong>indictionis.</strong></span> 
     </span>
    </p>
   </div>
   <div class='ocr_carea' id='block_1_3' title="bbox 439 1823 806 1838">
    <p class='ocr_par' dir='ltr' id='par_1_4' title="bbox 439 1823 806 1838">
     <span class='ocr_line' id='line_1_10' title="bbox 439 1823 806 1838; baseline -0.011 0"><span class='ocrx_word' id='word_1_96' title='bbox 439 1823 806 1838; x_wconf 66' lang='lat' dir='ltr'>-u———u-to-</span> 
     </span>
    </p>
   </div>
   <div class='ocr_carea' id='block_1_4' title="bbox 291 2067 1848 2177">
    <p class='ocr_par' dir='ltr' id='par_1_5' title="bbox 291 2067 1848 2177">
     <span class='ocr_line' id='line_1_11' title="bbox 291 2067 1848 2177; baseline -0.005 -27"><span class='ocrx_word' id='word_1_97' title='bbox 291 2067 462 2176; x_wconf 77' lang='lat' dir='ltr'><strong>Capitale</strong></span> <span class='ocrx_word' id='word_1_98' title='bbox 485 2069 711 2176; x_wconf 85' lang='lat' dir='ltr'><strong>pertinentia</strong></span> <span class='ocrx_word' id='word_1_99' title='bbox 741 2069 790 2150; x_wconf 92' lang='lat' dir='ltr'><strong>ad</strong></span> <span class='ocrx_word' id='word_1_100' title='bbox 813 2067 979 2150; x_wconf 89' lang='lat' dir='ltr'><strong>officinm</strong></span> <span class='ocrx_word' id='word_1_101' title='bbox 1007 2069 1265 2176; x_wconf 87' lang='lat' dir='ltr'><strong>arnmiratiac,</strong></span> <span class='ocrx_word' id='word_1_102' title='bbox 1291 2067 1356 2150; x_wconf 92' lang='lat' dir='ltr'><strong>ubi</strong></span> <span class='ocrx_word' id='word_1_103' title='bbox 1378 2067 1575 2177; x_wconf 85' lang='lat' dir='ltr'><strong>privilegia</strong></span> <span class='ocrx_word' id='word_1_104' title='bbox 1604 2076 1642 2150; x_wconf 88' lang='grc'><strong>66</strong></span> <span class='ocrx_word' id='word_1_105' title='bbox 1682 2097 1848 2114; x_wconf 93' lang='lat'><strong>········</strong></span> 
     </span>
    </p>
   </div>
   <div class='ocr_carea' id='block_1_5' title="bbox 232 2193 1642 2442">
    <p class='ocr_par' dir='ltr' id='par_1_6' title="bbox 232 2193 1642 2442">
     <span class='ocr_line' id='line_1_12' title="bbox 232 2193 1642 2309; baseline -0.001 -28"><span class='ocrx_word' id='word_1_106' title='bbox 232 2199 322 2307; x_wconf 87' lang='lat' dir='ltr'><strong>jura</strong></span> <span class='ocrx_word' id='word_1_107' title='bbox 343 2200 484 2308; x_wconf 89' lang='lat' dir='ltr'><strong>quibus</strong></span> <span class='ocrx_word' id='word_1_108' title='bbox 509 2199 686 2284; x_wconf 88' lang='lat' dir='ltr'><strong>Nicoleus</strong></span> <span class='ocrx_word' id='word_1_109' title='bbox 715 2193 874 2308; x_wconf 79' lang='lat' dir='ltr'><strong>Spinr&#39;rla</strong></span> <span class='ocrx_word' id='word_1_110' title='bbox 896 2201 1120 2283; x_wconf 90' lang='lat' dir='ltr'><strong>ammiratus</strong></span> <span class='ocrx_word' id='word_1_111' title='bbox 1145 2200 1253 2309; x_wconf 84' lang='lat' dir='ltr'><strong>regni</strong></span> <span class='ocrx_word' id='word_1_112' title='bbox 1271 2200 1327 2282; x_wconf 89' lang='lat' dir='ltr'><strong>uti</strong></span> <span class='ocrx_word' id='word_1_113' title='bbox 1352 2201 1486 2282; x_wconf 83' lang='lat' dir='ltr'><strong>debent</strong></span> <span class='ocrx_word' id='word_1_114' title='bbox 1506 2225 1642 2282; x_wconf 89' lang='lat' dir='ltr'><strong>recen-</strong></span> 
     </span>
     <span class='ocr_line' id='line_1_13' title="bbox 237 2329 461 2442; baseline 0 -30"><span class='ocrx_word' id='word_1_115' title='bbox 237 2341 367 2413; x_wconf 85' lang='lat' dir='ltr'><strong>sentur</strong></span> <span class='ocrx_word' id='word_1_116' title='bbox 387 2329 461 2442; x_wconf 88' lang='lat' dir='ltr'><strong>(l).</strong></span> 
     </span>
    </p>
   </div>
   <div class='ocr_carea' id='block_1_6' title="bbox 319 2527 1641 2716">
    <p class='ocr_par' dir='ltr' id='par_1_7' title="bbox 319 2527 1641 2716">
     <span class='ocr_line' id='line_1_14' title="bbox 319 2527 1639 2612; baseline 0.002 -23"><span class='ocrx_word' id='word_1_117' title='bbox 319 2527 421 2607; x_wconf 84' lang='lat' dir='ltr'><strong>(Edld.</strong></span> <span class='ocrx_word' id='word_1_118' title='bbox 437 2528 573 2591; x_wconf 78' lang='lat' dir='ltr'><strong>Currrnno</strong></span> <span class='ocrx_word' id='word_1_119' title='bbox 591 2531 718 2602; x_wconf 83' lang='lat' dir='ltr'><strong>Tonrnr,</strong></span> <span class='ocrx_word' id='word_1_120' title='bbox 738 2530 870 2590; x_wconf 74' lang='lat' dir='ltr'><strong>ntscom</strong></span> <span class='ocrx_word' id='word_1_121' title='bbox 888 2527 965 2612; x_wconf 70' lang='lat' dir='ltr'><strong>dccli</strong></span> <span class='ocrx_word' id='word_1_122' title='bbox 982 2529 1153 2592; x_wconf 79' lang='lat' dir='ltr'><strong>ammiranti</strong></span> <span class='ocrx_word' id='word_1_123' title='bbox 1174 2527 1222 2590; x_wconf 78' lang='lat' dir='ltr'><strong>del</strong></span> <span class='ocrx_word' id='word_1_124' title='bbox 1236 2547 1325 2611; x_wconf 78' lang='lat' dir='ltr'><strong>rcpuo</strong></span> <span class='ocrx_word' id='word_1_125' title='bbox 1337 2529 1369 2591; x_wconf 89' lang='lat' dir='ltr'><strong>di</strong></span> <span class='ocrx_word' id='word_1_126' title='bbox 1381 2527 1501 2610; x_wconf 83' lang='lat' dir='ltr'><strong>Napoli,</strong></span> <span class='ocrx_word' id='word_1_127' title='bbox 1521 2549 1551 2609; x_wconf 92' lang='lat' dir='ltr'><strong>p.</strong></span> <span class='ocrx_word' id='word_1_128' title='bbox 1568 2540 1639 2592; x_wconf 78' lang='lat' dir='ltr'><strong>4·ss</strong></span> 
     </span>
     <span class='ocr_line' id='line_1_15' title="bbox 358 2633 1641 2716; baseline 0.002 -20"><span class='ocrx_word' id='word_1_129' title='bbox 358 2633 469 2713; x_wconf 83' lang='lat' dir='ltr'><strong>(Romo</strong></span> <span class='ocrx_word' id='word_1_130' title='bbox 485 2635 590 2714; x_wconf 84' lang='grc'>6666).</span> <span class='ocrx_word' id='word_1_131' title='bbox 613 2635 816 2697; x_wconf 84' lang='lat' dir='ltr'><strong>Evidentlcreo</strong></span> <span class='ocrx_word' id='word_1_132' title='bbox 829 2637 952 2697; x_wconf 82' lang='lat' dir='ltr'><strong>mondus</strong></span> <span class='ocrx_word' id='word_1_133' title='bbox 969 2639 1101 2696; x_wconf 82' lang='lat' dir='ltr'><strong>maxima</strong></span> <span class='ocrx_word' id='word_1_134' title='bbox 1110 2653 1170 2714; x_wconf 86' lang='lat' dir='ltr'><strong>qna</strong></span> <span class='ocrx_word' id='word_1_135' title='bbox 1182 2639 1332 2713; x_wconf 82' lang='lat' dir='ltr'><strong>potulmus</strong></span> <span class='ocrx_word' id='word_1_136' title='bbox 1344 2653 1417 2698; x_wconf 85' lang='lat' dir='ltr'><strong>cura</strong></span> <span class='ocrx_word' id='word_1_137' title='bbox 1436 2636 1641 2716; x_wconf 83' lang='lat' dir='ltr'><strong>correximus.)</strong></span> 
     </span>
    </p>
   </div>
   <div class='ocr_carea' id='block_1_7' title="bbox 238 2805 1646 4006">
    <p class='ocr_par' dir='ltr' id='par_1_8' title="bbox 238 2805 1646 4006">
     <span class='ocr_line' id='line_1_16' title="bbox 285 2805 1644 2902; baseline 0.002 -24"><span class='ocrx_word' id='word_1_138' title='bbox 285 2805 492 2890; x_wconf 86' lang='lat' dir='ltr'><strong>Fridericus,</strong></span> <span class='ocrx_word' id='word_1_139' title='bbox 507 2807 736 2879; x_wconf 82' lang='lat' dir='ltr'><strong>Romanorum</strong></span> <span class='ocrx_word' id='word_1_140' title='bbox 751 2807 935 2902; x_wconf 89' lang='lat' dir='ltr'><strong>imperator</strong></span> <span class='ocrx_word' id='word_1_141' title='bbox 952 2817 987 2878; x_wconf 92' lang='lat' dir='ltr'><strong>et</strong></span> <span class='ocrx_word' id='word_1_142' title='bbox 998 2829 1063 2879; x_wconf 81' lang='lat' dir='ltr'><strong>rex</strong></span> <span class='ocrx_word' id='word_1_143' title='bbox 1077 2807 1204 2900; x_wconf 87' lang='lat' dir='ltr'><strong>Sicilie,</strong></span> <span class='ocrx_word' id='word_1_144' title='bbox 1217 2816 1282 2880; x_wconf 90' lang='lat' dir='ltr'><strong>etc.</strong></span> <span class='ocrx_word' id='word_1_145' title='bbox 1299 2809 1354 2881; x_wconf 87' lang='lat' dir='ltr'><strong>Ad</strong></span> <span class='ocrx_word' id='word_1_146' title='bbox 1368 2811 1518 2881; x_wconf 86' lang='lat' dir='ltr'><strong>maxime</strong></span> <span class='ocrx_word' id='word_1_147' title='bbox 1531 2809 1644 2882; x_wconf 84' lang='lat' dir='ltr'><strong>leudis</strong></span> 
     </span>
     <span class='ocr_line' id='line_1_17' title="bbox 238 2926 1643 3028; baseline 0.001 -26"><span class='ocrx_word' id='word_1_148' title='bbox 238 2941 273 3002; x_wconf 89' lang='lat' dir='ltr'><strong>et</strong></span> <span class='ocrx_word' id='word_1_149' title='bbox 287 2926 379 3002; x_wconf 90' lang='lat' dir='ltr'><strong>clare</strong></span> <span class='ocrx_word' id='word_1_150' title='bbox 393 2931 482 3002; x_wconf 85' lang='lat' dir='ltr'><strong>lame</strong></span> <span class='ocrx_word' id='word_1_151' title='bbox 496 2929 695 3024; x_wconf 84' lang='lat' dir='ltr'><strong>preconium</strong></span> <span class='ocrx_word' id='word_1_152' title='bbox 707 2928 961 3022; x_wconf 80' lang='lat' dir='ltr'><strong>magnificentia</strong></span> <span class='ocrx_word' id='word_1_153' title='bbox 975 2931 1099 3023; x_wconf 80' lang='lat' dir='ltr'><strong>regalis</strong></span> <span class='ocrx_word' id='word_1_154' title='bbox 1110 2931 1296 3017; x_wconf 84' lang='lat' dir='ltr'><strong>extollitur,</strong></span> <span class='ocrx_word' id='word_1_155' title='bbox 1310 2931 1394 3004; x_wconf 92' lang='lat' dir='ltr'><strong>dum</strong></span> <span class='ocrx_word' id='word_1_156' title='bbox 1406 2931 1579 3022; x_wconf 85' lang='lat' dir='ltr'><strong>subjectos</strong></span> <span class='ocrx_word' id='word_1_157' title='bbox 1593 2931 1643 3028; x_wconf 85' lang='lat' dir='ltr'><strong>(a)</strong></span> 
     </span>
     <span class='ocr_line' id='line_1_18' title="bbox 240 3049 1644 3150; baseline 0.001 -26"><span class='ocrx_word' id='word_1_158' title='bbox 240 3049 356 3150; x_wconf 89' lang='lat' dir='ltr'><strong>[quos]</strong></span> <span class='ocrx_word' id='word_1_159' title='bbox 374 3055 572 3145; x_wconf 88' lang='lat' dir='ltr'><strong>strenuitas,</strong></span> <span class='ocrx_word' id='word_1_160' title='bbox 599 3051 774 3126; x_wconf 86' lang='lat' dir='ltr'><strong>fidelitatis</strong></span> <span class='ocrx_word' id='word_1_161' title='bbox 792 3053 969 3148; x_wconf 81' lang='lat' dir='ltr'><strong>integritas</strong></span> <span class='ocrx_word' id='word_1_162' title='bbox 988 3063 1021 3126; x_wconf 91' lang='grc'><strong>66</strong></span> <span class='ocrx_word' id='word_1_163' title='bbox 1041 3055 1177 3148; x_wconf 79' lang='lat' dir='ltr'><strong>generis</strong></span> <span class='ocrx_word' id='word_1_164' title='bbox 1195 3054 1353 3126; x_wconf 89' lang='lat' dir='ltr'><strong>nobilitas</strong></span> <span class='ocrx_word' id='word_1_165' title='bbox 1369 3055 1591 3127; x_wconf 85' lang='lat' dir='ltr'><strong>corroborant</strong></span> <span class='ocrx_word' id='word_1_166' title='bbox 1610 3068 1644 3128; x_wconf 89' lang='grc'><strong>66</strong></span> 
     </span>
     <span class='ocr_line' id='line_1_19' title="bbox 239 3174 1644 3272; baseline 0.001 -23"><span class='ocrx_word' id='word_1_167' title='bbox 239 3175 422 3266; x_wconf 86' lang='lat' dir='ltr'><strong>decorant,</strong></span> <span class='ocrx_word' id='word_1_168' title='bbox 448 3175 638 3249; x_wconf 88' lang='lat' dir='ltr'><strong>honoribus</strong></span> <span class='ocrx_word' id='word_1_169' title='bbox 662 3185 697 3247; x_wconf 92' lang='grc'><strong>66</strong></span> <span class='ocrx_word' id='word_1_170' title='bbox 722 3174 888 3270; x_wconf 82' lang='lat' dir='ltr'><strong>dignitate</strong></span> <span class='ocrx_word' id='word_1_171' title='bbox 915 3177 1089 3250; x_wconf 87' lang='lat' dir='ltr'><strong>sublimat.</strong></span> <span class='ocrx_word' id='word_1_172' title='bbox 1115 3177 1337 3251; x_wconf 83' lang='lat' dir='ltr'><strong>Attendentes</strong></span> <span class='ocrx_word' id='word_1_173' title='bbox 1363 3178 1466 3272; x_wconf 80' lang='lat' dir='ltr'><strong>igitur</strong></span> <span class='ocrx_word' id='word_1_174' title='bbox 1492 3179 1644 3251; x_wconf 88' lang='lat' dir='ltr'><strong>strenui·</strong></span> 
     </span>
     <span class='ocr_line' id='line_1_20' title="bbox 239 3298 1643 3394; baseline 0.004 -24"><span class='ocrx_word' id='word_1_175' title='bbox 239 3309 343 3372; x_wconf 90' lang='lat' dir='ltr'><strong>tatem</strong></span> <span class='ocrx_word' id='word_1_176' title='bbox 366 3301 430 3372; x_wconf 91' lang='lat' dir='ltr'><strong>viri</strong></span> <span class='ocrx_word' id='word_1_177' title='bbox 456 3298 579 3372; x_wconf 90' lang='lat' dir='ltr'><strong>nobilis</strong></span> <span class='ocrx_word' id='word_1_178' title='bbox 601 3299 731 3371; x_wconf 90' lang='lat' dir='ltr'><strong>Nicolai</strong></span> <span class='ocrx_word' id='word_1_179' title='bbox 756 3299 898 3394; x_wconf 86' lang='lat' dir='ltr'><strong>Spinule</strong></span> <span class='ocrx_word' id='word_1_180' title='bbox 921 3301 1020 3394; x_wconf 81' lang='lat' dir='ltr'><strong>regni</strong></span> <span class='ocrx_word' id='word_1_181' title='bbox 1041 3301 1149 3372; x_wconf 90' lang='lat' dir='ltr'><strong>nostri</strong></span> <span class='ocrx_word' id='word_1_182' title='bbox 1175 3302 1291 3374; x_wconf 92' lang='lat' dir='ltr'><strong>Sicilie</strong></span> <span class='ocrx_word' id='word_1_183' title='bbox 1315 3303 1500 3391; x_wconf 87' lang='lat' dir='ltr'><strong>ammirati,</strong></span> <span class='ocrx_word' id='word_1_184' title='bbox 1527 3301 1643 3376; x_wconf 87' lang='lat' dir='ltr'><strong>dilecti</strong></span> 
     </span>
     <span class='ocr_line' id='line_1_21' title="bbox 240 3419 1645 3521; baseline 0.002 -27"><span class='ocrx_word' id='word_1_185' title='bbox 240 3421 422 3494; x_wconf 86' lang='lat' dir='ltr'><strong>consiliarii</strong></span> <span class='ocrx_word' id='word_1_186' title='bbox 440 3423 616 3494; x_wconf 84' lang='lat' dir='ltr'><strong>familiaris</strong></span> <span class='ocrx_word' id='word_1_187' title='bbox 633 3432 667 3494; x_wconf 93' lang='grc'><strong>66</strong></span> <span class='ocrx_word' id='word_1_188' title='bbox 686 3419 796 3492; x_wconf 90' lang='lat' dir='ltr'><strong>fidelis</strong></span> <span class='ocrx_word' id='word_1_189' title='bbox 812 3423 932 3512; x_wconf 90' lang='lat' dir='ltr'><strong>nostri,</strong></span> <span class='ocrx_word' id='word_1_190' title='bbox 955 3421 1151 3496; x_wconf 81' lang='lat' dir='ltr'><strong>devotionis</strong></span> <span class='ocrx_word' id='word_1_191' title='bbox 1169 3433 1204 3496; x_wconf 90' lang='lat' dir='ltr'><strong>et</strong></span> <span class='ocrx_word' id='word_1_192' title='bbox 1217 3423 1299 3496; x_wconf 85' lang='lat' dir='ltr'><strong>fidei</strong></span> <span class='ocrx_word' id='word_1_193' title='bbox 1317 3436 1413 3516; x_wconf 80' lang='lat' dir='ltr'><strong>grata</strong></span> <span class='ocrx_word' id='word_1_194' title='bbox 1429 3426 1568 3497; x_wconf 87' lang='lat' dir='ltr'><strong>servitia</strong></span> <span class='ocrx_word' id='word_1_195' title='bbox 1582 3447 1645 3521; x_wconf 89' lang='lat' dir='ltr'><strong>per</strong></span> 
     </span>
     <span class='ocr_line' id='line_1_22' title="bbox 240 3544 1641 3645; baseline 0.004 -29"><span class='ocrx_word' id='word_1_196' title='bbox 240 3565 320 3616; x_wconf 88' lang='lat' dir='ltr'><strong>enm</strong></span> <span class='ocrx_word' id='word_1_197' title='bbox 339 3544 480 3639; x_wconf 87' lang='lat' dir='ltr'><strong>prestita</strong></span> <span class='ocrx_word' id='word_1_198' title='bbox 498 3567 591 3616; x_wconf 92' lang='lat' dir='ltr'><strong>nunc</strong></span> <span class='ocrx_word' id='word_1_199' title='bbox 608 3553 723 3616; x_wconf 92' lang='lat' dir='ltr'><strong>nostre</strong></span> <span class='ocrx_word' id='word_1_200' title='bbox 739 3545 935 3616; x_wconf 87' lang='lat' dir='ltr'><strong>celsitudini</strong></span> <span class='ocrx_word' id='word_1_201' title='bbox 951 3555 985 3618; x_wconf 91' lang='grc'><strong>66</strong></span> <span class='ocrx_word' id='word_1_202' title='bbox 1002 3568 1071 3640; x_wconf 90' lang='lat' dir='ltr'><strong>que</strong></span> <span class='ocrx_word' id='word_1_203' title='bbox 1091 3546 1126 3616; x_wconf 92' lang='lat' dir='ltr'><strong>in</strong></span> <span class='ocrx_word' id='word_1_204' title='bbox 1149 3548 1304 3619; x_wconf 89' lang='lat' dir='ltr'><strong>loturum</strong></span> <span class='ocrx_word' id='word_1_205' title='bbox 1320 3549 1431 3621; x_wconf 87' lang='lat' dir='ltr'><strong>iacere</strong></span> <span class='ocrx_word' id='word_1_206' title='bbox 1448 3551 1570 3642; x_wconf 90' lang='lat' dir='ltr'><strong>poterit</strong></span> <span class='ocrx_word' id='word_1_207' title='bbox 1583 3547 1641 3645; x_wconf 82' lang='lat' dir='ltr'><strong>(d),</strong></span> 
     </span>
     <span class='ocr_line' id='line_1_23' title="bbox 241 3665 1645 3760; baseline 0.006 -24"><span class='ocrx_word' id='word_1_208' title='bbox 241 3665 403 3738; x_wconf 89' lang='lat' dir='ltr'><strong>eumdem</strong></span> <span class='ocrx_word' id='word_1_209' title='bbox 421 3667 601 3738; x_wconf 90' lang='lat' dir='ltr'><strong>Nicolaum</strong></span> <span class='ocrx_word' id='word_1_210' title='bbox 626 3666 728 3738; x_wconf 88' lang='lat' dir='ltr'><strong>totius</strong></span> <span class='ocrx_word' id='word_1_211' title='bbox 754 3666 854 3760; x_wconf 82' lang='lat' dir='ltr'><strong>regni</strong></span> <span class='ocrx_word' id='word_1_212' title='bbox 874 3668 988 3741; x_wconf 91' lang='lat' dir='ltr'><strong>Sicilie</strong></span> <span class='ocrx_word' id='word_1_213' title='bbox 1004 3669 1222 3741; x_wconf 89' lang='lat' dir='ltr'><strong>ammiratum</strong></span> <span class='ocrx_word' id='word_1_214' title='bbox 1244 3669 1279 3740; x_wconf 96' lang='lat' dir='ltr'><strong>in</strong></span> <span class='ocrx_word' id='word_1_215' title='bbox 1297 3671 1370 3742; x_wconf 87' lang='lat' dir='ltr'><strong>vita</strong></span> <span class='ocrx_word' id='word_1_216' title='bbox 1388 3693 1452 3742; x_wconf 91' lang='lat' dir='ltr'><strong>sua</strong></span> <span class='ocrx_word' id='word_1_217' title='bbox 1478 3667 1645 3744; x_wconf 84' lang='lat' dir='ltr'><strong>duximus</strong></span> 
     </span>
     <span class='ocr_line' id='line_1_24' title="bbox 241 3786 1644 3886; baseline 0.007 -28"><span class='ocrx_word' id='word_1_218' title='bbox 241 3786 479 3878; x_wconf 82' lang='lat' dir='ltr'><strong>statuendum3</strong></span> <span class='ocrx_word' id='word_1_219' title='bbox 506 3790 660 3861; x_wconf 87' lang='lat' dir='ltr'><strong>volentes</strong></span> <span class='ocrx_word' id='word_1_220' title='bbox 679 3797 713 3861; x_wconf 91' lang='grc'><strong>66</strong></span> <span class='ocrx_word' id='word_1_221' title='bbox 731 3791 942 3884; x_wconf 90' lang='lat' dir='ltr'><strong>presentium</strong></span> <span class='ocrx_word' id='word_1_222' title='bbox 970 3801 1086 3864; x_wconf 88' lang='lat' dir='ltr'><strong>tenore</strong></span> <span class='ocrx_word' id='word_1_223' title='bbox 1114 3792 1315 3866; x_wconf 88' lang='lat' dir='ltr'><strong>mandantes</strong></span> <span class='ocrx_word' id='word_1_224' title='bbox 1334 3793 1430 3886; x_wconf 90' lang='lat' dir='ltr'><strong>quod</strong></span> <span class='ocrx_word' id='word_1_225' title='bbox 1451 3793 1546 3866; x_wconf 88' lang='lat' dir='ltr'><strong>idem</strong></span> <span class='ocrx_word' id='word_1_226' title='bbox 1567 3815 1644 3868; x_wconf 88' lang='lat' dir='ltr'><strong>am·</strong></span> 
     </span>
     <span class='ocr_line' id='line_1_25' title="bbox 240 3908 1646 4006; baseline 0.006 -26"><span class='ocrx_word' id='word_1_227' title='bbox 240 3908 384 3982; x_wconf 87' lang='lat' dir='ltr'><strong>miratus</strong></span> <span class='ocrx_word' id='word_1_228' title='bbox 402 3932 464 4006; x_wconf 89' lang='lat' dir='ltr'><strong>per</strong></span> <span class='ocrx_word' id='word_1_229' title='bbox 484 3932 523 3983; x_wconf 89' lang='lat' dir='ltr'><strong>se</strong></span> <span class='ocrx_word' id='word_1_230' title='bbox 542 3933 694 4006; x_wconf 89' lang='lat' dir='ltr'><strong>suosque</strong></span> <span class='ocrx_word' id='word_1_231' title='bbox 713 3915 986 3988; x_wconf 86' lang='lat' dir='ltr'><strong>viceammiratos</strong></span> <span class='ocrx_word' id='word_1_232' title='bbox 1014 3913 1191 3988; x_wconf 91' lang='lat' dir='ltr'><strong>ordinatos</strong></span> <span class='ocrx_word' id='word_1_233' title='bbox 1220 3925 1253 3988; x_wconf 90' lang='lat' dir='ltr'><strong>et</strong></span> <span class='ocrx_word' id='word_1_234' title='bbox 1285 3915 1372 3989; x_wconf 88' lang='lat' dir='ltr'><strong>alios</strong></span> <span class='ocrx_word' id='word_1_235' title='bbox 1395 3917 1646 3992; x_wconf 87' lang='lat' dir='ltr'><strong>commissarios</strong></span> 
     </span>
    </p>
   </div>
   <div class='ocr_carea' id='block_1_8' title="bbox 282 4077 689 4162">
    <p class='ocr_par' dir='ltr' id='par_1_9' title="bbox 282 4077 689 4162">
     <span class='ocr_line' id='line_1_26' title="bbox 282 4077 689 4162; baseline 0.005 -22"><span class='ocrx_word' id='word_1_236' title='bbox 282 4077 327 4158; x_wconf 78' lang='lat' dir='ltr'><strong>(a)</strong></span> <span class='ocrx_word' id='word_1_237' title='bbox 347 4080 383 4140; x_wconf 82' lang='lat' dir='ltr'><strong>m</strong></span> <span class='ocrx_word' id='word_1_238' title='bbox 396 4083 538 4158; x_wconf 75' lang='lat' dir='ltr'><strong>impresso</strong></span> <span class='ocrx_word' id='word_1_239' title='bbox 548 4079 689 4162; x_wconf 67' lang='lat' dir='ltr'><strong>mpero.</strong></span> 
     </span>
    </p>
   </div>
   <div class='ocr_carea' id='block_1_9' title="bbox 277 4408 1646 4494">
    <p class='ocr_par' dir='ltr' id='par_1_10' title="bbox 277 4408 1646 4494">
     <span class='ocr_line' id='line_1_27' title="bbox 277 4408 1646 4494; baseline 0.013 -28"><span class='ocrx_word' id='word_1_240' title='bbox 277 4408 315 4482; x_wconf 80' lang='grc'><strong>(6)</strong></span> <span class='ocrx_word' id='word_1_241' title='bbox 333 4411 402 4467; x_wconf 90' lang='lat' dir='ltr'><strong>Dum</strong></span> <span class='ocrx_word' id='word_1_242' title='bbox 415 4427 469 4470; x_wconf 93' lang='lat' dir='ltr'><strong>non</strong></span> <span class='ocrx_word' id='word_1_243' title='bbox 481 4413 560 4486; x_wconf 91' lang='lat' dir='ltr'><strong>plane</strong></span> <span class='ocrx_word' id='word_1_244' title='bbox 573 4413 690 4470; x_wconf 89' lang='lat' dir='ltr'><strong>sciamus</strong></span> <span class='ocrx_word' id='word_1_245' title='bbox 706 4429 759 4486; x_wconf 94' lang='lat' dir='ltr'><strong>quo</strong></span> <span class='ocrx_word' id='word_1_246' title='bbox 771 4421 891 4487; x_wconf 88' lang='lat' dir='ltr'><strong>ternpore</strong></span> <span class='ocrx_word' id='word_1_247' title='bbox 904 4415 1012 4488; x_wconf 85' lang='lat' dir='ltr'><strong>Spinulu</strong></span> <span class='ocrx_word' id='word_1_248' title='bbox 1031 4417 1064 4473; x_wconf 86' lang='lat' dir='ltr'><strong>ad</strong></span> <span class='ocrx_word' id='word_1_249' title='bbox 1077 4417 1193 4474; x_wconf 83' lang='lat' dir='ltr'><strong>officium</strong></span> <span class='ocrx_word' id='word_1_250' title='bbox 1210 4417 1343 4474; x_wconf 86' lang='lat' dir='ltr'><strong>ammirati</strong></span> <span class='ocrx_word' id='word_1_251' title='bbox 1358 4424 1468 4478; x_wconf 86' lang='lat' dir='ltr'><strong>evectus</strong></span> <span class='ocrx_word' id='word_1_252' title='bbox 1486 4421 1577 4494; x_wconf 81' lang='lat' dir='ltr'><strong>tuerit,</strong></span> <span class='ocrx_word' id='word_1_253' title='bbox 1593 4424 1646 4484; x_wconf 86' lang='lat' dir='ltr'><strong>hoc</strong></span> 
     </span>
    </p>
   </div>
   <div class='ocr_carea' id='block_1_10' title="bbox 241 4507 1646 4664">
    <p class='ocr_par' dir='ltr' id='par_1_11' title="bbox 241 4507 1646 4664">
     <span class='ocr_line' id='line_1_28' title="bbox 241 4507 1646 4589; baseline 0.013 -25"><span class='ocrx_word' id='word_1_254' title='bbox 241 4507 333 4580; x_wconf 78' lang='lat' dir='ltr'><strong>magni</strong></span> <span class='ocrx_word' id='word_1_255' title='bbox 344 4511 471 4568; x_wconf 90' lang='lat' dir='ltr'><strong>momenti</strong></span> <span class='ocrx_word' id='word_1_256' title='bbox 490 4511 681 4568; x_wconf 87' lang='lat' dir='ltr'><strong>documentum</strong></span> <span class='ocrx_word' id='word_1_257' title='bbox 700 4511 884 4584; x_wconf 82' lang='lat' dir='ltr'><strong>reponendum</strong></span> <span class='ocrx_word' id='word_1_258' title='bbox 902 4512 1026 4570; x_wconf 74' lang='lat' dir='ltr'><strong>dommus</strong></span> <span class='ocrx_word' id='word_1_259' title='bbox 1043 4513 1090 4570; x_wconf 92' lang='lat' dir='ltr'><strong>ubi</strong></span> <span class='ocrx_word' id='word_1_260' title='bbox 1105 4515 1191 4587; x_wconf 83' lang='lat' dir='ltr'><strong>primo</strong></span> <span class='ocrx_word' id='word_1_261' title='bbox 1211 4515 1270 4573; x_wconf 80' lang='lat' dir='ltr'><strong>vice</strong></span> <span class='ocrx_word' id='word_1_262' title='bbox 1285 4515 1311 4572; x_wconf 93' lang='lat' dir='ltr'><strong>in</strong></span> <span class='ocrx_word' id='word_1_263' title='bbox 1332 4517 1447 4589; x_wconf 82' lang='lat' dir='ltr'><strong>liegestc</strong></span> <span class='ocrx_word' id='word_1_264' title='bbox 1466 4519 1592 4580; x_wconf 84' lang='lat' dir='ltr'><strong>Frlderici</strong></span> <span class='ocrx_word' id='word_1_265' title='bbox 1613 4523 1646 4582; x_wconf 89' lang='lat' dir='ltr'><strong>de</strong></span> 
     </span>
     <span class='ocr_line' id='line_1_29' title="bbox 242 4603 657 4664; baseline 0.002 -3"><span class='ocrx_word' id='word_1_266' title='bbox 242 4603 339 4662; x_wconf 87' lang='lat' dir='ltr'><strong>codem</strong></span> <span class='ocrx_word' id='word_1_267' title='bbox 351 4605 490 4663; x_wconf 83' lang='lat' dir='ltr'><strong>ammirato</strong></span> <span class='ocrx_word' id='word_1_268' title='bbox 504 4607 605 4664; x_wconf 86' lang='lat' dir='ltr'><strong>mentio</strong></span> <span class='ocrx_word' id='word_1_269' title='bbox 618 4605 657 4663; x_wconf 84' lang='lat' dir='ltr'><strong>iit.</strong></span> 
     </span>
    </p>
   </div>
   <div class='ocr_carea' id='block_1_11' title="bbox 327 4683 1485 4776">
    <p class='ocr_par' dir='ltr' id='par_1_12' title="bbox 327 4683 1485 4776">
     <span class='ocr_line' id='line_1_30' title="bbox 327 4683 1485 4776; baseline 0.008 -10"><span class='ocrx_word' id='word_1_270' title='bbox 327 4703 364 4766; x_wconf 78' lang='lat' dir='ltr'><strong>v.</strong></span> <span class='ocrx_word' id='word_1_271' title='bbox 1399 4683 1405 4689; x_wconf 62' lang='grc'><strong>’</strong></span> <span class='ocrx_word' id='word_1_272' title='bbox 1448 4723 1485 4776; x_wconf 80' lang='lat' dir='ltr'><strong>ra</strong></span> 
     </span>
    </p>
   </div>
   <div class='ocr_carea' id='block_1_12' title="bbox 0 0 2149 5906">
    <p class='ocr_par' dir='ltr' id='par_1_13' title="bbox 0 0 2149 5906">
     <span class='ocr_line' id='line_1_31' title="bbox 0 0 2149 5906; baseline 0 0"><span class='ocrx_word' id='word_1_273' title='bbox 0 0 2149 5906; x_wconf 95' lang='lat' dir='ltr'><strong> </strong></span> 
     </span>
    </p>
   </div>
  </div>
 </body>
</html>
