4242 5904
245 598 343 661 tere.
363 593 422 680 ιι]
691 597 887 659 ursanum
912 595 1204 658 nrruonnrrcn
1595 587 1653 650 roa

245 731 381 806 arrham
399 731 500 804 vobis
518 731 730 824 magnalium
745 741 987 808 nostrorumst
1002 733 1109 827 glorie
1126 739 1240 806 nostre
1256 725 1502 825 promittimus,
1523 722 1653 817 reliqua

246 877 325 928 cum
356 854 489 928 mmani
516 853 650 950 imperii
676 857 783 930 nostri
801 857 920 930 sedem
945 857 1076 930 ltaliam
1099 863 1253 952 pacatam
1280 851 1499 938 videbimus,
1522 848 1655 942 integre

247 977 404 1052 soluturi.
424 978 639 1073 Imperatoris
656 979 762 1073 igitur
776 981 882 1054 vestri
900 980 1101 1072 victoriam,
1115 979 1276 1075 quirites,
1297 983 1469 1072 gratanter
1485 973 1652 1067 accipite;

246 1123 326 1198 spes
344 1123 391 1175 ex
407 1101 474 1174 boc
495 1122 562 1174 vce
575 1103 804 1196 pulcherrima
820 1106 934 1177 ioveat
950 1102 1034 1198 quia
1047 1126 1158 1198 quum
1171 1103 1317 1175 libenter
1333 1101 1474 1194 antiqua
1492 1097 1656 1170 solemnia

247 1226 443 1320 sequimur,
467 1223 513 1299 ad
525 1226 800 1300 reformationem
819 1229 959 1324 antique
980 1227 1165 1301 nobilitatis
1183 1225 1219 1298 in
1239 1223 1498 1298 urbelibentine
1520 1221 1658 1316 aspira-

248 1371 338 1422 mus.
355 1350 513 1422 Ceterum
526 1351 610 1445 quia
624 1361 823 1425 susurrante
839 1351 931 1426 lama
940 1353 1012 1445 J'am
1023 1363 1163 1424 resonat
1177 1350 1273 1445 qnod
1285 1358 1361 1424 orta
1376 1347 1529 1420 muneris
1541 1347 1659 1419 trium·

247 1473 360 1570 phalis
383 1472 514 1546 invidia
538 1473 707 1568 quosdam
736 1475 869 1548 emulos
895 1477 1050 1550 incitavit
1071 1483 1110 1548 ut
1132 1475 1179 1548 ad
1205 1473 1470 1548 destructionem
1499 1471 1659 1544 carrccc'ii

248 1598 537 1690 cujnsostentatin
545 1599 684 1693 publica
693 1608 727 1672 et
740 1599 937 1674 memoriale
947 1599 1111 1696 triumphi
1125 1599 1260 1674 Cesarci
1273 1598 1382 1672 decus
1393 1598 1429 1668 in
1443 1595 1531 1667 urbe
1543 1595 1660 1690 diepo-

248 1721 352 1794 situm
381 1721 487 1795 corda
518 1743 637 1794 eornm
666 1723 785 1797 dolore
809 1732 990 1820 penetrant
1016 1724 1149 1812 altiori,
1176 1721 1397 1796 clandestinis
1422 1720 1661 1806 incendiorum

249 1843 384 1918 insidiis
406 1846 667 1938 machinentur,
696 1869 741 1920 ne
759 1847 805 1921 dc
823 1849 999 1944 proposita
1021 1849 1161 1920 valeant
1184 1847 1320 1920 malicia
1344 1845 1500 1940 gloriari,
1518 1846 1662 1918 univer·

249 1968 339 2042 sitati
357 1977 471 2044 vestre
495 1971 717 2065 suggerimus
740 1971 787 2045 nd
812 1973 981 2046 cautelam
1004 1981 1177 2066 quatenus
1195 1971 1288 2044 illius
1315 1969 1470 2044 custodie
1487 1987 1604 2042 curam
1629 1979 1664 2040 et

251 2092 466 2184 diligentiam
488 2093 655 2168 adbibere
681 2095 807 2168 curetis
828 2081 874 2168 ut'
890 2096 1006 2170 emula
1028 2105 1144 2168 nostre
1169 2095 1312 2170 victorie
1329 2115 1372 2168 ac
1396 2093 1501 2168 nostri
1524 2093 1664 2166 honoris

251 2216 358 2290 auxia
371 2217 533 2312 cogitatio
553 2218 784 2312 malignorum
798 2219 834 2291 in
851 2220 924 2294 suis
937 2219 1245 2292 adinventionibus
1265 2218 1413 2292 elidatur
1429 2217 1664 2313 potiusquam

250 2340 471 2414 nanciscatur
486 2343 663 2416 materiam
676 2341 867 2436 illudendi3
884 2343 1108 2416 nibilominus
1117 2365 1163 2416 ex
1171 2343 1373 2417 auctoritate
1384 2351 1523 2414 senatus
1532 2341 1666 2436 populi-

251 2483 321 2556 que
333 2465 466 2538 romani
475 2465 653 2560 plebiscita
666 2468 742 2561 lege
755 2468 825 2540 lata
838 2477 956 2540 contra
968 2467 1190 2558 facinorosos,
1206 2467 1268 2562 qui
1281 2467 1409 2540 inerint
1420 2467 1510 2540 circa
1522 2465 1666 2540 insidiae

251 2588 307 2660 vel
320 2597 528 2662 nocumenta
539 2589 706 2664 carrocbii
719 2591 881 2686 privatim
896 2593 952 2666 vel
971 2591 1112 2688 publice
1125 2591 1330 2686 deprehensi
1349 2590 1471 2686 capitis
1483 2589 1667 2664 amissione

252 2710 473 2808 plectendis(
499 2711 524 2806 ).

549 2893 554 2906 b
589 2899 593 2908 n

254 3049 305 3120 Qui
319 3049 427 3124 quidem
441 3051 476 3108 ad
493 3067 614 3110 mensem
629 3054 742 3127 aprilem
759 3053 812 3112 boc
832 3061 978 3128 memorat,
993 3061 1084 3114 notato
1102 3055 1213 3114 iorsitan
1235 3061 1355 3129 tempore
1375 3071 1430 3129 quo
1443 3053 1593 3114 wmdnm
1610 3029 1676 3130 post'

255 3146 385 3204 diutinum
400 3149 449 3205 iter
461 3149 561 3208 nomae
575 3151 683 3208 tandem
695 3151 842 3210 admissum
858 3152 917 3209 luit.

290 3245 325 3318 (t)
345 3245 395 3302 llis
409 3246 491 3304 etiam
505 3247 599 3307 litteris
612 3255 641 3305 st
654 3249 773 3322 muneri,
786 3257 818 3307 nt
831 3250 952 3308 referunt
964 3250 1125 3308 liicobaldus
1138 3249 1539 3324 immanissimamque
1552 3251 1670 3326 l’ipinns,

255 3340 408 3400 briderium
419 3357 516 3402 remus
530 3343 598 3402 letes
609 3345 709 3402 addidit
722 3363 730 3402 c

488 3496 559 3565 dne,
571 3493 655 3552 decue
666 3493 752 3552 orbis!
767 3496 854 3554 rictus
867 3495 916 3553 tibi
927 3497 1055 3566 destinor,
1070 3513 1138 3570 ave,

489 3591 591 3650 Currus
602 3592 637 3649 ab
650 3599 763 3664 augusto
776 3594 917 3652 Frederico
927 3595 1026 3652 Cosnre
1037 3595 1121 3668 justo.

490 3687 547 3746 Vae
559 3689 752 3746 llediolanum!
766 3691 825 3763 jam
837 3692 922 3748 sentis
934 3707 1064 3764 spernere
1075 3705 1174 3748 uanum

489 3783 597 3858 Imperii
611 3785 696 3857 vires,
713 3787 836 3862 proprias
849 3787 898 3845 tibi
911 3789 1004 3846 tollere
1016 3789 1099 3846 uires.

488 3883 559 3956 Ergo
573 3884 769 3960 triumphorum
782 3887 853 3946 Urbs
865 3892 943 3962 potes
955 3903 1131 3946 memorasse
1143 3889 1264 3962 priorum

490 3977 565 4050 Quos
577 3981 625 4038 tibi
639 3980 784 4040 mittebant
796 4000 873 4058 reges
886 3986 932 4060 qui
945 3986 1015 4044 bella
1029 3987 1167 4060 gerebant.

259 4127 337 4198 Quod
353 4127 465 4202 quidem
477 4131 627 4190 carrocium
646 4133 673 4188 in
682 4133 825 4207 Capitolio,
840 4135 951 4208 jubente
963 4143 1074 4205 senatu,
1089 4137 1241 4211 dopositum
1255 4143 1309 4209 est,
1323 4137 1442 4212 quinque
1452 4137 1582 4196 columnis
1598 4155 1675 4197 mar-

258 4223 358 4281 morcis
368 4223 535 4298 incumbens,
550 4243 614 4285 cnm
628 4229 679 4286 ista
692 4230 864 4304 inscriptione
877 4247 947 4305 quae
962 4233 1104 4292 recentiori
1118 4241 1238 4307 tempore
1253 4234 1282 4291 in
1297 4235 1369 4294 scala
1381 4236 1500 4308 ejusdem
1510 4235 1621 4294 aedilicii
1633 4237 1676 4294 le

260 4317 391 4390 gebatur:

493 4419 597 4478 &saris
608 4421 713 4494 angusti
726 4422 868 4494 Friderici,
883 4423 979 4496 Roma,
994 4425 1103 4483 secundi

527 4517 602 4574 bona
614 4523 675 4577 tene
688 4535 798 4578 currum
812 4539 909 4596 perpes
922 4525 949 4580 in
962 4523 1028 4582 orbe
1038 4525 1130 4583 decus.

493 4614 543 4673 liic
552 4616 692 4674 Mediolani
705 4624 800 4692 captus
812 4621 848 4678 de
861 4627 950 4696 strage
962 4622 1112 4696 triumphos

530 4711 636 4774 &sada
647 4721 678 4773 ut
691 4715 793 4776 scierat
802 4718 900 4793 inclyta
911 4720 993 4794 preda
1008 4720 1101 4778 veuit:
