4350 5922
214 588 314 650 lenter.
332 588 394 667 lo]
666 587 864 649 HISTORIA
888 585 1183 650 nlauottlttlca
1582 581 1622 643 35

216 733 340 804 torum
361 722 465 829 apud
484 721 670 802 Viennam
693 730 849 806 renovat
870 731 908 804 et
928 723 1130 806 inserendo
1156 719 1356 803 confirmat
1384 715 1623 827 privilegium

217 851 448 961 eLiupoldo
467 851 642 934 ,lustriae
670 853 767 936 duce
795 853 938 937 eisdem
965 857 1015 934 at
1045 852 1227 938 februarii
1256 851 1358 932 1200
1380 873 1622 956 conoessum,

218 1009 293 1094 quo
310 983 484 1068 fundatio
502 1011 526 1066 a
543 985 639 1067 duee
656 985 829 1070 Heinrioo
846 986 946 1069 facta
963 985 1222 1070 confirmatur.

299 1244 402 1323 (Edld.
417 1243 583 1324 Hamus,
601 1241 709 1306 Wien'r
724 1242 836 1323 daed„
851 1251 874 1305 t.
891 1245 918 1324 1,
933 1261 1002 1322 pars
1013 1245 1051 1322 1⁸,
1064 1243 1273 1322 urkundenb,
1287 1261 1316 1321 p
1334 1253 1384 1323 tt,
1398 1251 1432 1305 n⁰
1444 1241 1554 1318 XXV.)

268 1461 307 1532 ln
329 1461 468 1536 nomine
484 1469 601 1535 sancte
615 1469 650 1534 et
666 1460 849 1534 individue
872 1461 1058 1534 Trinitatis.
1076 1461 1270 1534 Friderieus
1292 1461 1484 1550 secundus,
1509 1458 1629 1531 diuina

223 1587 360 1661 faveme
374 1586 553 1660 clementia
573 1587 804 1660 Romanorum
823 1587 1010 1682 imperator
1025 1606 1160 1682 semper
1176 1595 1365 1678 augustus,
1384 1585 1572 1657 Jerusalem
1596 1593 1631 1656 et

223 1709 336 1782 Sicilie
357 1730 433 1782 rex.
458 1709 647 1805 Imperialis
672 1709 876 1783 excellentia
901 1717 984 1782 tunc
1006 1709 1171 1804 precipue
1197 1707 1329 1781 auctori
1355 1727 1420 1780 suo
1443 1729 1505 1802 per
1526 1727 1631 1802 quem
1702 1769 1706 1778 .

224 1834 372 1929 sumpsit
386 1833 635 1929 plenitudinem
649 1834 838 1928 potestatis,
852 1832 1046 1906 devotionis
1060 1854 1124 1906 sue
1143 1833 1301 1928 rependit
1313 1832 1472 1904 meritum
1489 1853 1569 1903 cum
1586 1832 1632 1903 ob

224 1959 299 2050 ejus
330 1958 559 2032 reverentiam
591 1958 828 2052 religiosarum
860 1977 1084 2052 personarum
1116 1958 1219 2051 justis
1251 1957 1560 2052 supplicationibus
1596 1977 1634 2029 se

225 2081 394 2154 inclinans
410 2082 622 2155 venerabilia
637 2081 790 2178 ipsomm
804 2082 879 2156 loca
897 2091 932 2155 et
946 2083 983 2154 in
1000 2083 1051 2156 eis
1064 2083 1210 2155 Domino
1226 2083 1431 2155 famulantes
1444 2081 1504 2176 pia
1520 2079 1635 2153 studet

225 2206 494 2302 providentiam
510 2206 583 2279 suis
591 2205 695 2298 justis
712 2206 935 2301 petitionibus
951 2216 985 2280 et
997 2206 1212 2280 libertatibus
1226 2207 1419 2278 confovere.
1432 2204 1504 2277 llac
1519 2204 1636 2298 itaque

226 2329 498 2404 consideratione
524 2331 617 2403 ducti
634 2339 756 2404 notum
777 2352 854 2405 esse
870 2333 1035 2404 volumus
1051 2341 1122 2404 lam
1147 2330 1364 2427 presentibus
1384 2349 1489 2425 quam
1513 2329 1638 2402 futuris

227 2453 321 2548 quod
345 2454 523 2527 constituti
548 2477 663 2528 coram
691 2455 793 2528 nobis
812 2456 1018 2530 venerabilis
1044 2455 1155 2529 abbas
1182 2463 1217 2528 et
1242 2461 1433 2527 conventus
1459 2455 1639 2526 Scotorum

228 2577 324 2674 apud
356 2579 559 2666 wiennam,
586 2577 708 2652 fideles
732 2579 858 2672 nostri,
886 2579 1083 2653 obtulerunt
1115 2579 1285 2673 majestati
1315 2587 1433 2652 nostre
1461 2577 1638 2673 quoddam

229 2702 450 2797 privilegium
484 2701 657 2775 indultum
691 2702 741 2776 eis
769 2712 805 2776 et
834 2704 978 2779 ecclesie
1005 2725 1067 2776 sue
1097 2725 1119 2777 a
1149 2702 1327 2798 quondam
1355 2702 1524 2798 Liupoldo
1551 2702 1641 2776 duce

231 2825 369 2900 Austrie
385 2827 494 2900 felicis
509 2828 690 2919 memorie,
705 2825 881 2900 humililer
892 2829 1124 2924 supplicantes
1135 2835 1175 2899 ut
1192 2826 1284 2900 idem
1303 2825 1524 2923 privilegium
1539 2847 1642 2898 reno·

183 3029 186 3038 Δ
231 2971 315 3023 vare
338 2962 373 3023 et
390 2950 593 3025 confirmare
611 2948 657 3023 de
679 2959 796 3024 nostra
814 2951 924 3043 gretia
943 2951 1183 3044 dignaremur3
1202 2952 1303 3044 cujus
1322 2960 1421 3024 tenor
1440 2971 1503 3046 per
1526 2949 1643 3023 omnia

232 3075 309 3147 talis
324 3085 402 3146 est:

280 3201 320 3272 ln
334 3199 475 3272 nomine
490 3210 606 3273 sancte
616 3208 652 3272 et
663 3199 846 3273 individue
858 3200 1031 3272 Trinitatis
1047 3199 1156 3272 Patris
1172 3208 1206 3272 et
1218 3199 1295 3270 Filii
1310 3207 1344 3272 et
1353 3199 1501 3295 Spiritus
1512 3199 1642 3272 Sancti.

236 3321 444 3418 leopoldus,
460 3321 522 3394 Ilei
533 3321 643 3415 gratia
659 3319 735 3394 dux
746 3320 882 3396 Austrie
894 3331 929 3394 et
943 3323 1068 3418 Styrie,
1080 3323 1253 3394 universis
1272 3320 1434 3394 fidelibus
1446 3321 1590 3394 salutem
1608 3321 1644 3393 in

236 3456 453 3542 perpetuum.
473 3445 535 3519 Pia
551 3453 586 3518 et
600 3445 749 3518 salubris
766 3455 818 3518 est
838 3446 981 3518 intentio
1003 3467 1074 3540 qna
1094 3446 1242 3540 quisque
1260 3445 1307 3518 ad
1329 3445 1550 3518 serviendum
1573 3447 1645 3518 Deo

236 3579 394 3644 movemr
419 3578 453 3644 et
474 3568 520 3641 ad
549 3570 639 3643 bene
663 3569 838 3663 agendum
863 3571 1028 3644 intentam
1051 3570 1155 3642 babet
1179 3570 1402 3644 voluntatem.
1427 3569 1645 3664 Quequidem

237 3695 397 3767 voluntas
413 3694 450 3765 in
462 3693 651 3767 levioribus
668 3694 824 3790 personis
839 3703 874 3767 et
890 3695 956 3791 hys
973 3695 1103 3788 quibus
1117 3715 1232 3765 rerum
1246 3715 1316 3766 non
1335 3696 1487 3789 suppetit
1503 3695 1646 3768 facultas

238 3817 365 3890 sufficit
376 3825 471 3889 etest
482 3817 666 3904 meritoria,
676 3817 894 3913 qnippeoum
906 3819 1065 3891 voluntas
1075 3839 1137 3914 pro
1153 3818 1242 3890 facto
1253 3825 1445 3913 reputetur;
1458 3819 1493 3888 in
1504 3839 1646 3912 magna-

238 3941 332 4014 tibus
349 3963 433 4014 vero
451 3953 485 4013 et
502 3940 671 4014 universis
690 3942 818 4036 quibus
836 3943 934 4038 copia
950 3964 1066 4014 rerum
1084 3951 1118 4016 et
1137 3942 1320 4014 auctoritas
1335 3941 1462 4036 agendi
1475 3942 1647 4036 quidlibet

240 4065 543 4157 adminiculantur,
552 4064 617 4137 boc
625 4064 745 4138 eadem
757 4063 967 4139 laudabilior
975 4075 1026 4137 est
1036 4074 1070 4138 et
1079 4066 1244 4158 majorem
1253 4063 1555 4139 habelellicaciam
1565 4088 1645 4138 oum

240 4190 304 4285 ipsi
316 4191 384 4262 boc
394 4189 560 4284 quodper
573 4190 700 4262 bonam
713 4190 924 4263 voluntatem
941 4190 1137 4284 concipiunt
1148 4191 1184 4260 in
1194 4199 1309 4263 mente
1321 4189 1368 4263 ad
1382 4190 1645 4285 exsequendum

240 4333 342 4408 opere
359 4312 508 4384 habeant
531 4313 739 4420 facultatem.
763 4314 869 4387 Nobis
888 4315 994 4406 igitur
1013 4313 1253 4407 universisque
1278 4315 1493 4409 principibus
1518 4315 1646 4409 quibus

242 4437 319 4532 plus
331 4445 384 4510 est
399 4437 617 4510 commissum
632 4445 671 4508 ut
686 4447 720 4511 et
733 4441 812 4534 plus
828 4461 849 4512 a
865 4439 966 4512 nobis
979 4439 1152 4532 exigatur,
1170 4438 1313 4534 expedit
1329 4447 1367 4510 ut
1382 4439 1507 4512 bonam
1521 4441 1646 4512 volun-

243 4569 343 4634 tatem
362 4570 398 4633 et
421 4581 524 4656 opera
542 4563 692 4634 caritatis
714 4561 972 4636 habundantius
989 4584 1095 4657 quam
1119 4562 1222 4634 ceteri
1247 4560 1294 4634 ad
1318 4563 1497 4635 universos
1519 4573 1647 4635 exten-

244 4683 384 4774 damus,
408 4687 560 4760 maxime
574 4697 686 4760 tamen
707 4687 753 4760 ad
771 4687 949 4780 religiosos
963 4695 999 4760 et
1019 4687 1206 4761 monastice
1218 4687 1437 4782 professionis
1453 4689 1546 4761 viros
1560 4711 1648 4783 quos
