4224 5898
207 641 306 701 huson.
325 637 387 716 12]
655 633 853 696 HISTORIA
879 633 1171 696 utrtottartca

435 929 604 946 *nna-uec
613 929 732 940 ...κιο-ι-
739 927 910 939 nunu-m
915 925 1321 937 --—-—·-—--—-----.-
1329 927 1334 932 -
1342 927 1351 934 .
1357 925 1393 934 ..-

263 1203 498 1314 Fridericus,
517 1205 778 1290 Romanomm
806 1203 1026 1312 imperator,
1045 1201 1228 1286 Riocsrdo
1250 1203 1379 1285 comiti
1408 1201 1619 1285 Cornnbiae

211 1338 356 1422 sororio
375 1364 446 1421 sno
463 1337 549 1422 fuse
570 1347 701 1420 nmrat
722 1363 821 1447 quae
847 1333 1028 1419 beneficia
1046 1335 1234 1418 Ecclesiae
1255 1333 1448 1418 Romanae
1473 1346 1619 1417 contu-

209 1471 314 1580 lerit,
335 1497 433 1582 quos
456 1480 582 1554 tamen
601 1471 772 1580 ingratos
799 1494 998 1579 processus
1017 1495 1040 1550 a
1058 1493 1209 1550 summo
1234 1467 1410 1576 pontifice
1427 1467 1616 1574 retulerit,

209 1605 305 1687 dnm
341 1630 463 1712 nuper
502 1603 612 1686 inse
646 1603 872 1686 sententiam
902 1600 1301 1684 excommunicationis
1337 1600 1551 1682 inordinate
1582 1610 1619 1684 et

209 1736 434 1820 inconsultis
459 1735 643 1820 tratribus
671 1734 968 1838 denuntiaverit3
987 1759 1152 1843 eumque
1169 1733 1343 1816 hortatur
1360 1741 1404 1815 ut
1431 1759 1507 1814 nna
1529 1758 1617 1814 cum

210 1869 367 1952 means
385 1868 490 1952 orbis
512 1867 748 1979 principibus
767 1866 839 1950 sibi
865 1866 1022 1949 viriliter
1040 1866 1206 1948 assistat.

292 2107 388 2186 (Edit.
403 2124 452 2185 ap.
474 2108 576 2168 blm.
602 2107 721 2180 Puris,
741 2106 851 2166 Hbtor.
874 2105 945 2186 maj.
959 2099 1097 2184 suptus,
1111 2120 1141 2180 p.
1160 2112 1216 2164 sss
1236 2109 1266 2164 et
1281 2120 1363 2180 seqq.
1379 2103 1440 2164 Sub
1454 2103 1549 2166 torma
1564 2121 1618 2166 en·

330 2199 460 2292 cyollc'as
472 2214 511 2274 ad
530 2229 632 2274 omnes
646 2229 731 2292 reges
742 2212 868 2272 directae
884 2211 967 2272 udat
980 2227 1030 2287 ap.
1045 2209 1162 2288 Lorne,
1185 2207 1255 2270 Cod.
1272 2207 1340 2269 Ital.
1358 2207 1523 2290 spumat,
1538 2218 1558 2272 t
1576 2213 1617 2292 ll,

330 2336 361 2396 p.
378 2328 447 2393 sot,
462 2325 492 2379 et
504 2321 582 2380 lnter
595 2319 677 2380 Patr.
693 2315 727 2378 ds
746 2317 813 2377 Vin.
829 2313 954 2396 epistol,
971 2315 1025 2376 lib.
1043 2317 1068 2393 1,
1084 2332 1149 2393 cap.
1168 2315 1256 2389 xxl3
1276 2311 1355 2376 nu'ne
1368 2323 1466 2376 autem
1480 2317 1619 2378 collatum

332 2442 400 2486 cum
412 2425 537 2486 codlctb.
549 2423 689 2486 Blbliotb.
703 2423 802 2484 Cesar.
819 2423 925 2501 Paris,
931 2419 1023 2501 fonds
1032 2423 1234 2493 Notrc-Dame,
1250 2431 1320 2496 2⁰2,
1333 2429 1363 2482 et
1372 2419 1463 2501 sondt
1472 2423 1505 2484 S.
1521 2425 1616 2484 Germ

329 2528 456 2610 Harlny,
472 2533 554 2606 455.)

255 2743 466 2834 Fridsrions,
489 2744 552 2816 Dei
569 2743 678 2838 gratia
693 2744 923 2816 Romanorum
942 2743 1127 2837 imperator
1142 2765 1276 2838 semper
1291 2755 1473 2837 augustus,
1496 2746 1619 2818 Hieru-

208 2869 316 2942 salem
332 2877 366 2940 et
383 2867 498 2940 Sicilie
510 2889 588 2958 rex,
606 2867 790 2957 aichardo,
812 2867 926 2940 comiti
937 2865 1121 2956 Cornutus,
1143 2867 1267 2940 dilecto
1285 2869 1415 2941 sororio
1431 2891 1506 2960 suo,
1526 2871 1619 2941 salu·

207 3002 325 3066 temet
339 3013 442 3064 omne
458 2991 603 3063 bonum.
624 2992 748 3064 levate
760 2991 796 3061 in
815 2991 962 3062 circuitu
980 2991 1098 3062 oculos
1113 2999 1257 3079 vestros,
1273 2993 1413 3086 arrigite
1431 2992 1490 3064 filii
1508 2993 1621 3064 bomi-

207 3137 293 3188 nnm
315 3137 417 3188 aures
437 3125 588 3206 vestras,
603 3114 719 3187 videte
743 3115 905 3206 generale
925 3113 1019 3186 orbis
1043 3114 1262 3205 scandalum,
1282 3115 1424 3187 dissidia
1441 3117 1617 3207 gentium,

208 3241 371 3333 generale
378 3239 511 3332 justitie
528 3237 673 3311 doleatis
697 3237 895 3328 excidium,
913 3247 1063 3310 exeunte
1082 3238 1236 3332 nequitia
1258 3259 1279 3309 a
1295 3239 1487 3311 senioribus
1507 3239 1621 3334 Baby-

208 3363 318 3454 lonis,
334 3363 396 3456 qni
417 3363 584 3460 popnlnm
605 3361 771 3433 hactenns
792 3382 913 3454 regere
931 3360 1159 3451 videbantur,
1182 3361 1266 3433 dum
1281 3363 1452 3453 judicium
1475 3363 1510 3434 in
1525 3385 1620 3434 ama·

208 3484 396 3557 ritndinem
414 3487 606 3558 etfrnctum
615 3485 754 3576 justicie
767 3484 803 3554 in
816 3483 1039 3579 absynthium
1056 3493 1272 3556 convertunt.
1288 3485 1423 3571 Sedete,
1434 3485 1617 3579 principes,

208 3619 244 3681 et
257 3607 450 3702 intelligite,
466 3608 599 3703 populi,
614 3628 753 3680 oausam
769 3617 936 3698 nostram
953 3607 998 3680 de
1016 3607 1117 3678 vultu
1131 3607 1267 3680 Domini
1275 3607 1447 3699 judicium
1462 3609 1617 3702 prodeat,

124 3821 128 3831 1
210 3742 245 3804 et
272 3733 365 3804 oculi
386 3731 494 3804 vestri
516 3730 659 3804 videant
684 3731 884 3825 equitatem.
910 3731 1045 3802 Scimus
1068 3730 1185 3822 enirn,
1210 3741 1244 3802 et
1264 3731 1300 3801 in
1319 3733 1471 3826 supremi
1492 3733 1620 3823 judicis

1680 1217 1783 1266 rmum.

1671 1275 1699 1316 20
1712 1274 1797 1328 sprttts.

209 3856 341 3928 virtute
358 3853 580 3947 confidimns,
599 3853 695 3950 qnod
715 3877 794 3926 curn
813 3853 910 3949 apud
934 3875 996 3926 vos
1012 3853 1152 3948 pondus
1175 3863 1209 3925 et
1230 3855 1384 3948 pondus,
1408 3878 1568 3929 mensura
1588 3867 1622 3929 et
1748 3912 1753 3922 .

207 3999 371 4050 mensura
384 3978 587 4068 maluerit,
599 3979 752 4073 prolecto
764 3977 967 4050 modestiam
986 3987 1019 4048 et
1035 3977 1264 4049 innocentiam
1283 3989 1432 4051 nostram
1451 3980 1485 4050 in
1498 3981 1620 4072 judicii

206 4101 313 4176 vestri
346 4101 433 4175 libra
462 4101 714 4197 preponderare
744 4101 908 4176 videbitis
934 4101 1154 4173 calumniosis
1179 4101 1433 4175 detrahentium
1461 4106 1561 4177 labiis
1588 4117 1621 4178 et

206 4225 393 4298 venenosis
421 4224 725 4298 adinventionibus
747 4227 946 4298 factionum.
972 4224 1041 4297 Sed
1066 4247 1130 4296 nec
1156 4247 1250 4298 nunc
1277 4229 1425 4322 primum
1448 4231 1621 4301 credimus

206 4357 357 4420 nosbam
372 4348 547 4440 justiciam
567 4358 602 4420 et
613 4349 794 4421 residentis
811 4351 846 4420 in
866 4349 988 4420 throno
1005 4349 1140 4420 Domini
1156 4350 1359 4443 pravitatem
1383 4352 1428 4424 ad
1449 4356 1621 4448 publicam

205 4465 328 4542 mnndi
346 4469 500 4542 notitiam
513 4469 696 4560 devenire,
715 4471 799 4563 quin
814 4481 927 4565 preter
945 4470 1096 4562 agillime
1111 4472 1201 4543 lame
1215 4475 1452 4566 proloquium,
1472 4499 1541 4569 que
1555 4479 1621 4549 tre·

204 4601 351 4684 quanter
373 4592 409 4662 in
426 4591 588 4664 maximis
613 4593 789 4687 virginum
811 4593 948 4664 aurium
977 4593 1121 4665 deflorat
1140 4595 1318 4684 auditum,
1339 4619 1401 4670 nos
1426 4601 1512 4694 ipsi,
1532 4623 1622 4693 quos

205 4714 366 4810 primitus
387 4735 505 4786 rnmor
528 4715 712 4806 eduxerat,
731 4715 1022 4810 subseqnentibus
1047 4718 1267 4811 postmodum
1294 4730 1408 4792 nostre
1430 4723 1623 4794 serenitatis
