4246 5906
194 612 370 697 lnnrm.13.l
643 613 842 675 HISTORIA
866 611 1159 676 blnuounnlca
1545 613 1606 672 507

244 751 293 821 De
311 748 481 842 imperiali
496 747 654 820 mndata
668 751 798 842 scripsit
820 746 865 820 G.
884 749 924 818 de
940 748 1097 820 Cosanis
1112 745 1339 838 responsales:

243 872 461 961 Fredericus,
479 878 562 960 etc,
589 872 715 943 Oberto
731 872 992 944 Fallamonacho
1012 878 1141 942 secreto
1154 868 1329 958 Panormi,
1348 876 1419 960 etc.
1437 869 1604 942 &nuceta

195 996 407 1088 benignitate
432 994 624 1086 recepimus
645 995 796 1084 licteraS,
817 1003 884 1066 eto.
913 996 962 1066 Do
980 1015 1021 1066 eo
1038 1003 1151 1064 tamen
1172 992 1266 1083 quod
1287 990 1485 1083 significasti
1508 993 1604 1086 quod

196 1119 375 1189 occasione
395 1115 548 1189 mandati
573 1117 679 1188 nostri
701 1117 796 1188 missi
822 1137 932 1210 nuper
956 1136 1061 1210 super
1085 1117 1172 1186 lacto
1193 1115 1373 1208 emptionis
1397 1116 1558 1187 frumenti
1583 1137 1604 1186 a

195 1248 385 1312 mercatore
399 1248 498 1310 extra
515 1259 661 1332 regnum
679 1239 852 1334 portandi,
869 1261 931 1332 pro
947 1260 988 1311 eo
1005 1238 1103 1333 quod
1118 1238 1250 1310 tertiam
1266 1246 1398 1308 tantum
1413 1247 1542 1333 partem
1557 1239 1604 1311 ad

195 1380 284 1456 opus
301 1363 396 1434 curie
419 1372 535 1434 nostre
556 1363 798 1436 mandavimus
823 1363 947 1456 recipi,
973 1371 1087 1436 nostra
1113 1363 1241 1432 utilitas
1264 1363 1451 1434 minoretur
1471 1372 1505 1434 et
1527 1363 1604 1436 aliis

197 1486 358 1558 omnibus
380 1484 599 1558 commodum
620 1487 819 1580 pmveniat,
838 1495 956 1581 utpote
975 1486 1071 1578 quod
1093 1506 1156 1580 pru
1174 1493 1242 1556 tam
1266 1485 1389 1556 minori
1403 1485 1511 1578 pretio
1528 1485 1605 1556 uni·

195 1610 288 1680 versi
304 1608 430 1680 amodo
450 1605 727 1701 negociacionem
748 1610 948 1682 victualium
972 1609 1201 1696 exercebunt,
1221 1618 1255 1680 et
1277 1609 1362 1703 ipsis
1382 1609 1417 1678 in
1436 1630 1517 1680 snas
1533 1611 1605 1679 uti-

198 1735 307 1805 litates
335 1727 562 1806 tractantibus
585 1743 700 1806 nostra
715 1743 831 1806 tamen
857 1734 953 1806 curia
978 1743 1142 1806 consueta
1162 1755 1230 1804 non
1253 1733 1373 1825 poterit
1396 1731 1525 1803 exinde
1546 1755 1605 1804 re-

196 1868 352 1950 portare;
379 1857 534 1930 fidelitati
559 1868 619 1930 tue
643 1859 810 1930 duximus
835 1857 1114 1954 respondendum
1141 1855 1236 1950 quod
1261 1877 1340 1926 cum
1364 1876 1412 1926 ex
1439 1855 1605 1948 dignitate

196 1980 373 2073 regiminis
395 1981 490 2074 quod
513 1981 718 2054 mandamus
742 1983 779 2052 in
803 1983 920 2069 terris,
948 2003 1019 2053 uon
1039 1989 1109 2052 tam
1133 1981 1257 2052 nostris
1281 2000 1386 2070 quam
1411 1987 1602 2051 nostrorum

197 2102 353 2175 fidelium
376 2104 523 2175 velimus
551 2104 757 2175 utilitatibus
781 2102 981 2198 providere,
1010 2125 1089 2174 cum
1118 2112 1235 2174 nostra
1262 2100 1395 2172 intorsit
1420 2101 1604 2194 locupletes

197 2223 327 2296 habere
346 2225 518 2316 subjectos
538 2235 630 2298 otoo
646 2226 756 2320 magis
772 2235 921 2296 nostram
936 2247 1008 2296 rem
1024 2224 1197 2318 publicam
1218 2243 1425 2313 augeamuS,
1446 2243 1517 2315 quo
1537 2223 1604 2308 sub

198 2358 392 2421 nostmrum
414 2350 573 2422 felicitate
593 2358 786 2443 temporum
809 2357 1005 2420 nostrorum
1028 2348 1118 2418 bona
1144 2346 1298 2419 fidelium
1316 2347 1351 2416 in
1376 2346 1500 2416 molius
1525 2366 1604 2438 pro·

194 2481 394 2565 moventur,
419 2494 497 2543 cum
524 2473 569 2544 sit
591 2472 809 2566 regnantium
833 2471 943 2564 gloria
968 2479 1040 2542 tuta
1065 2481 1100 2542 et
1125 2471 1270 2542 affluens
1289 2467 1440 2540 conditio
1466 2467 1603 2558 subjec-

195 2604 320 2683 torum,
341 2603 505 2667 statutum
525 2595 620 2689 quod
635 2597 671 2666 in
688 2595 864 2689 premissis
879 2593 950 2666 fiori
964 2593 1219 2681 mandavimus,
1236 2593 1397 2664 nolumus
1410 2591 1600 2682 immutari;

195 2719 374 2810 presertim
406 2717 558 2790 eumad
585 2739 723 2791 omnem
751 2717 1050 2811 locupletationem
1076 2724 1269 2788 nostrorum
1308 2713 1462 2786 fidelium
1491 2715 1603 2788 inten-

194 2840 333 2933 dentes,
358 2851 394 2914 et
418 2844 468 2914 eis
489 2843 645 2916 volentes
670 2842 815 2935 gratiam
837 2863 941 2935 super
965 2840 1074 2931 gratia
1099 2841 1228 2928 facere,
1252 2837 1441 2933 predictam
1468 2839 1603 2910 tertiam

194 2972 327 3056 partem
342 2986 447 3057 quam
473 2964 518 3036 de
539 2965 740 3038 venditione
755 2965 917 3036 frumenti
941 2985 1002 3058 pro
1019 2963 1115 3034 curia
1138 2969 1254 3034 nostra
1279 2960 1523 3034 mandavimus
1546 2984 1601 3034 re·

194 3086 277 3180 cipi,
291 3088 510 3181 postmodum
524 3088 655 3162 deduci
667 3100 896 3162 statueremus
908 3089 943 3159 in
957 3088 1131 3182 quintum.
1144 3086 1200 3158 Sic
1211 3085 1302 3157 euim
1317 3085 1470 3157 universi
1484 3084 1603 3157 fideles

194 3211 302 3280 nostri
321 3210 488 3282 ditescunt
510 3221 544 3285 et
570 3214 670 3285 nobis
695 3213 778 3286 iude
799 3212 909 3306 gloria
935 3233 1003 3284 non
1020 3211 1120 3283 etiam
1145 3210 1221 3281 sine
1243 3209 1389 3280 utilitate
1404 3209 1600 3302 proveniet,

194 3353 300 3427 super
315 3334 455 3426 quibus,
472 3345 574 3428 prout
588 3337 705 3409 lictere
719 3346 835 3409 nostre
851 3337 912 3406 tibi
930 3336 1032 3407 misse
1045 3343 1080 3406 tc
1091 3333 1283 3424 docuerint,
1295 3333 1457 3404 volumus
1472 3341 1511 3404 ut
1526 3354 1604 3426 pro-

194 3454 309 3528 cedas.
327 3459 378 3528 De
394 3459 567 3532 frumento
589 3469 704 3532 autem
726 3460 822 3554 quod
844 3482 906 3553 per
929 3467 963 3531 te
987 3459 1144 3531 Nicoloso
1169 3456 1239 3528 filio
1264 3455 1409 3528 Ansaldi
1431 3455 1476 3528 de
1499 3456 1604 3549 Nigro

194 3577 306 3650 fidelis
330 3582 435 3652 nostri
462 3583 706 3655 mandavimus
727 3583 995 3676 assignandum,
1022 3584 1101 3654 licet
1124 3581 1213 3652 sicut
1234 3580 1399 3674 scripsisti
1425 3580 1461 3650 in
1481 3581 1602 3672 majori

193 3704 384 3795 quantitate
401 3707 514 3778 valeat
525 3728 630 3798 quam
644 3706 760 3801 ipsum
773 3729 794 3780 a
809 3707 905 3779 curia
917 3717 1035 3778 nostra
1052 3705 1332 3794 emit3r01umus
1345 3713 1380 3774 et
1398 3705 1602 3777 mandamus

194 3834 233 3896 ut
254 3827 367 3920 ipsum
387 3829 552 3922 expedire
576 3829 706 3903 debeas
724 3835 827 3923 juxta
845 3831 998 3924 priorum
1020 3839 1215 3902 nostrarum
1236 3827 1482 3900 continentiam
1506 3828 1601 3900 licte-

193 3971 322 4020 rarum.
343 3951 383 4020 ln
400 3950 591 4048 dampnum
608 3955 701 4026 enim
720 3955 815 4026 curie
831 3962 945 4026 nostre
958 3974 1030 4024 non
1049 3953 1153 4039 cedit,
1168 3953 1197 4024 si
1211 3959 1309 4046 prout
1327 3952 1489 4024 convenit
1506 3953 1603 4024 curia

193 4081 308 4144 nostra
331 4073 463 4146 eisdem
492 4077 617 4150 uostris
641 4077 802 4150 fidelihus
823 4079 996 4170 elargitur.
1023 4076 1126 4160 Quod
1147 4085 1262 4148 numm
1290 4074 1454 4168 scripsisti
1483 4084 1517 4148 te
1541 4098 1603 4172 pro

193 4195 318 4266 nostris
334 4199 484 4270 servitiis
499 4202 740 4272 nonnullorum
759 4202 932 4274 incurrere
949 4200 1067 4273 odium
1087 4197 1215 4271 ntideo
1231 4197 1473 4291 obloqutiunes
1484 4221 1601 4292 quam·

193 4318 345 4410 plurium
358 4343 428 4394 non
450 4324 577 4410 vitare,
599 4325 759 4396 uolumus
781 4335 816 4395 te
834 4324 879 4396 de
895 4325 1090 4418 aliquorum
1111 4321 1381 4395 detractionibus
1396 4319 1598 4407 formidare,

194 4438 382 4516 dummodo
398 4448 616 4519 servitiorum
632 4457 826 4520 nostrorum
842 4468 947 4542 opera
963 4457 997 4519 te
1013 4446 1266 4534 commendent,
1283 4467 1362 4517 cum
1381 4465 1450 4514 non
1468 4443 1513 4514 ad
1529 4465 1600 4514 ser·

194 4585 325 4653 moues,
348 4568 410 4639 sed
428 4569 474 4640 ad
490 4570 629 4642 effectus
647 4591 789 4665 operum
806 4581 921 4644 nostra
936 4571 1124 4666 prospiciat
1144 4569 1323 4641 celsitudo.
1341 4568 1405 4639 Ubi
1419 4567 1511 4638 enim
1525 4567 1601 4638 sin-

195 4689 351 4780 gulorum
370 4701 469 4764 actus
488 4694 553 4765 sub
570 4703 686 4767 nostre
704 4696 981 4769 mansuetudinis
1001 4695 1152 4789 equitate
1173 4693 1345 4784 metimur,
1370 4691 1601 4784 quorumlibet
