4246 5906
517 585 578 648 560
1022 583 1237 646 intuente!
1263 584 1438 646 sectant
1748 591 1828 676 [dra.
1847 595 1931 660 lm

516 723 653 816 culpam
675 740 764 814 pena
781 717 894 792 indice
914 719 1096 792 iatenntur.
1116 719 1167 792 De
1187 719 1417 794 serimubus
1439 721 1635 797 statuendis
1652 725 1689 796 in
1706 727 1932 804 nmtscuiuu

516 855 551 918 et
566 844 643 916 aliis
660 843 799 916 lamosis
812 842 931 916 eastris
944 841 989 916 de
1003 841 1282 936 regnioonlinio,
1303 865 1393 938 quos
1406 843 1501 918 dicis
1515 847 1632 920 minus
1650 848 1799 924 idoneos
1813 853 1845 924 si
1860 854 1931 926 lue·

516 969 586 1042 rint
600 969 798 1064 pagienses,
819 967 929 1061 placet
944 966 1043 1040 nobis
1060 967 1212 1060 provisio
1227 978 1304 1060 tua,
1323 977 1358 1040 et
1372 970 1541 1044 volumus
1559 981 1598 1042 ut
1619 972 1666 1046 de
1685 974 1764 1046 aliis
1780 978 1932 1070 partibus

516 1094 605 1166 inlra
621 1113 766 1186 regnum
784 1090 935 1164 advoces
956 1100 992 1162 et
1012 1098 1143 1162 statuas
1157 1111 1219 1162 eos
1239 1090 1308 1180 ibi,
1327 1089 1556 1166 ordinaturus
1582 1095 1634 1166 eis
1649 1116 1713 1190 pro
1729 1095 1849 1168 solidis
1868 1107 1932 1170 tres

516 1227 653 1290 tarenos
670 1215 747 1287 auri
765 1233 1007 1308 parmensem.
1025 1213 1270 1308 Eooeinsuper
1290 1213 1387 1308 quod
1407 1237 1472 1310 per
1493 1226 1650 1310 patentes
1668 1218 1804 1291 lioteras
1823 1221 1932 1314 preci·

515 1340 631 1435 pimus
641 1339 814 1412 universis
824 1337 1020 1430 justitiariis
1034 1337 1132 1431 regni
1145 1337 1252 1410 nostri
1273 1347 1310 1408 nl
1321 1338 1369 1410 ad
1382 1339 1643 1433 requisitionem
1656 1351 1773 1434 tuam,
1790 1344 1933 1416 miotant

515 1463 561 1536 ad
582 1475 617 1537 te
634 1463 821 1536 servientes
841 1461 886 1534 de
897 1461 1119 1554 justitiariatn
1140 1481 1262 1533 eornm
1282 1460 1421 1552 fideles,
1444 1462 1489 1536 de
1506 1463 1661 1538 fidelium
1678 1488 1806 1558 genere
1821 1477 1929 1560 ortos,

516 1587 660 1674 divites,
680 1587 799 1660 iratres
814 1593 848 1658 st
861 1585 1135 1679 consanguineos
1150 1583 1336 1676 babentes,
1355 1585 1401 1658 ad
1420 1597 1612 1660 castromm
1637 1589 1871 1683 predictorum
1887 1590 1931 1664 de

515 1709 664 1784 confinio
684 1711 782 1804 regni
808 1709 1001 1782 custodiam
1022 1707 1251 1803 deputandos.
1273 1709 1397 1782 Milites
1417 1712 1536 1784 Sicilie
1559 1713 1614 1786 vel
1637 1712 1792 1787 calabrie
1818 1725 1931 1788 mum

515 1835 644 1910 babere
657 1835 692 1906 in
711 1834 874 1907 comitiva
891 1833 1059 1928 expedire
1081 1853 1150 1904 non
1171 1831 1333 1906 videmus
1349 1833 1395 1906 ad
1419 1855 1571 1928 presens.
1590 1835 1801 1912 Castaliams
1818 1839 1932 1911 minus

515 1959 658 2034 idoneos
677 1979 765 2054 quos
782 1959 955 2030 inveneris
973 1957 1008 2028 in
1031 1957 1151 2030 castris
1172 1977 1291 2030 eorum
1314 1957 1472 2030 custodie
1493 1959 1665 2052 deputatis
1685 1981 1764 2032 cum
1789 1963 1932 2036 oonsilio

514 2087 701 2183 provisoris
723 2093 911 2156 castrorum
927 2091 962 2154 et
975 2081 1152 2174 Justitiarii
1170 2081 1321 2176 regionis
1343 2082 1438 2154 illins
1464 2083 1626 2158 volumus
1645 2087 1819 2178 amoveri,
1845 2097 1881 2160 et
1895 2088 1930 2159 in

514 2213 629 2285 locum
651 2230 770 2283 eorum
796 2205 916 2280 fideles
937 2215 971 2280 et
998 2205 1141 2280 idoneos
1163 2205 1366 2298 subrogari,
1397 2209 1552 2302 exeeptis
1578 2211 1772 2284 castellanis
1795 2212 1929 2284 illorum

514 2345 701 2409 castrorum
721 2353 790 2426 que
805 2331 997 2426 specialiter
1018 2330 1133 2404 eidem
1156 2331 1324 2425 provisori
1350 2333 1508 2405 semotim
1529 2335 1732 2429 transcripta
1752 2336 1789 2406 in
1808 2337 1929 2409 cedula

514 2459 665 2555 quadam
692 2455 959 2545 transmisimus,
983 2475 1132 2550 quorum
1151 2454 1359 2528 amotionem
1382 2467 1500 2530 nostra
1518 2459 1728 2530 couscientia
1750 2479 1928 2532 reservam

513 2584 594 2657 dam
617 2581 794 2654 duximus.
820 2581 871 2650 Tu
896 2586 1010 2650 autem
1032 2577 1078 2650 de
1105 2579 1299 2650 castellanis
1324 2579 1409 2674 ipsis
1436 2581 1681 2654 nichilominus
1703 2581 1876 2676 inquiras,
1898 2585 1927 2655 si

513 2709 601 2781 forte
621 2707 746 2801 aliquis
767 2725 886 2776 eorum
906 2703 1021 2774 minus
1041 2700 1188 2776 idoneus
1205 2714 1403 2798 appareret,
1424 2713 1459 2776 et
1474 2725 1562 2799 quos
1577 2704 1622 2778 de
1638 2705 1689 2778 eis
1707 2708 1792 2778 torte
1813 2707 1926 2778 minus

512 2833 657 2908 idoneos
677 2830 871 2920 inveneris,
899 2849 1025 2900 nornen
1046 2828 1337 2921 uniuscujusque,
1363 2837 1399 2902 et
1426 2828 1522 2902 unde
1549 2829 1618 2901 sint
1642 2829 1800 2920 oriundi,
1828 2831 1926 2903 nobis

512 2957 671 3030 distinete
684 2963 719 3028 et
731 2955 882 3027 seriatim
897 2949 1071 3046 significes
1084 2961 1123 3022 ut
1136 2950 1233 3046 qnod
1249 2951 1351 3024 nobis
1366 2952 1536 3048 placuerit
1559 2961 1762 3026 statuamus.
1784 2955 1834 3026 lle
1849 2975 1924 3026 eus

511 3080 605 3154 todia
632 3080 731 3154 castri
757 3077 918 3172 Neapolis
942 3086 1012 3148 mm
1035 3076 1070 3146 in
1099 3075 1266 3148 militibus
1288 3097 1394 3170 qnam
1419 3077 1457 3148 in
1483 3097 1627 3148 numero
1648 3077 1871 3150 servientium
1891 3087 1924 3150 et

511 3203 762 3292 videndarum,
785 3211 1012 3276 statueramus
1037 3200 1134 3294 prius
1160 3221 1265 3295 quam
1293 3199 1339 3274 ad
1368 3222 1434 3274 nos
1463 3210 1522 3274 tue
1549 3201 1666 3272 liotore
1688 3201 1919 3295 pervenirent.

511 3330 636 3404 Milites
655 3337 771 3400 autem
795 3325 974 3421 deputatos
989 3323 1119 3396 ibidem
1138 3345 1215 3398 esse
1235 3325 1344 3398 iacias
1359 3325 1435 3398 s'ine
1454 3325 1573 3420 equb,
1589 3325 1673 3418 quia
1693 3345 1764 3397 uon
1782 3325 1924 3398 suntad

512 3454 612 3528 castri
626 3451 818 3524 custodiam
829 3449 1001 3544 oportuni.
1019 3450 1069 3519 De
1084 3447 1258 3520 trabuobis
1271 3460 1307 3520 et
1326 3448 1496 3522 machinis
1514 3469 1586 3544 qne
1598 3469 1688 3544 papa
1705 3447 1779 3520 lieri
1795 3449 1874 3520 lacit
1889 3448 1922 3519 in

512 3577 632 3652 caetris
643 3575 733 3662 suis,
750 3575 912 3646 volumus
928 3581 968 3644 ut
982 3572 1012 3644 si
1026 3591 1180 3666 unquam
1201 3571 1276 3644 lieri
1298 3582 1429 3666 potest,
1446 3573 1528 3666 igno
1545 3593 1608 3644 sou
1624 3573 1742 3666 aliquo
1757 3593 1923 3666 quocum·

512 3721 581 3795 que
613 3698 715 3772 modo
747 3699 852 3770 iacias
880 3695 1067 3770 devastari.
1100 3695 1243 3768 Balistas
1272 3718 1361 3791 quas
1396 3696 1600 3769 Thomasius
1636 3695 1681 3768 de
1711 3697 1922 3788 llontenigro
2063 3797 2066 3803 Ι

510 3825 732 3917 justitiarius,
750 3832 833 3914 etc,
859 3831 893 3895 et
915 3821 1067 3914 Angelus
1088 3819 1134 3893 de
1152 3820 1263 3894 lllarra
1284 3819 1358 3894 lieri
1388 3821 1515 3894 facient
1535 3831 1570 3894 el
1590 3821 1652 3892 tibi
1676 3819 1919 3912 assignabunt,

512 3948 651 4022 dividas
673 3969 735 4044 per
759 3955 868 4020 castra
887 3954 1021 4032 nostra,
1042 3944 1132 4016 siout
1154 3943 1216 4016 tibi
1234 3943 1395 4018 dedimus
1421 3945 1499 4016 vioe
1520 3944 1588 4016 alia
1612 3945 1647 4014 in
1670 3943 1853 4016 mandatis.
1873 3943 1921 4012 De

512 4073 650 4146 nunciis
672 4071 740 4143 luis
760 4069 943 4144 mielendis
964 4091 1044 4141 oum
1061 4089 1203 4142 neeesse
1226 4069 1328 4142 luerit
1346 4079 1381 4140 et
1408 4069 1550 4142 servitio
1577 4077 1692 4141 nostro
1712 4065 1918 4161 expedierit,

512 4197 622 4292 placet
635 4193 735 4269 nobis
752 4193 846 4288 quod
865 4215 1019 4288 expense
1038 4193 1231 4266 necessarie
1246 4203 1281 4264 et
1296 4201 1533 4288 competentes
1549 4192 1599 4264 eis
1622 4191 1699 4262 date
1713 4189 1775 4260 tibi
1796 4189 1832 4258 in
1856 4187 1920 4258 tuis

512 4319 701 4393 rationibus
720 4326 972 4410 computentur.
993 4314 1094 4402 Quod
1114 4316 1218 4388 iacias
1237 4316 1358 4388 venire
1376 4335 1521 4388 uxorem
1542 4323 1637 4386 tuam
1658 4313 1704 4386 ad
1718 4320 1752 4383 te
1773 4320 1919 4382 moratu·

511 4467 585 4518 ram
609 4443 644 4514 in
669 4443 771 4515 Terra
794 4439 954 4526 Laboris,
979 4439 1134 4534 petitioni
1163 4449 1222 4512 tue
1248 4439 1499 4528 satisfacimus,
1527 4451 1560 4510 et
1584 4434 1785 4512 excellentie
1809 4443 1919 4506 nosue

512 4569 625 4663 placet
641 4574 680 4638 ut
700 4587 777 4638 eam
796 4585 875 4637 oum
895 4563 1022 4636 familia
1038 4583 1101 4634 sua
1121 4561 1226 4636 facim
1246 4583 1322 4636 esse
1343 4563 1380 4634 in
1400 4571 1510 4634 castro
1529 4569 1643 4632 nosbo
1659 4557 1805 4647 Theani,
1828 4553 1918 4650 quod

512 4689 716 4785 competenti
734 4689 808 4760 loco
826 4686 997 4780 positum,
1016 4686 1098 4757 salis
1116 4697 1168 4760 est
1182 4687 1401 4782 processibus
1417 4686 1486 4757 tuis
1503 4681 1750 4769 accomodum3
1770 4678 1867 4775 quod
1883 4689 1920 4750 ut
