4228 5892
208 591 309 655 lnntcr.
329 587 389 674 12]
658 586 852 649 HISTORIA
877 584 1169 648 ntrtottnntcn.
1559 587 1620 648 att

210 747 291 800 nam
305 724 413 800 teneri
427 722 649 819 permisimus
669 729 833 816 paternus
850 741 913 794 nos
931 721 1040 794 movit
1057 721 1217 809 allectus,
1232 720 1449 816 sperantibus
1465 722 1566 794 nobis
1582 731 1621 794 ut

210 858 350 946 propter
362 848 429 920 hoc
441 855 551 920 status
572 853 687 917 vester
702 843 899 939 indempnis
921 853 956 918 et
972 845 1106 938 integer
1123 853 1317 918 servaretur
1332 852 1367 917 et
1384 844 1483 917 nobis
1500 854 1535 917 et
1548 845 1621 916 im-

210 969 308 1068 perio
325 969 459 1043 cederet
474 967 521 1042 ad
535 967 813 1041 commoditatem
829 967 966 1040 servicii
980 976 1015 1041 et
1031 967 1182 1040 honoris.
1201 966 1270 1039 Sed
1283 968 1343 1039 ubi
1357 975 1406 1040 tot
1419 969 1621 1041 vexationes

210 1103 343 1168 vestras
358 1103 393 1166 et
414 1092 620 1164 mutationes
644 1091 843 1163 innumeras
861 1099 895 1163 et
913 1089 1068 1163 diversas
1089 1091 1292 1164 habentium
1312 1114 1334 1164 a
1352 1091 1498 1164 diversis
1511 1093 1622 1166 natio·

212 1217 315 1290 nibus
325 1225 511 1312 potestates
525 1215 562 1285 iu
576 1214 679 1286 vobis
692 1213 920 1304 advertimus,
936 1235 998 1308 per
1012 1235 1100 1308 quas
1116 1214 1327 1286 turbationes
1343 1215 1505 1289 continue
1518 1217 1621 1289 statui

211 1349 327 1415 vestro
343 1347 378 1411 et
397 1337 550 1432 dampna
567 1345 730 1430 parantur
743 1333 806 1434 [et]
823 1335 1043 1409 inhibitiones
1061 1339 1200 1409 luerunt
1217 1337 1312 1431 quod
1331 1338 1435 1432 petita
1453 1348 1487 1410 et
1507 1337 1622 1412 debita

213 1485 275 1560 per
291 1485 355 1536 vos
376 1461 519 1557 imperio
533 1461 682 1533 servicia
704 1481 774 1533 non
792 1469 1004 1555 prestantur,
1021 1461 1106 1554 quin
1120 1461 1254 1555 posiae,
1270 1459 1367 1554 quod
1380 1471 1432 1534 est
1447 1462 1622 1535 difficilius

213 1598 247 1661 et
261 1609 402 1684 prorsus
420 1585 612 1679 ingratum,
630 1583 676 1658 ad
696 1584 980 1658 commovendam
995 1593 1113 1658 contra
1128 1606 1190 1658 nos
1208 1607 1368 1679 guerram
1387 1607 1450 1658 vos
1464 1587 1624 1682 antiquos

212 1711 333 1786 fideles
349 1709 484 1806 imperii
505 1716 665 1803 satagunt
681 1708 824 1780 incitare
844 1717 880 1782 et
899 1707 1061 1782 mandata
1082 1717 1198 1781 nostra
1213 1707 1380 1782 obaudire
1393 1711 1621 1805 compellunt,

212 1835 278 1909 hec
293 1845 328 1908 et
342 1834 410 1906 alia
422 1833 581 1926 graviora
601 1833 638 1903 in
657 1841 807 1904 nostram
824 1832 985 1924 injuriam
1003 1842 1038 1904 et
1052 1831 1198 1905 evidens
1217 1832 1407 1928 dampnum
1422 1819 1625 1908 auctoritate

212 1957 313 2034 Sedis
327 1956 521 2052 Apostolice
538 1955 786 2044 machinantes,
804 1956 897 2048 juste
916 1955 1115 2028 inducimur
1126 1965 1161 2028 et
1172 1977 1353 2028 movemur
1366 1977 1429 2030 vos
1446 1957 1626 2030 universos

213 2091 249 2156 et
264 2081 423 2175 singulos
436 2101 457 2152 a
468 2079 663 2172 juramento
677 2078 772 2172 quod
794 2100 841 2150 ex
859 2079 1083 2172 permissione
1105 2089 1219 2152 nostra
1236 2079 1359 2151 vestris
1377 2079 1626 2153 detractoribus

212 2205 311 2279 salvo
324 2204 454 2276 honore
470 2202 606 2298 imperii
623 2201 849 2297 prestiteritis,
864 2221 911 2274 ex
925 2201 1089 2296 predictis
1105 2202 1220 2274 causis
1235 2203 1416 2276 absolvere
1433 2225 1475 2276 ac
1492 2203 1627 2276 denun-

214 2329 305 2402 ciare
316 2327 456 2423 penitus
468 2325 655 2398 absolutos.
676 2323 911 2398 Premittentes
925 2324 1089 2398 dilectum
1107 2325 1217 2398 lilium
1234 2335 1388 2398 nostrum
1404 2327 1446 2398 ll.
1464 2348 1594 2421 regem.
1613 2382 1622 2400 .

218 2502 513 2524 ........
531 2469 678 2544 persone
692 2456 809 2521 nostre
825 2450 1019 2542 speculum,
1039 2451 1100 2543 qui
1118 2471 1182 2522 vos
1197 2471 1317 2523 omnes
1330 2450 1409 2522 vice
1429 2461 1464 2522 et
1480 2472 1627 2544 persona

216 2585 331 2650 nostra
358 2574 396 2646 in
426 2581 634 2646 nostramet
663 2571 798 2667 imperii
827 2571 970 2644 reducat
995 2573 1161 2644 ditionem
1185 2582 1221 2644 et
1251 2573 1298 2646 ad
1323 2573 1462 2646 solitam
1492 2572 1627 2667 imperii

215 2699 421 2788 libertatem,
435 2705 635 2792 recepturus
646 2696 692 2768 ab
706 2695 880 2767 universis
892 2703 927 2767 et
938 2696 1083 2788 singulis
1096 2705 1248 2768 vestrum
1264 2695 1441 2790 corporale
1454 2717 1516 2789 pro
1529 2696 1629 2768 nobis

216 2832 251 2894 et
269 2821 415 2914 imperio
425 2821 673 2912 juramentum.
689 2819 733 2890 Et
748 2819 826 2890 licet
838 2818 945 2912 aliqui
963 2818 1023 2912 qui
1037 2839 1100 2912 pro
1116 2827 1269 2914 tempore
1286 2820 1424 2890 lirerunt
1439 2841 1477 2892 se
1495 2829 1629 2891 nostros

216 2947 363 3018 nuncios
386 2945 551 3018 iacientes
575 2965 639 3017 vos
656 2944 795 3017 nomine
813 2952 928 3016 nostro
950 2943 1140 3037 receperint
1157 2964 1221 3016 uec
1246 2941 1492 3038 promissiones
1509 2965 1629 3016 eorum

217 3069 393 3164 potuerint
407 3068 610 3158 ohservare,
631 3067 716 3140 dum
729 3075 824 3139 motu
840 3067 978 3162 proprio
994 3067 1071 3138 sine
1091 3074 1207 3138 nostra
1225 3075 1317 3140 certa
1334 3067 1473 3138 scientia
1485 3087 1631 3161 proces·

219 3192 362 3280 sissent,
382 3191 417 3262 in
441 3190 512 3263 lilio
533 3201 648 3263 nostro
665 3189 831 3285 quamde
848 3199 963 3262 nostro
980 3190 1086 3262 latere
1105 3188 1316 3262 destinamus
1331 3211 1410 3262 cum
1425 3189 1632 3270 certitudine

220 3321 337 3386 nostre
362 3313 570 3386 conscientie
595 3334 637 3384 ac
660 3320 816 3407 prompte
836 3310 1053 3405 plenitudiue
1077 3312 1253 3408 potestatis
1268 3312 1393 3385 damus
1410 3312 1510 3384 vobis
1526 3309 1632 3386 confi·

221 3435 372 3510 dentiam
389 3438 491 3532 plene
508 3445 656 3525 certam,
677 3435 819 3507 firmiter
845 3457 887 3507 ac
903 3434 1172 3508 irrevocabiliter
1192 3436 1428 3530 promittentes
1447 3435 1544 3529 quod
1569 3456 1633 3508 vos

222 3580 343 3634 omnes
357 3560 393 3630 in
409 3559 570 3632 manibus
588 3558 713 3632 nostris
736 3567 772 3632 et
795 3557 959 3631 fidelitate
984 3566 1176 3652 resumptos
1191 3566 1226 3630 et
1244 3558 1280 3629 iu
1306 3559 1447 3653 perenni
1468 3567 1584 3631 nostro
1599 3569 1634 3632 et

222 3683 359 3778 imperii
383 3683 536 3755 dominio
558 3683 769 3773 tenebimus,
788 3681 884 3754 nullo
906 3691 1058 3775 tempore
1083 3680 1206 3753 ditioni
1230 3682 1370 3754 alterius
1391 3682 1629 3776 resignandos.

223 3805 332 3878 lmmo
346 3806 463 3879 lovere
479 3825 543 3878 vos
558 3805 671 3878 modis
686 3805 847 3878 omnibus
861 3813 896 3876 et
908 3804 1078 3877 bonorare
1091 3803 1308 3900 disponimus
1319 3804 1517 3877 liberalibus
1532 3807 1635 3880 bene-

224 3925 312 4001 liciis
329 3936 365 4000 et
379 3929 574 4022 augmentis
588 3928 778 4018 honorum,
796 3927 909 4001 eidem
926 3927 999 4021 regi
1013 3926 1083 4000 lilio
1095 3935 1212 4000 nostro
1227 3935 1432 4024 potestatem
1447 3929 1635 4023 plenariam

227 4051 455 4126 concedentes
469 4050 617 4125 faciendi
632 4072 695 4124 vos
709 4059 821 4125 certos
837 4051 964 4144 pariter
978 4059 1013 4122 et
1030 4071 1169 4124 securos
1185 4050 1281 4146 quod
1298 4072 1339 4124 ea
1356 4073 1427 4148 que
1441 4052 1540 4125 vobis
1556 4074 1637 4149 pro-

226 4176 393 4248 mittimus
415 4185 533 4264 tenore
550 4175 759 4270 presentium
777 4183 811 4247 et
827 4195 889 4270 per
905 4195 985 4246 enm
1002 4174 1164 4246 volumus
1189 4174 1433 4249 inviolabiliter
1445 4176 1633 4249 observari.

227 4299 342 4384 Quare
362 4298 569 4371 mandamus
587 4306 623 4371 et
645 4297 851 4392 precipimus
868 4296 968 4369 vobis
985 4297 1051 4369 sub
1072 4297 1190 4370 debito
1209 4296 1382 4372 fidelitatis
1397 4321 1468 4394 quo
1490 4301 1590 4374 nobis
1604 4309 1639 4372 et

227 4422 371 4518 imperio
381 4422 544 4496 tenemini
559 4432 594 4496 et
605 4423 768 4517 subpena
783 4419 949 4515 regalium
962 4422 1085 4516 queab
1100 4422 1245 4517 imperio
1259 4423 1455 4519 possidetis,
1467 4433 1638 4518 quatenus

228 4544 342 4619 eidem
361 4546 448 4640 regi,
463 4545 628 4638 abjuratis
642 4544 802 4617 omnibus
812 4544 1015 4638 juramentis
1030 4566 1099 4637 que
1122 4546 1197 4617 aliis
1216 4546 1417 4640 prestitistis,
1433 4547 1499 4619 sibi
1514 4548 1639 4622 amodo

228 4669 305 4743 loco
318 4670 426 4742 nostri
444 4667 491 4744 de
503 4669 628 4743 nostris
645 4667 795 4743 servitiis
806 4668 842 4739 in
855 4667 1016 4740 omnibus
1031 4669 1173 4762 parituri
1189 4665 1267 4766 (sic)
1282 4669 1338 4742 cni
1353 4669 1513 4745 dedimus
1528 4681 1641 4767 potes·

308 4793 349 4856 v.
1440 4801 1479 4854 sa
