4242 5904
178 625 277 685 brnrcr.
297 619 358 703 lt]
624 618 826 681 HISTORIA
852 615 1149 678 ulltollttllcll.
1543 621 1600 683 165

179 758 297 850 cilixo,
316 779 380 853 per
394 755 537 828 nuntios
556 767 591 826 et
611 756 740 828 litteras
756 765 893 828 nostras
911 751 1042 826 exinde
1057 751 1213 846 requisiti
1229 753 1469 826 consultationi
1488 765 1603 829 nostre

178 883 333 957 consulte
343 901 384 954 ac
396 878 543 975 provide
554 878 808 974 respondemnt
824 899 863 952 se
875 899 992 974 usqne
1008 874 1055 950 ad
1073 875 1265 971 predictum
1283 878 1490 973 completum
1507 887 1600 952 treu-

179 1027 302 1100 garum
312 1003 499 1077 terminum
512 1011 751 1098 exequuturos
769 1001 955 1077 efficaciter
972 1021 1092 1097 preces
1110 1007 1261 1085 nostras3
1278 1023 1468 1096 superque
1485 1001 1601 1096 dignis

178 1129 366 1224 gratiarum
384 1125 578 1198 actionibus
591 1125 864 1221 approbavimus
880 1125 1060 1221 provisum
1076 1123 1230 1218 ipsorum
1246 1122 1504 1198 deliberationis
1521 1148 1601 1200 con·

179 1252 293 1323 silium
319 1262 355 1323 et
376 1271 595 1345 responsum.
625 1247 681 1321 Ad
708 1249 772 1322 hec
800 1272 880 1320 cum
911 1269 1095 1344 personam
1124 1257 1275 1320 vestram
1302 1247 1421 1321 videre
1451 1250 1600 1323 fraterno

180 1376 363 1472 cupiamus
383 1373 508 1445 ellectu
522 1382 557 1444 et
575 1371 739 1445 honorem
762 1373 870 1444 vestri
889 1371 1046 1468 passagii
1064 1371 1248 1443 liberaliter
1269 1393 1474 1466 procurare,
1497 1375 1600 1446 uolu-

183 1522 258 1571 mus
275 1509 310 1570 et
326 1517 490 1591 rogamus
505 1505 544 1566 ut
559 1495 632 1568 vita
646 1497 770 1568 comite
787 1517 848 1591 per
865 1517 928 1568 nos
944 1505 978 1568 et
997 1517 1143 1588 regnum
1163 1507 1316 1566 nostrum
1335 1495 1451 1568 Sicilie
1469 1518 1599 1591 oppor-

181 1633 264 1694 tuno
288 1631 441 1714 tempore
464 1619 659 1707 transeatis,
683 1618 767 1712 quia
790 1629 907 1692 nostre
929 1642 998 1692 non
1024 1618 1189 1691 resideret
1212 1627 1348 1712 gratum
1375 1621 1544 1692 voluntati
1568 1623 1598 1693 si

181 1744 320 1818 aliunde
335 1743 436 1816 nobis
459 1743 583 1814 invisis
607 1742 789 1814 transitum
810 1743 986 1834 laceretis,
1008 1742 1159 1815 maxime
1180 1763 1260 1814 eum
1280 1763 1427 1834 regnum
1445 1753 1598 1816 nostrum

182 1869 225 1940 sit
240 1869 352 1940 taliter
371 1865 594 1938 constitutum
620 1865 715 1960 qnod
733 1887 796 1961 per
822 1866 909 1939 illud
933 1866 980 1939 ad
1006 1875 1120 1961 partes
1144 1866 1389 1940 transmarinas
1412 1867 1543 1940 facilior
1565 1877 1599 1942 et

181 1990 404 2089 opportunior
419 1990 582 2062 transitus
598 1986 796 2084 prebeatur.

227 2117 353 2187 Datum
370 2113 551 2204 Vercellis,
566 2113 613 2184 Xl
631 2111 816 2203 februarii,
839 2110 1025 2184 undecima
1042 2109 1253 2184 indictionis.

408 2379 1368 2396 munumentum—*—

234 2620 470 2728 Fridericus‚
502 2620 765 2704 Romanorum
809 2619 1036 2728 imperator,
1076 2621 1300 2706 consulibus
1342 2625 1517 2711 Mantuae
1552 2629 1602 2712 ad

181 2756 492 2865 conquestionem
509 2752 684 2837 Dieterici
702 2751 827 2835 fidelis
855 2753 915 2835 sui
937 2753 1096 2836 mendat
1117 2764 1160 2835 ut
1183 2755 1337 2838 cuidam
1354 2758 1517 2842 iohanni
1535 2763 1603 2872 qui

180 2889 231 2971 ad
249 2913 361 2971 suam
379 2887 634 2996 praesentiam
652 2912 741 2969 cum
763 2883 977 2970 falconibus
994 2885 1191 2994 veniebat,
1215 2887 1355 2998 injuste
1373 2890 1501 2975 ablata
1518 2919 1604 2976 res-

181 3021 267 3104 titui
286 3019 440 3103 faciant.

262 3219 388 3300 (incdit.
403 3237 442 3282 ex
455 3221 649 3298 quatemloue
662 3234 860 3297 pergameum
873 3235 933 3280 sec.
948 3219 1035 3294 xln,
1047 3220 1218 3282 chartularii
1229 3225 1336 3284 veterb
1350 3224 1507 3286 Mantuani
1523 3225 1604 3306 freg-

301 3333 414 3400 mento,
428 3328 461 3388 ln
475 3325 596 3388 archivo
609 3327 738 3386 clutatb
750 3325 843 3403 hujus
855 3331 1014 3386 asservato.
1037 3325 1124 3400 Quod
1135 3325 1290 3388 nobiscum
1299 3327 1457 3390 llberellter
1471 3347 1605 3408 commu-

301 3434 414 3493 nlcavlt
426 3432 467 3494 cl.
482 3434 530 3492 vlr
539 3429 745 3509 Boebmems.)

230 3602 440 3693 Friderieus,
461 3603 522 3676 Dei
540 3603 657 3698 gracia
675 3604 908 3676 Romanorum
927 3602 1126 3698 imperator,
1148 3626 1285 3700 semper
1299 3617 1481 3702 augustus,
1503 3611 1606 3683 Jeru-

184 3727 291 3798 salem
308 3735 344 3798 et
363 3726 478 3799 Sicilie
497 3747 580 3818 rex,
599 3726 802 3799 consulibus
820 3727 977 3818 llantue,
1003 3725 1165 3800 fidelibus
1184 3731 1276 3821 suis,
1292 3732 1441 3823 graciam
1457 3755 1554 3806 suam
1571 3747 1606 3808 et

185 3848 309 3922 bonam
326 3851 553 3924 voluntatem.
569 3851 782 3924 Constitutus
800 3850 837 3921 in
855 3850 1033 3945 presencia
1054 3861 1170 3924 nostra
1191 3852 1280 3925 lator
1297 3855 1507 3948 presentium
1526 3858 1605 3930 Dic·

185 3973 341 4065 tericius,
365 3973 478 4048 fidelis
495 3984 623 4066 noster,
646 3975 745 4046 nobis
762 3974 944 4070 proposuit
960 3975 1219 4070 conquerendo,
1236 3978 1332 4072 quod
1349 3979 1492 4073 quidam
1510 3981 1606 4055 cives

185 4097 362 4170 Mantuani
383 4098 518 4172 socium
537 4099 648 4195 ipsius
666 4099 883 4190 iohannem,
904 4098 966 4193 qui
983 4097 1030 4172 ed
1052 4109 1202 4173 nostram
1222 4103 1428 4197 presentiam
1445 4127 1524 4178 cum
1543 4107 1605 4179 sel·

186 4221 329 4294 cunibus
345 4222 528 4314 veniebat,
545 4223 705 4318 nequiter
719 4225 955 4315 vulnerantes,
976 4223 1082 4296 rebus
1095 4226 1258 4298 omnibus
1271 4227 1473 4322 spoliarunt.
1491 4231 1606 4315 Quare

187 4342 340 4416 fidelitati
367 4355 483 4418 vestre
507 4347 714 4420 mandamus
738 4347 923 4442 quatinus,
949 4347 979 4419 si
1003 4358 1056 4420 est
1078 4348 1146 4442 ita,
1173 4350 1218 4424 de
1243 4351 1369 4443 injuria
1391 4353 1547 4426 satisfieri
1572 4365 1606 4428 et

185 4466 297 4540 ablata
314 4469 381 4540 sibi
395 4470 529 4543 restitui
548 4472 695 4561 faciatis,
715 4481 752 4543 ut
771 4493 876 4567 super
893 4471 960 4543 boc
981 4473 1112 4546 nnllam
1131 4476 1381 4569 querimoniam
1398 4477 1600 4571 audiamus,

186 4601 218 4664 et
231 4590 450 4666 devotionem
468 4605 618 4668 vestram
636 4596 759 4670 merito
775 4595 1020 4670 commendare
1038 4599 1220 4693 possimus.

233 4715 355 4788 Datum
372 4711 538 4812 Novarie,
560 4720 622 4792 XV
637 4719 825 4811 februarii,
843 4721 891 4793 xl
908 4719 1107 4795 indictione.
