4246 5906
224 565 328 642 riute.
345 577 408 656 ra]
680 575 878 639 nrsronrn
902 573 1196 637 nrruonnrrcn.
1574 577 1634 638 srr

225 713 321 786 curia
339 711 570 784 continentem
589 711 782 806 quodcum
800 709 935 784 dudum
953 718 1106 804 tempore
1120 731 1190 803 qno
1206 710 1350 781 Senator
1369 707 1415 781 de
1426 707 1550 782 Arcbis
1559 711 1634 802 jus·

224 837 406 908 titiariatus
426 835 580 908 officinm
603 836 639 905 in
665 835 749 929 ipsis
781 835 940 929 partibus
950 833 1141 906 exercebar
1150 847 1162 922 ,'
1188 832 1260 906 duo
1285 832 1443 906 homines
1468 833 1635 906 interfecti

224 960 364 1031 fuerunt
381 959 417 1028 in
438 959 592 1053 partibus
615 957 773 1030 Braballe
790 979 855 1030 nec
879 957 1027 1030 inveniri
1051 967 1236 1050 potuerunt
1258 955 1448 1046 homicide,
1469 966 1503 1029 et
1525 952 1633 1054 [oum]

223 1080 317 1154 idem
335 1083 480 1155 Senator
498 1090 580 1152 tnnc
594 1079 802 1172 justitiarius
821 1079 975 1151 minteret
993 1099 1052 1150 eos
1066 1077 1163 1173 apud
1179 1077 1391 1168 Braballam,
1406 1087 1445 1149 nt
1458 1078 1502 1151 ab
1519 1077 1633 1151 bomi-

223 1203 329 1276 nibus
346 1213 434 1276 terre
450 1203 560 1298 ipsius
575 1203 764 1277 ducentum
780 1201 979 1294 augustales
995 1199 1151 1291 exigeret
1164 1201 1268 1291 juxte
1290 1208 1482 1272 nostrarum
1506 1201 1633 1272 consti·

221 1326 393 1398 tutionum
419 1334 589 1416 tenorem,
615 1347 678 1420 pro
700 1333 809 1400 morte
827 1325 981 1413 illorum,
1008 1322 1055 1396 ad
1078 1345 1167 1419 opus
1193 1325 1288 1396 curia
1317 1332 1449 1410 nostre,
1477 1321 1632 1398 homines

222 1447 379 1520 Rraballe
396 1449 601 1520 insiluerunt
621 1448 658 1518 in
676 1468 755 1539 eos,
783 1447 878 1542 ipsos
895 1445 1039 1518 renibus
1056 1456 1091 1518 et
1109 1447 1317 1518 clamoribus
1334 1431 1456 1517 multis
1467 1445 1632 1520 hostiliter

221 1579 484 1664 persequentes,
503 1581 538 1642 et
562 1569 628 1642 nisi
653 1569 749 1663 quod
771 1570 854 1660 fuge
875 1567 1070 1642 subsidium
1091 1569 1316 1656 invenerunt,
1339 1569 1428 1640 sicut
1455 1580 1628 1660 asserunt,

221 1691 469 1764 interfecissent
485 1691 643 1778 eosdem,
664 1701 801 1786 propter
818 1689 914 1784 quod
931 1693 1129 1782 augustales
1155 1691 1250 1786 ipsos
1274 1691 1474 1785 recolligere
1489 1693 1632 1765 minime

220 1825 420 1910 potuerunt,
440 1816 475 1886 in
493 1815 682 1910 dampnum
702 1823 817 1886 nostre
834 1813 930 1886 curie
943 1823 977 1886 et
992 1815 1153 1906 injuriam
1170 1813 1398 1886 manifestam.
1415 1815 1530 1898 Quare
1546 1814 1631 1888 fide·

219 1937 306 2009 litati
322 1947 381 2009 tue
396 1937 617 2032 precipiendo
635 1936 842 2009 mandamns
863 1945 1035 2029 quatenus
1057 1936 1213 2030 inquiras
1233 1958 1339 2032 snper
1355 1937 1531 2031 premissis
1549 1937 1628 2010 dili·

218 2060 359 2153 gentius
376 2061 571 2148 verimtem,
590 2071 625 2132 et
637 2060 666 2131 si
683 2080 756 2131 rem
779 2059 953 2131 inveneris
969 2058 1017 2131 ita
1033 2079 1110 2130 esse
1128 2059 1218 2131 sicut
1239 2059 1399 2154 superins
1415 2060 1625 2150 continetur,

218 2182 417 2272 augustales
431 2183 524 2276 ipsos
541 2181 586 2254 ad
602 2203 691 2276 opus
707 2190 825 2254 nostre
845 2181 939 2254 curie
956 2181 1099 2254 studeas
1117 2181 1250 2273 integra
1265 2181 1407 2275 exigere
1429 2191 1463 2254 et
1480 2181 1622 2271 babere,

219 2325 261 2375 ac
282 2303 409 2376 deinde
430 2295 586 2377 homines
608 2314 697 2378 tarro
715 2303 869 2399 predicte
892 2325 981 2398 qnos
1000 2304 1063 2375 tibi
1083 2303 1269 2377 constiterit
1292 2305 1373 2376 talia
1394 2315 1623 2400 perpetrasse,

217 2427 329 2499 taliter
342 2427 466 2521 punias
482 2427 617 2518 justitia
639 2426 817 2500 mediante
832 2427 928 2520 qnod
946 2427 1061 2520 stipsi
1083 2448 1125 2499 ea
1145 2449 1183 2499 se
1197 2427 1408 2500 commisisse
1432 2429 1622 2523 peniteant,

217 2549 325 2622 etalii
343 2557 457 2622 nostre
474 2549 644 2622 felicitatis
663 2549 877 2646 temporibus
894 2549 1019 2621 similia
1036 2570 1105 2622 non
1122 2559 1305 2623 actentent.

265 2674 390 2744 Datum
405 2668 456 2768 [ut
467 2669 595 2769 suprnj.

264 2798 347 2867 liam
363 2797 519 2888 scripsit:

263 2918 484 3008 fredericus,
504 2927 588 3006 etc,
606 2917 792 3010 justitiario
808 2917 909 2990 vallis
928 2916 1029 2990 Grato
1045 2927 1079 2990 et
1097 2926 1184 2990 terre
1207 2915 1375 3009 Iordane,
1399 2927 1464 2991 eto.
1490 2919 1625 2994 Consti-

216 3049 311 3112 tutus
329 3041 365 3112 in
387 3041 559 3134 presentia
573 3051 689 3113 nostra
706 3043 848 3113 Senator
867 3040 913 3112 de
928 3039 1050 3112 Archis
1067 3038 1179 3112 fidelis
1200 3047 1314 3112 noster
1328 3043 1492 3136 exposuit
1509 3064 1624 3116 coram

215 3164 333 3252 nobis,
356 3163 451 3257 quod
468 3185 548 3234 cum
564 3162 718 3252 dudum,
737 3184 779 3235 eo
793 3172 977 3235 exercente
987 3163 1227 3255 justitiariatus
1246 3163 1397 3236 officium
1414 3166 1451 3236 in
1467 3169 1624 3261 partibus

214 3286 314 3379 ipsis,
333 3285 540 3357 commiserit
554 3285 736 3357 Tbomasio
758 3285 803 3358 de
822 3285 1037 3374 Marturano‚
1066 3307 1158 3358 anno
1182 3287 1311 3358 scilicet
1328 3288 1440 3381 primo
1463 3293 1624 3384 preterito

215 3406 276 3478 Xll
295 3405 512 3494 indictionis,
529 3407 704 3479 collectam
718 3406 917 3500 recolligere
932 3427 954 3478 a
969 3406 1109 3501 prelatis
1123 3416 1157 3478 et
1171 3409 1304 3480 clericis
1322 3419 1409 3481 terre
1422 3411 1571 3486 iordane
1588 3425 1623 3486 et

152 3547 158 3558 ·
217 3527 411 3622 qnamdam¹
425 3529 527 3600 aliam
550 3529 778 3621 quantitatem
804 3530 952 3624 pecunie
975 3528 1020 3601 da
1042 3528 1155 3601 officio
1176 3531 1417 3621 justitiariatus
1438 3533 1473 3604 in
1499 3534 1622 3607 eadem

216 3661 324 3740 terra,
351 3653 450 3744 enjus
468 3672 603 3723 summa
626 3652 767 3723 collecte
783 3659 818 3722 et
834 3651 1035 3744 quantitatis
1058 3653 1206 3746 monnio
1223 3654 1429 3726 ascendebat
1452 3656 1541 3728 sicut
1565 3681 1622 3732 as-

215 3773 296 3845 serit
312 3774 402 3846 ultra
417 3775 481 3848 MD
502 3774 639 3865 uncias,
659 3782 693 3846 et
710 3775 805 3868 ipsas
820 3774 1010 3867 recollegit,
1035 3795 1105 3846 non
1125 3775 1191 3847 nisi
1209 3775 1349 3850 XXXVI
1371 3778 1491 3850 uncias
1507 3781 1621 3854 eidem

208 3893 365 3967 Senatori
388 3895 575 3988 assignavit
595 3916 642 3967 ex
666 3895 751 3990 ipsis
775 3903 810 3968 et
834 3895 984 3988 reliquas
1008 3895 1075 3966 sibi
1097 3895 1243 3987 detinet,
1270 3905 1305 3968 et
1327 3897 1420 3969 idem
1444 3901 1622 3994 assignare

208 4016 342 4090 distulit
363 4039 480 4112 usque
501 4018 617 4092 modo.
640 4020 767 4090 Verum
795 4017 878 4112 quia
902 4017 997 4090 curie
1021 4027 1136 4090 nostre
1161 4017 1206 4090 ad
1230 4041 1371 4113 presens
1397 4031 1448 4093 est
1473 4026 1619 4117 pecnnia

205 4154 394 4234 oportuna,
414 4139 567 4211 fidelitati
585 4149 644 4212 tue
664 4139 888 4236 precipiendo
912 4137 1118 4210 mandamus
1136 4149 1328 4234 quatenus,
1349 4142 1379 4214 si
1397 4153 1448 4216 est
1472 4145 1536 4234 ita,
1560 4148 1615 4219 in·

201 4261 332 4353 jungas
351 4259 465 4334 eidem
479 4262 662 4336 Thomasio
682 4275 720 4335 ut
736 4285 815 4335 oum
834 4271 904 4336 tota
922 4262 997 4358 ipsa
1012 4261 1161 4356 pecunia
1179 4263 1224 4335 ad
1245 4265 1450 4357 presentiam
1467 4277 1617 4341 nostram

205 4403 249 4456 se
263 4385 415 4458 conferat
431 4385 479 4456 ita
495 4386 667 4482 sapienter
683 4395 717 4458 et
739 4395 856 4476 cante,
877 4395 916 4456 nt
934 4385 979 4458 de
998 4385 1073 4479 ipsa
1095 4387 1244 4480 pecunia
1265 4386 1454 4483 dampnum
1474 4392 1617 4486 aliquod

205 4505 415 4578 intervenire
434 4528 503 4580 non
524 4508 644 4602 possit.
666 4509 768 4592 Quod
785 4508 816 4579 si
833 4509 920 4579 forte
939 4506 986 4580 ad
1008 4528 1073 4580 noe
1094 4530 1214 4582 secure
1235 4531 1304 4582 non
1321 4512 1412 4583 valet
1428 4513 1613 4606 accedere,

204 4629 376 4723 precipias
393 4628 426 4700 ei
445 4637 491 4702 nt
510 4638 613 4704 totam
633 4629 741 4724 ipsam
760 4629 942 4726 pecuniam
959 4630 1110 4723 assignet
1126 4632 1252 4704 Jacobn
1269 4631 1315 4706 de
1332 4635 1465 4706 Sanctis
1480 4636 1615 4709 custodi
