4278 5920
219 617 319 678 laura.
338 613 399 698 ll.]
667 615 864 676 HISTORIA
889 615 1184 676 nlvnottartcrt.
1575 615 1631 676 lta

217 749 354 824 Lucifer
382 747 532 822 traderet
561 749 771 838 matutinus,
801 761 875 822 tum
901 752 1083 824 Germanis
1110 751 1241 824 retibus
1268 747 1443 844 expediti,
1470 771 1539 843 que
1570 771 1633 845 pro

220 896 349 968 magna
370 882 466 968 parte
487 873 637 946 furiosus
658 874 715 946 ille
732 875 874 966 juvenis
891 875 929 946 F.
949 875 1127 969 quondam
1151 874 1227 946 dux
1247 873 1384 945 Austris
1403 873 1528 945 uostris
1548 895 1635 970 pro-

218 999 378 1070 cessibus
402 1005 626 1069 veruntamen
654 1017 724 1070 non
751 997 894 1092 impune
917 1008 1117 1092 paraverat,
1145 999 1237 1069 circa
1261 997 1364 1068 finem
1390 997 1496 1089 hujus
1520 996 1635 1070 estatis

217 1123 352 1196 ltaliam
377 1120 545 1194 duximus
568 1119 790 1215 repetendam
815 1146 824 1190 :
850 1131 885 1193 et
910 1143 989 1194 cum
1012 1119 1194 1215 usquead
1220 1119 1306 1192 fines
1328 1121 1444 1192 Brixia
1470 1120 1635 1214 paulatim

214 1249 290 1340 jam
299 1253 416 1318 nostra
426 1245 569 1318 victoria
584 1245 794 1340 pertingeret
806 1246 1025 1334 continuata,
1040 1267 1111 1340 que
1122 1254 1314 1318 nostrorum
1328 1243 1482 1316 fidelium
1494 1244 1636 1338 sepibus

219 1370 379 1464 undique
401 1369 647 1464 circumsepta,
673 1377 787 1440 tamen
811 1370 848 1441 iu
869 1369 1116 1442 Mediolanensi
1137 1369 1288 1464 presidio
1310 1367 1418 1441 veluti
1441 1367 1634 1460 aquodam

219 1495 389 1568 loramine
414 1494 622 1589 respirabat3
653 1493 936 1587 expugnantibus
965 1495 1066 1566 nobis
1095 1493 1239 1564 viriliter
1265 1493 1415 1564 Moutem
1437 1491 1572 1566 Clarum
1602 1500 1636 1562 et

218 1617 353 1691 ibidem
382 1619 648 1712 quampluribus
677 1619 914 1690 Brixiensibus
944 1627 979 1690 et
1005 1617 1179 1713 plerisque
1211 1617 1400 1707 majoribus
1426 1616 1632 1708 captivatis,

220 1750 311 1814 taeta
325 1741 445 1814 dolore
460 1741 575 1814 cordis
592 1741 797 1814 intrinsecus
814 1742 932 1815 Brixia
949 1743 1047 1813 velut
1063 1742 1163 1813 leena
1180 1740 1337 1832 rugiens,
1356 1741 1441 1812 dum
1459 1738 1635 1812 dilacerari

220 1873 336 1940 coram
365 1889 404 1940 se
434 1865 522 1938 filies
550 1866 688 1961 respicit
717 1889 807 1960 quos
840 1868 929 1939 tueri
965 1888 1035 1938 non
1068 1873 1199 1960 potest,
1236 1864 1282 1936 ad
1317 1863 1550 1966 detonsionem
1582 1864 1635 1934 sui

219 1989 514 2078 Mediolanenses,
538 2011 658 2060 eorum
681 1989 812 2062 amicos
835 1999 870 2061 et
891 1989 1094 2084 complices,
1118 1990 1154 2058 in
1177 2007 1240 2082 spe
1264 1986 1351 2058 lirmi
1374 1986 1544 2074 subsidii,
1573 1987 1636 2060 sed

220 2111 363 2186 demum
387 2113 424 2184 iu
443 2134 533 2207 pene
553 2115 762 2186 consortium
781 2113 954 2184 evocavit.
973 2115 1052 2185 Post
1073 2111 1366 2207 expugnationem
1390 2109 1518 2182 deinde
1534 2112 1635 2184 castri

220 2236 385 2331 predicti,
407 2247 601 2310 nostrorum
621 2237 802 2308 rebellium
818 2237 971 2308 omnium
992 2237 1125 2307 viribus
1148 2235 1384 2329 congregatis,
1407 2235 1492 2306 dum
1514 2236 1635 2307 nobis·

220 2382 301 2432 cum
314 2363 350 2431 in
363 2361 563 2455 campestris
575 2360 656 2432 belli
671 2359 856 2432 discrimen
871 2361 1060 2453 aliquando
1076 2360 1200 2432 attrahi
1217 2381 1286 2431 non
1300 2361 1467 2448 valerent,
1482 2359 1636 2432 volentes

219 2481 316 2576 ipsos
343 2483 486 2554 ulterius
513 2483 626 2554 inutili
656 2505 752 2555 mora
783 2504 1005 2575 consumere,
1038 2482 1083 2556 ad
1115 2483 1296 2555 remotiora
1323 2484 1399 2554 loca
1430 2483 1636 2556 divertimus

220 2607 490 2679 exercitualibus
507 2606 697 2679 commodis
712 2616 748 2678 et
764 2607 931 2680 bellorum
948 2608 1171 2701 aggressibus
1187 2616 1393 2701 opportuna.
1413 2609 1551 2678 Etcum
1571 2609 1637 2704 ipsi

220 2732 305 2824 luge
329 2730 523 2824 digressum
547 2741 702 2804 nostrum
725 2732 934 2804 ascriberent
960 2741 995 2803 et
1017 2732 1130 2802 timori
1157 2730 1350 2820 cautelam,
1380 2734 1637 2826 propterquod

221 2854 371 2928 audacie
389 2877 517 2928 cornua
536 2866 750 2929 assumentes
769 2878 833 2927 nos
854 2877 1027 2949 sempera
1050 2856 1154 2928 latere
1172 2855 1406 2948 sequebantur
1425 2883 1433 2927 :
1461 2857 1637 2947 interjecta

221 2988 451 3052 veruntamen
486 2980 687 3052 difficultate
712 2981 884 3072 locorum,
918 2979 1056 3051 medem
1083 2980 1176 3074 ipsos
1201 2978 1247 3051 ad
1276 2977 1406 3051 flumen
1429 2980 1512 3052 lolii
1538 2991 1638 3052 caute

222 3101 458 3196 deduximus,
483 3103 545 3175 ubi
569 3115 686 3199 parato
712 3114 907 3176 nostrorum
930 3103 1075 3174 transitu
1092 3103 1269 3196 pontium,
1297 3102 1362 3194 ipsi
1385 3123 1424 3174 se
1442 3101 1488 3174 ad
1505 3102 1637 3174 babili-

223 3234 326 3298 tatem
343 3249 505 3316 suorum,
524 3250 587 3322 per
601 3251 689 3323 quos
711 3229 844 3299 Lolium
863 3227 1067 3298 transierant
1089 3228 1226 3298 remotis
1245 3227 1338 3320 longi
1358 3226 1489 3296 itineris
1512 3229 1636 3320 spaciis

222 3349 445 3422 invenerunt.
463 3352 563 3423 Prius
574 3361 688 3423 tamen
702 3373 807 3446 quam
821 3371 884 3421 uos
895 3349 1151 3445 opportunitate
1166 3350 1326 3422 transitus
1337 3349 1422 3420 Lolii
1434 3350 1633 3444 potiremur,

222 3473 259 3543 iu
299 3474 451 3567 quadam
485 3475 625 3570 planitie
659 3497 768 3570 prope
799 3475 909 3568 ripam
941 3473 1092 3544 fluminis
1123 3472 1334 3566 supradicti,
1374 3483 1483 3544 castra
1522 3485 1636 3545 nostra

176 3673 179 3680 ,
223 3595 442 3670 defiximus:
471 3597 650 3671 credentes
679 3620 738 3671 eos
767 3599 803 3669 in
833 3597 978 3670 audacia
1002 3599 1074 3688 jam
1103 3605 1268 3690 concepta
1294 3596 1498 3691 persistere,
1527 3606 1565 3666 ut
1590 3596 1637 3668 ad

224 3741 410 3793 commune
427 3731 599 3794 certamen
617 3723 745 3796 vadato
763 3721 916 3816 quodam
934 3720 1069 3792 modico
1087 3719 1246 3808 tiumine,
1272 3720 1373 3790 nobis
1391 3720 1437 3792 ad
1456 3722 1637 3792 transitum

223 3853 363 3938 propter
378 3845 472 3939 ripas
488 3847 630 3934 inlesto,
650 3846 830 3918 uobiscum
850 3844 1036 3938 pugnaturi
1053 3844 1248 3916 transirent.
1269 3843 1408 3914 Etcum
1426 3866 1488 3938 per
1501 3845 1637 3916 dierum

223 3967 360 4062 aliquot
389 3970 545 4064 spacium
576 3969 726 4068 (quibus
757 3969 944 4064 imperialis
971 3968 1152 4040 clementie
1183 3989 1371 4058 memoreS,
1406 3969 1513 4040 verba
1543 3971 1638 4063 pacis

224 4113 297 4184 per.
330 4145 341 4163 .
371 4145 381 4166 .
406 4095 607 4186 magistrum
633 4094 757 4167 domus
782 4104 899 4165 sancte
924 4093 1031 4165 Maria
1058 4091 1347 4164 Tbeutonioorum
1374 4101 1408 4163 et
1435 4093 1521 4164 alios
1546 4094 1639 4165 viros

224 4217 405 4308 religiosos
425 4218 624 4312 interposita
640 4218 807 4312 patienter
823 4215 1055 4310 audivimus),
1079 4216 1232 4310 ipsorum
1253 4215 1436 4287 verbosam
1459 4215 1640 4287 audaciam

225 4341 493 4433 prestolaremur
514 4342 661 4429 ibidem,
683 4343 772 4413 lacta
789 4350 905 4412 tamen
928 4338 1059 4411 eisdem
1081 4360 1142 4433 per
1165 4339 1324 4410 solennes
1342 4339 1486 4410 nuncios
1508 4350 1640 4411 nostros

226 4461 309 4534 belli
328 4466 444 4558 copia,
468 4476 503 4538 et
517 4467 677 4538 facultate
693 4487 873 4554 concessa,
893 4463 988 4558 quod
1004 4463 1135 4535 vadum
1156 4461 1202 4534 ad
1219 4483 1281 4534 nos
1301 4483 1422 4534 secure
1439 4463 1637 4550 transirent,

227 4589 284 4658 vel
300 4609 365 4660 nos
382 4611 505 4663 secure
523 4591 668 4662 transire
683 4591 916 4686 permitterent
934 4587 979 4660 ad
996 4587 1134 4660 eosdem
1148 4614 1157 4678 ;
1177 4585 1318 4658 eumad
1342 4609 1414 4658 rem
1430 4595 1573 4676 ventum
1589 4596 1640 4656 est

228 4721 391 4786 neutrum
410 4715 536 4809 eligere
556 4717 751 4789 voluerunt.
777 4714 1006 4788 Nihilominus
1024 4713 1128 4785 etiam
1149 4733 1228 4783 cum
1252 4711 1382 4782 flumen
1406 4709 1488 4782 Lolii
1513 4731 1641 4804 supra-
