4224 5898
444 585 505 648 328
945 583 1157 646 rutnnatct
1183 583 1357 646 sttcttttnt
1666 583 1746 668 [Aac.
1764 585 1852 648 1939.

443 731 479 798 et
498 728 649 795 nostram
670 719 792 793 litteris
812 741 874 816 per
891 719 1027 793 diversa
1047 720 1185 794 climata
1200 718 1324 794 mundi
1339 717 1565 810 transmissis,
1588 717 1728 814 pollutis
1752 721 1853 796 visus

443 855 496 921 est
518 845 693 920 maculare
715 844 909 919 narratibus
937 843 1050 917 dictus
1077 843 1300 934 Fredericus,
1328 839 1459 936 figulus
1479 841 1656 936 falsitatis,
1681 843 1851 918 modestia

443 972 593 1044 nescius.
614 970 683 1042 Nec
711 969 829 1064 aliquo
849 968 1008 1063 pertusus
1025 969 1152 1042 rubore
1174 967 1338 1042 mentitur
1358 965 1455 1061 quod
1476 987 1539 1040 nos
1556 966 1672 1060 ipsum
1692 967 1795 1040 nobis
1811 967 1850 1040 in

441 1093 565 1166 minori
582 1093 695 1166 officio
716 1091 907 1164 constitutis
928 1093 1077 1168 amicum
1093 1088 1415 1188 pristinum„lidern
1437 1099 1473 1162 et
1489 1109 1603 1162 mores
1617 1087 1744 1186 adepto
1762 1111 1848 1186 apo-

441 1217 585 1290 stolatus
609 1215 722 1290 officio
747 1215 999 1311 relinquentes,
1024 1215 1108 1310 quia
1134 1216 1225 1289 sient
1247 1223 1463 1288 sacramento
1491 1213 1633 1310 prestito
1656 1223 1692 1286 et
1719 1215 1788 1286 lata
1811 1214 1851 1286 in

442 1341 556 1436 ipsum
570 1339 939 1412 excommunicationis
957 1339 1126 1412 sententia
1150 1337 1346 1429 tenebatur,
1366 1335 1498 1433 prefixa
1520 1345 1672 1432 tempore
1692 1337 1729 1408 in
1747 1339 1851 1410 Terre

441 1467 565 1537 Sanus
591 1463 788 1537 subsidium
826 1465 882 1536 vel
915 1485 1133 1552 succursum,
1170 1462 1367 1535 infirmitate
1394 1481 1464 1534 non
1500 1461 1612 1556 potnit
1648 1460 1851 1556 prohibente

442 1587 605 1678 transire,
622 1587 764 1660 vinculo
780 1587 1146 1660 excommunicationis
1169 1585 1379 1678 astringere,
1397 1583 1606 1680 postulatum
1626 1582 1673 1656 ab
1694 1583 1769 1678 ipso
1791 1603 1849 1656 sa·

440 1712 547 1784 nitate
570 1719 746 1806 resumpta
763 1710 990 1784 absolutionis
1012 1709 1221 1784 beneficium
1240 1708 1424 1801 denegare,
1443 1707 1628 1802 ipsumque
1653 1707 1690 1778 in
1717 1706 1849 1779 dictum

440 1843 672 1908 transeuntem
696 1833 893 1907 subsidium
918 1855 980 1930 per
998 1834 1140 1906 nuntios
1163 1843 1197 1906 et
1217 1833 1348 1927 legatos
1370 1839 1503 1903 nostros
1519 1830 1649 1903 litteras
1668 1829 1848 1925 procemui

440 1959 626 2034 contrarias
646 1957 798 2031 Soldano
819 1957 992 2030 mittentes
1016 1957 1186 2054 impedire
1207 1955 1425 2046 curavimus,
1444 1963 1484 2026 nt
1507 1954 1558 2026 sic
1578 1963 1668 2026 esset
1685 1952 1731 2026 de
1748 1953 1848 2046 regni

439 2081 727 2155 Hierosolimitani
743 2091 1002 2175 recuperatione
1019 2089 1185 2177 concepta
1206 2081 1403 2168 frustratus3
1427 2097 1574 2172 regnum
1592 2075 1707 2148 Sicilie
1730 2097 1792 2173 pro
1803 2096 1847 2150 eo

438 2204 535 2300 quod
564 2203 751 2277 lleinaldue
780 2204 864 2276 olim
898 2203 990 2276 filins
1021 2205 1122 2278 ducis
1153 2204 1280 2300 Spoleti
1311 2211 1426 2298 preter
1457 2201 1566 2295 ipsius
1601 2200 1847 2274 conscientiam

438 2337 564 2403 terram
594 2327 722 2400 invasit
740 2327 913 2418 Ecclesia,
934 2349 997 2400 nos
1019 2329 1147 2420 injuste
1167 2337 1204 2401 et
1223 2328 1391 2401 violenter
1417 2327 1563 2399 intmese
1585 2347 1628 2399 ae
1651 2324 1760 2420 ipsius
1783 2324 1846 2397 bo-

438 2452 549 2525 mines
575 2471 779 2546 provocasse
807 2451 853 2524 ad
885 2451 1076 2546 perjurium
1100 2453 1185 2525 falso
1215 2450 1455 2544 conqueritur,
1483 2467 1590 2542 seque
1617 2449 1663 2523 de
1686 2447 1784 2544 Syria
1807 2447 1844 2520 in

437 2573 599 2670 Apuliam
618 2575 820 2648 redeuntem
836 2575 928 2647 illata
946 2575 1073 2667 injurie
1090 2575 1248 2648 omisisse
1262 2573 1466 2665 vindictam,
1484 2579 1680 2666 acceptasse
1696 2589 1846 2644 eoncor-

436 2697 529 2771 diam
547 2706 582 2770 et
598 2695 742 2770 rediisse
755 2697 801 2770 ad
814 2707 957 2770 matrem
972 2699 1160 2772 Ecclesiam
1176 2698 1354 2793 gloriatur.
1370 2699 1463 2770 Licet
1475 2703 1591 2770 anoem
1603 2695 1669 2768 hec
1682 2693 1845 2790 figmenta

436 2819 575 2916 publiea
604 2821 724 2894 notitia
750 2819 930 2916 reprobat,
961 2821 1047 2914 quia
1072 2831 1186 2895 tamen
1212 2841 1465 2915 nonnunquam
1485 2819 1701 2893 rectitudinis
1724 2819 1843 2892 sedem

435 2945 586 3016 velatum
604 2951 753 3038 occupat
771 2943 808 3014 in
825 2963 911 3016 aure
927 2943 1060 3016 sincera
1081 2943 1322 3034 mendacium,
1340 2943 1436 3039 apud
1452 2965 1558 3038 qnam
1576 2965 1638 3040 pro
1655 2963 1693 3016 se
1717 2944 1844 3016 veritas

435 3087 505 3138 non
532 3067 666 3140 invenit
692 3065 918 3153 advocatum,
944 3087 989 3138 ne
1018 3066 1055 3136 in
1083 3065 1324 3140 cordavestra
1348 3067 1477 3139 falsitas
1501 3087 1709 3162 quecunque
1738 3066 1845 3161 possit

434 3191 555 3264 lraude
566 3190 750 3284 surripere,
763 3189 911 3283 dignum
926 3199 1114 3262 astrorum
1131 3190 1182 3262 rei
1200 3209 1262 3285 per
1274 3211 1337 3264 nos
1353 3200 1450 3284 geste
1467 3189 1611 3264 modum
1629 3200 1665 3264 et
1684 3189 1841 3264 ordinem

434 3335 503 3388 non
519 3315 639 3403 latere,
661 3313 723 3406 qni
745 3311 877 3386 dietum
896 3313 1114 3386 Frederieum
1138 3322 1219 3388 ante
1236 3322 1271 3385 et
1294 3323 1479 3408 postquam
1501 3315 1687 3410 apostolice
1709 3323 1842 3386 nosnos

432 3437 670 3530 suggessimus
695 3436 857 3508 humeros
881 3437 1057 3527 servituti,
1084 3437 1151 3510 sub
1183 3435 1293 3532 vulpe
1327 3437 1489 3510 latentem
1520 3439 1614 3510 omni
1643 3437 1843 3512 curavimus

432 3561 542 3656 gratia
557 3560 733 3656 prosequi,
752 3558 864 3632 donee
881 3579 942 3654 spe
962 3581 1032 3654 que
1056 3559 1145 3654 patri
1168 3559 1214 3632 de
1233 3558 1305 3632 tilio
1323 3561 1410 3634 solet
1430 3561 1563 3634 innasci
1579 3563 1726 3656 sublata,
1748 3561 1842 3635 idem

432 3683 630 3757 Fredericus
652 3685 804 3756 demens
828 3683 864 3754 in
884 3681 1123 3776 magnitudine
1148 3703 1213 3756 sua
1234 3691 1269 3756 et
1288 3704 1335 3756 ex
1352 3683 1479 3780 adepta
1505 3685 1704 3760 lenitudine
1727 3686 1843 3759 infru-

431 3809 524 3880 nitns
541 3807 641 3881 matri
666 3806 818 3880 Ecclesia
838 3825 902 3901 pro
929 3805 1029 3879 bonis
1051 3806 1144 3880 mala
1170 3805 1332 3880 retribuit
1360 3816 1395 3880 et
1425 3807 1461 3880 in
1482 3829 1559 3882 eam
1588 3830 1694 3902 quam
1717 3809 1840 3882 ineatis

431 3931 589 4005 delinivit
601 3929 790 4026 aliquando
805 3930 992 4003 verborum
1008 3930 1161 4022 fallaciis,
1179 3929 1280 4003 virus
1293 3929 1473 4006 effundere
1485 3932 1599 4007 cande
1611 3933 1731 4006 aculeo
1744 3954 1841 4006 more

428 4055 617 4151 scorpionis
635 4053 776 4148 incepit.
798 4055 982 4126 Nemeum
1000 4054 1082 4126 olim
1101 4055 1204 4128 Terre
1220 4055 1346 4128 Sancte
1364 4056 1566 4150 necessitas,
1590 4056 1745 4151 predicta
1761 4077 1840 4130 sen·

430 4177 536 4251 tentia
553 4187 588 4250 et
609 4181 845 4270 Juramentum
870 4197 912 4249 ao
937 4176 1091 4272 prelixus
1117 4177 1286 4250 terminus
1307 4179 1488 4252 transitum
1514 4181 1590 4273 ejus
1614 4187 1842 4276 exposcerent

428 4309 463 4373 et
481 4299 567 4374 illud
583 4300 677 4374 idem
693 4301 802 4374 multa
825 4301 932 4373 millia
954 4302 1270 4396 crucesignatorum
1290 4303 1404 4398 ipsum
1421 4303 1607 4378 Brundusii
1622 4302 1841 4400 expectantia

428 4445 507 4496 cum
535 4425 694 4500 instantia
723 4428 957 4523 postularent,
988 4427 1080 4502 idem
1110 4428 1220 4502 dictos
1242 4429 1500 4524 crucesignatos
1529 4429 1614 4502 inibi
1637 4429 1749 4503 donee
1773 4427 1840 4501 sub

427 4549 533 4642 ignoti
546 4549 636 4623 aeris
648 4551 852 4647 intemperie
863 4550 1170 4645 diversislugende
1184 4553 1305 4627 mortis
1322 4554 1462 4628 casibus
1475 4554 1619 4650 periere,
1630 4553 1791 4646 detinuit,
1805 4561 1841 4626 et

426 4673 612 4766 periurium
640 4697 683 4750 ac
705 4677 1071 4752 excommunicationis
1093 4679 1296 4754 sententiam
1324 4679 1432 4775 gram
1453 4681 1650 4772 incurrens,
1679 4675 1840 4752 infirmus
