4226 5900
194 603 292 662 Isnrcr.
311 597 370 682 lu]
639 599 836 660 HISTORIA
863 599 1156 662 eremitar-les.
1541 605 1600 666 lor

194 735 307 810 fidelis
324 741 458 825 noster,
479 755 543 828 pro
563 743 660 828 parte
676 736 769 808 curie
786 744 901 808 nostre
918 734 963 808 dc
982 736 1128 830 pecunia
1146 736 1241 808 curis
1257 745 1455 831 nostreque
1471 752 1521 812 est
1542 761 1603 835 per

195 879 318 930 manns
341 877 424 930 snas
444 855 617 952 predictos
642 868 846 930 mercatores
868 859 925 930 vel
951 859 1096 930 altorum
1119 879 1238 931 eorum
1261 861 1336 932 sire
1357 871 1488 932 certum
1511 885 1601 934 nnn·
1721 857 1723 871 '

195 981 290 1053 cium
318 981 376 1052 vel
399 989 654 1074 procuratorem
680 981 851 1075 ipsorum,
877 981 912 1051 in
937 979 1119 1054 medietate
1140 981 1290 1072 januarii
1313 984 1472 1077 proximo
1497 987 1602 1056 futuri

196 1104 301 1196 hujus
315 1103 392 1174 XIII
409 1101 628 1191 indictionis,
646 1103 722 1176 sino
747 1103 884 1176 delectu
909 1111 944 1174 et
965 1103 1166 1175 difficultate
1183 1124 1225 1175 uc
1244 1105 1390 1197 alicujus
1412 1127 1506 1179 more
1529 1130 1602 1180 ma·

192 1227 279 1318 juris
301 1225 485 1322 dispendio
512 1225 636 1299 debeat
658 1227 824 1318 quietare.
841 1227 877 1298 Si
903 1247 988 1300 vcro
1015 1226 1111 1320 quod
1132 1227 1273 1298 omnino
1297 1228 1476 1320 nolumus,
1498 1229 1605 1303 immo

196 1348 269 1423 ficri
287 1369 452 1445 expresse
468 1370 510 1422 ac
526 1347 669 1422 firmiter
687 1349 896 1438 inhibemus,
918 1349 1095 1445 predictus
1112 1350 1291 1423 solutionis
1309 1352 1477 1424 terminus
1494 1361 1604 1426 trans·

195 1473 261 1544 iret
282 1473 400 1567 aliquo
418 1473 505 1545 forte
519 1493 601 1545 casu
619 1473 811 1546 inevitabili
836 1472 1067 1566 contingente,
1089 1494 1158 1568 quo
1177 1472 1252 1547 fieri
1269 1474 1368 1546 aliter
1385 1474 1605 1568 aliquatenus

196 1617 266 1669 non
282 1597 424 1686 valeret,
440 1595 566 1669 deinde
579 1595 615 1666 in
632 1604 733 1668 antea
750 1595 919 1689 quamdiu
932 1596 1057 1666 solutio
1075 1594 1281 1687 differretur,
1297 1595 1344 1669 ad
1361 1598 1476 1668 minus
1490 1607 1605 1670 tamen

194 1741 299 1814 qnam
320 1720 429 1814 possit
451 1741 605 1812 unquam
630 1718 778 1809 differri,
799 1719 893 1792 idem
910 1727 1061 1791 secretus
1079 1720 1213 1791 solvere
1231 1728 1365 1792 tenetur
1382 1731 1416 1792 et
1437 1721 1539 1793 debet
1555 1722 1607 1794 eis

196 1865 259 1938 pro
281 1843 442 1938 dampnis
468 1843 504 1914 in
533 1842 697 1916 interesse
725 1844 815 1914 sicut
841 1843 996 1934 eveniet,
1023 1841 1070 1916 ad
1096 1841 1263 1914 rationem
1291 1841 1336 1915 dc
1360 1844 1471 1915 tribus
1496 1844 1608 1915 unciis
1675 1879 1681 1892 =

197 1964 322 2038 dandis
341 1987 402 2060 per
427 1987 580 2039 mensem
607 1965 653 2039 de
681 1966 793 2038 unciis
816 1975 974 2058 centnm,
999 1973 1035 2038 et
1057 1964 1300 2038 nichilominus
1318 1966 1449 2059 integre
1471 1977 1505 2039 et
1527 1988 1608 2038 cum

197 2092 292 2162 omni
309 2090 481 2164 celeritate
496 2093 630 2163 solvere
647 2090 767 2163 uncias
783 2079 1012 2186 supradictas.
1031 2087 1087 2164 Ad
1104 2088 1210 2181 hujus
1230 2097 1365 2181 autem,
1383 2099 1450 2160 etc.
1509 2101 1511 2106 ·

245 2215 370 2287 Datum
384 2215 419 2286 in
439 2216 558 2286 castris
575 2235 683 2309 prope
699 2213 956 2301 Mediolanum,
974 2213 1053 2285 Xlll
1069 2212 1234 2305 octobris,
1254 2211 1331 2284 Xlll
1347 2210 1556 2284 indictionis.

245 2339 369 2410 Eodem
392 2339 443 2409 die
463 2340 593 2433 scripsit
609 2339 650 2410 G.
673 2335 889 2410 deducentia
909 2357 972 2430 pro
996 2337 1132 2408 codem:

245 2461 463 2551 Fredericus,
486 2471 571 2552 etc,
592 2462 712 2553 Ilsjori
736 2460 781 2534 de
805 2462 1027 2547 Plancutcne,
1048 2468 1113 2532 etc.
1141 2459 1267 2532 Notum
1289 2457 1435 2530 iacimus
1453 2456 1608 2530 fidelitati

199 2594 258 2657 tus
281 2583 380 2678 qnod
401 2583 595 2656 Gualterius
620 2582 665 2655 de
692 2583 856 2656 Cesalinis
882 2593 916 2655 ct
939 2584 1061 2655 Petrus
1082 2578 1190 2654 lurda
1216 2589 1421 2654 mercatores
1442 2581 1606 2670 Romani,

199 2706 320 2780 fideles
335 2707 462 2798 nostri,
482 2715 727 2778 mutuavemnt
745 2715 780 2777 et
803 2705 1068 2796 assignaverunt
1085 2704 1121 2775 in
1142 2725 1278 2777 camera
1299 2713 1415 2776 nostra
1431 2701 1475 2775 de
1495 2703 1608 2776 Vene-

198 2831 302 2904 tianis
317 2831 444 2923 grossis
461 2831 566 2902 libras
583 2831 660 2902 XVI
681 2831 695 2900 l
703 2828 737 2926 ll
762 2838 797 2902 et
814 2828 978 2901 denarios
995 2827 1026 2900 V
1045 2848 1107 2922 pro
1125 2827 1236 2899 unciis
1251 2827 1327 2898 auri
1343 2827 1463 2899 LXVII
1481 2826 1527 2899 sd
1545 2847 1609 2918 ge-

199 2955 316 3028 ncrale
337 2954 477 3049 pondus
500 2953 618 3048 regni,
644 2952 690 3024 ud
718 2952 884 3028 rationem
915 2951 959 3023 ds
985 2951 1104 3023 solidis
1129 2951 1157 3022 V
1183 2950 1299 3022 minus
1323 2949 1464 3022 denario
1490 2951 1522 3038 l,
1548 2971 1609 3044 per

199 3079 352 3169 unciam,
369 3077 414 3152 de
427 3077 555 3171 quibus
569 3076 792 3149 convenimus
806 3085 841 3148 et
854 3075 1077 3172 promisimus
1091 3074 1141 3147 eis
1156 3073 1251 3168 qnod
1270 3083 1305 3145 tn
1322 3095 1386 3168 pro
1398 3083 1495 3169 purte
1513 3074 1609 3146 curie

220 3205 226 3290 Ι
249 3209 363 3274 nostre
376 3199 421 3273 de
432 3201 581 3296 pecunia
596 3201 691 3272 curie
705 3209 820 3272 nostre
835 3221 904 3293 quc
921 3207 973 3271 cst
984 3221 1044 3294 per
1056 3219 1180 3270 manns
1193 3207 1271 3270 tuas
1285 3197 1458 3292 predictos
1472 3219 1608 3270 merca-

199 3334 291 3397 tores
307 3325 363 3397 vel
382 3325 528 3396 alterum
546 3345 665 3396 eorum
685 3323 760 3394 sive
776 3329 906 3394 certum
921 3322 1087 3394 nuncium
1107 3322 1163 3394 vel
1181 3329 1436 3416 procuratorem
1449 3322 1607 3415 ipsorum

200 3575 234 3639 et
248 3566 450 3639 difficultate
467 3587 508 3638 ac
524 3565 671 3655 alicujus
685 3564 826 3655 majoris
841 3585 935 3636 more
950 3562 1134 3656 dispendi0
1148 3563 1275 3635 debeas
1290 3562 1455 3654 quietare.
1474 3564 1509 3634 Si
1523 3585 1607 3636 vcro

202 3687 298 3782 qnod
323 3689 464 3762 omnino
484 3688 664 3777 nolumus,
685 3687 790 3759 immo
816 3685 889 3758 fieri
909 3687 971 3757 tibi
991 3707 1153 3780 expresse
1168 3707 1212 3756 ac
1230 3685 1371 3756 firmiter
1390 3686 1603 3775 inhibemus,

201 3811 378 3906 predictus
405 3810 583 3883 solutionis
604 3809 769 3881 terminus
792 3809 952 3881 transiret
969 3811 1085 3902 aIIquc
1104 3810 1191 3882 lorlc
1212 3830 1295 3880 casn
1315 3808 1505 3881 inevitabili
1525 3831 1605 3882 con·

201 3933 354 4028 tingente
368 3934 464 4028 qdod
483 3932 557 4006 fieri
576 3935 674 4004 aliter
691 3933 908 4026 aliquatenus
923 3953 992 4004 non
1009 3933 1151 4020 valeret,
1170 3930 1297 4004 deinde
1313 3931 1348 4002 in
1363 3941 1465 4006 antea
1480 3955 1606 4027 quam-

202 4054 263 4128 diu
281 4057 406 4130 solutio
422 4055 631 4146 differretur,
650 4054 696 4128 ad
716 4055 831 4127 minus
850 4063 963 4128 tamcn
983 4077 1087 4150 qnam
1100 4054 1207 4150 possit
1220 4076 1375 4146 unquam
1394 4055 1540 4148 differri,
1562 4056 1607 4129 de

201 4177 349 4268 singulis
379 4189 516 4250 centum
542 4177 654 4250 unciis
677 4189 745 4250 tres
766 4177 887 4250 uncias
905 4178 980 4250 auri
1007 4178 1054 4249 ad
1077 4177 1237 4272 generale
1257 4177 1393 4271 pondus
1419 4179 1518 4272 regni
1547 4201 1608 4273 per

201 4319 354 4372 mensem
383 4308 422 4370 tu
448 4299 499 4371 eis
526 4297 662 4372 solvere
689 4299 815 4372 teneris
842 4309 877 4370 et
899 4297 1005 4371 debes
1029 4320 1092 4393 pru
1113 4298 1272 4392 dampnis
1301 4307 1336 4370 et
1365 4299 1546 4384 interesse,
1574 4309 1608 4371 ct

202 4419 446 4493 nichilominus
464 4420 596 4514 integre
620 4431 655 4492 ct
677 4420 873 4494 cumomni
891 4419 1061 4492 celeritate
1085 4420 1219 4490 solvere
1241 4419 1360 4492 uncias
1377 4418 1604 4514 supradictas.

201 4543 315 4628 Quare
343 4543 549 4617 mandamus
578 4553 749 4638 quatenus
775 4543 1043 4616 sollicitudinem
1068 4542 1284 4633 adhibendo,
1312 4543 1556 4636 undecumque
1576 4554 1610 4615 et

201 4665 528 4762 quomodocumque
553 4668 676 4740 melius
704 4667 848 4763 poteris,
876 4665 973 4760 qnod
1002 4665 1210 4738 adveniente
1241 4666 1387 4738 termino
1414 4667 1610 4761 supradicto
