4242 5904
193 623 294 681 lucror.
315 618 377 696 tn]
645 611 844 674 HISTORIA
870 604 1165 672 ntnnotts'tlclt.
1553 597 1612 658 net

199 753 486 849 conspirationem
504 752 562 824 vel
575 750 844 843 conjurationem
860 749 1011 844 aliquam
1026 745 1245 837 aliquatenus
1260 741 1403 808 tractare
1421 743 1609 828 presumat,

198 887 233 952 et
247 877 404 950 districtc
426 885 587 971 exparte
606 883 722 947 nostru
739 873 911 969 precipias
929 872 996 945 sub
1021 874 1114 941 certa
1133 882 1222 958 penu
1241 857 1336 953 quod
1349 857 1508 929 homines
1525 857 1613 928 civi·

198 1002 278 1075 tatis
288 999 426 1073 iliensis
446 997 725 1072 communitatem
743 1017 814 1070 non
836 996 988 1068 babeant
1007 1011 1072 1064 nec
1092 985 1199 1080 aliqui
1217 1001 1364 1056 comune
1384 980 1511 1052 babere
1534 1001 1613 1074 pre·

198 1133 358 1214 sumant,
382 1131 496 1218 preter
510 1120 692 1216 specialem
720 1118 973 1193 conoessionem
994 1115 1154 1188 divorum
1175 1115 1400 1200 augustorum
1426 1100 1613 1198 predeces-

199 1269 315 1320 sorum
338 1257 530 1318 nostrornm
543 1254 604 1316 ant
622 1253 787 1316 nostram.
806 1240 1005 1336 Expressim
1026 1245 1178 1331 pretereo
1193 1230 1372 1325 probibere
1391 1247 1551 1321 procures
1569 1247 1613 1298 ne

199 1372 279 1466 quis
291 1371 327 1441 in
344 1369 459 1442 Diensi
470 1369 668 1464 episcopatu
681 1365 868 1462 pedagium
881 1365 937 1436 vel
955 1359 1161 1457 guidagium
1178 1352 1319 1447 aliquod
1331 1351 1476 1446 accipiat
1489 1349 1550 1420 ubi
1562 1347 1613 1444 (a)

202 1515 402 1566 concessum
419 1490 547 1562 existat
566 1509 612 1560 ex
627 1487 852 1582 permissione
868 1485 977 1557 nostri
990 1480 1149 1554 culminis
1162 1477 1300 1573 speciali
1315 1477 1328 1570 ζ
1355 1474 1380 1568 ).

248 1617 374 1688 [lutum
399 1614 435 1685 in
457 1611 640 1686 obsidione
666 1610 804 1697 Brixis,
829 1611 906 1681 XX⁰
923 1607 1010 1680 vt11⁰
1026 1601 1246 1700 septembris,
1265 1597 1473 1672 duodecime
1496 1595 1612 1668 indic-

202 1740 306 1812 done.

252 2292 484 2400 Fridericus,
522 2293 783 2376 Romanorum
827 2292 1053 2401 imperetur,
1090 2317 1161 2376 suo
1196 2291 1335 2374 vicario
1376 2292 1533 2374 mandet
1567 2300 1611 2374 ut
1690 2307 1763 2360 [cu.

1641 2363 1810 2416 septembrem]

202 2423 346 2506 diffidet
362 2425 569 2508 leonenses
586 2425 745 2508 rebelles
773 2424 942 2533 imperii,
971 2423 1038 2534 qui
1065 2423 1212 2506 mentiti
1239 2433 1330 2506 sunt
1355 2423 1470 2506 fidem
1492 2449 1610 2534 quem

201 2555 471 2666 promiserant,
491 2567 530 2640 et
546 2555 639 2666 ipsis
656 2556 787 2640 omniu
804 2557 948 2638 dumne
961 2583 1060 2666 quae
1077 2556 1241 2664 potuerit
1254 2555 1403 2638 inierat.

281 2769 373 2850 (Edit.
384 2789 433 2850 ap.
443 2771 527 2834 Petri
542 2769 578 2834 dc
595 2772 662 2832 tlte.
674 2772 785 2852 Epist„
796 2771 850 2834 llb.
869 2771 931 2846 111,
942 2788 1006 2850 cup.
1018 2769 1168 2851 LXXXV,
1179 2771 1247 2832 coll.
1261 2787 1331 2832 cum
1343 2771 1406 2833 cod.
1418 2769 1494 2832 Blbl.
1511 2771 1609 2836 Cesar.

320 2879 430 2954 narn..
445 2877 542 2940 Funde
554 2879 762 2954 Matre-Bous,
775 2888 809 2938 n⁰
824 2877 908 2957 20².)

247 3063 463 3155 fridericus,
488 3080 554 3138 etc.
584 3063 813 3138 Venientibus
837 3061 883 3137 cd
909 3064 1116 3159 presentiam
1144 3073 1296 3136 nostrum
1321 3064 1453 3158 pridem
1476 3067 1613 3139 nunciis

197 3185 447 3278 lerinensibus,
473 3197 508 3260 et
531 3209 595 3284 pro
619 3198 719 3283 perte
741 3189 846 3260 totius
869 3189 1062 3259 communis
1082 3209 1200 3260 eornm
1221 3188 1408 3260 ferentibus
1427 3189 1554 3262 litteras
1571 3215 1613 3266 ac

197 3311 404 3384 authoritate
423 3311 578 3406 ipsorum
596 3312 875 3406 promittentibus
888 3321 923 3384 et
934 3311 1131 3402 jurantibus
1151 3309 1351 3383 fidelitatem
1369 3322 1518 3384 nostram
1534 3336 1614 3386 ser-

199 3455 282 3506 vare
294 3455 336 3506 ac
353 3435 478 3506 nostris
490 3445 581 3506 stare
594 3434 819 3530 beneplacitis
837 3445 873 3506 et
889 3433 1078 3522 mandutis;
1097 3455 1160 3506 nos
1170 3455 1218 3507 ex
1233 3433 1419 3528 imperialis
1435 3437 1614 3510 clementie

200 3553 397 3649 dignitatis,
418 3579 488 3650 qua
505 3556 686 3650 gloriosius
703 3565 906 3651 reputamus
922 3556 1186 3630 misericorditer
1201 3555 1350 3628 subditis
1367 3558 1564 3650 ignoscere,
1579 3572 1615 3632 et

200 3699 259 3751 cos
276 3679 312 3750 in
333 3689 448 3752 nostra
469 3680 579 3773 gratia
605 3681 810 3771 reformare,
830 3700 934 3775 qnam
956 3701 1074 3752 eornm
1098 3679 1294 3752 desiderare
1318 3680 1528 3769 vindictam,
1553 3705 1615 3777 per

201 3801 340 3874 cosdem
356 3802 504 3875 nuncios
520 3811 555 3875 et
574 3823 637 3897 pro
650 3813 747 3898 purte
764 3803 957 3876 communis
969 3825 1088 3875 eornm
1104 3803 1283 3897 prestitum
1293 3803 1528 3894 juramentum
1546 3806 1615 3878 be-

243 3989 283 4072 (o)
304 3991 365 4056 Slc.
381 3993 553 4074 Lugendum
564 4011 635 4056 uero
648 3995 767 4057 ridetur
779 3995 838 4056 uiri
849 3996 897 4056 vel
911 3995 970 4056 uiri
982 3993 1043 4056 ubi.

236 4317 272 4390 (l)
292 4318 351 4375 Hoc
361 4317 420 4392 ipso
434 4323 555 4394 tempore
568 4319 757 4378 Fridericusll
777 4321 917 4378 iliensibus
929 4319 1035 4378 civibus
1051 4336 1101 4394 per
1117 4320 1220 4379 litteras
1240 4337 1305 4379 suas
1318 4323 1446 4395 imposuit
1459 4331 1517 4382 octo
1533 4326 1616 4383 millia

201 4413 347 4470 wlidornm
360 4429 410 4488 pro
422 4415 551 4474 militibus
564 4432 613 4490 per
626 4417 792 4475 lucebimum
805 4417 942 4491 Spinolam
956 4418 989 4474 de
1004 4418 1131 4474 mandato
1145 4418 1251 4475 iliensis
1263 4419 1380 4493 episcopi
1395 4421 1482 4478 ductis
1497 4423 1524 4478 iu
1538 4425 1616 4479 Lom-

200 4507 322 4566 bardism
339 4517 370 4566 ut
381 4509 535 4584 imperatori
545 4512 661 4569 brixium
674 4514 804 4571 obsidenti
819 4515 970 4571 subsidium
984 4516 1121 4572 ailcrreut.
1134 4517 1241 4588 Spinola
1256 4523 1348 4572 autem
1365 4517 1479 4575 vicarius
1493 4526 1551 4575 eret
1563 4519 1615 4574 im-

201 4608 307 4681 perialis
319 4625 370 4683 per
383 4625 496 4684 regnum
507 4611 663 4671 Arelatense
680 4618 709 4671 et
720 4613 872 4674 viennense
885 4615 1054 4672 constitutus.
1066 4613 1106 4672 ct.
1117 4615 1282 4688 Conuersus,
1297 4617 1335 4674 lle
1356 4615 1413 4674 reb,
1430 4625 1495 4688 pest.
1512 4619 1614 4674 Valeat.

201 4711 227 4762 et
237 4705 331 4763 Dicor.
344 4707 471 4782 epump„
485 4725 514 4783 p.
530 4713 592 4768 too.
