4228 5892
184 591 364 668 ramma]
630 589 1142 652 nrsroaranrrnonarrca
1529 587 1589 648 aar

183 725 296 819 posita
329 733 364 796 et
390 723 480 816 juris
509 723 617 796 sancti
640 723 811 796 Francisci
840 723 1057 798 ordinatione
1085 729 1300 816 contempta,
1326 721 1489 815 deposuit
1516 721 1529 814 (
1553 718 1589 814 ),

184 848 394 922 divisionem
408 849 445 920 in
460 847 620 920 fratribus
635 847 764 920 faciens
782 857 816 920 et
833 849 1118 923 inordinationem
1136 857 1172 920 et
1192 846 1390 918 sectionem.
1408 845 1477 916 lsto
1494 853 1593 938 post-

185 971 329 1044 modnm
346 972 423 1044 vim
436 971 609 1065 religionis
626 979 661 1042 et
670 971 807 1062 justicie
821 972 969 1045 zelatore
988 973 1113 1046 nostris
1125 969 1313 1042 bonoribus
1327 967 1512 1041 adherente
1524 964 1590 1062 (2),

185 1093 308 1188 iniqua
332 1095 422 1190 cepit
454 1115 534 1166 eum
565 1094 772 1167 emulatione
800 1095 926 1185 zelare,
951 1102 985 1168 et
1006 1114 1076 1167 non
1111 1094 1226 1164 minus
1254 1091 1299 1164 ab
1326 1091 1403 1185 ipso
1430 1088 1593 1161 dubitans

188 1224 356 1310 tanquam
381 1237 523 1289 suorum
549 1217 688 1288 conscio
715 1226 923 1289 secretorum
947 1239 1052 1310 qnam
1078 1237 1219 1288 suorum
1244 1221 1442 1305 gestorum,
1466 1213 1595 1305 quibus

189 1337 378 1432 quemdam
390 1339 574 1422 terminum
584 1339 780 1434 imponebat
790 1349 825 1412 et
835 1340 991 1430 modum,
1008 1340 1129 1413 desua
1147 1337 1357 1412 conscientia
1368 1335 1596 1432 pudibundus

190 1460 420 1533 consideravit
439 1461 585 1554 qualiter
606 1483 686 1534 oum
707 1461 851 1534 honeste
875 1463 931 1534 vel
956 1461 1135 1535 inhoneste
1159 1461 1372 1554 interciperet
1388 1469 1422 1532 et
1438 1459 1592 1532 baberet.

189 1583 282 1689 Misit
296 1585 413 1678 itaque
426 1584 491 1656 sibi
507 1605 570 1657 sue
579 1585 770 1658 securitatis
786 1585 915 1680 litteras
932 1586 977 1658 de
989 1587 1131 1678 fratrum
1143 1584 1286 1657 consilio
1305 1591 1339 1657 et
1352 1582 1597 1655 deliberatione

190 1707 409 1800 compositas,
428 1715 468 1779 ut
483 1729 521 1780 se
533 1709 701 1780 conferret
718 1707 764 1782 ad
777 1729 858 1780 eum
874 1709 974 1802 qnasi
991 1709 1086 1804 pacis
1102 1707 1244 1803 negocia
1261 1715 1478 1781 tractaturus.
1496 1707 1598 1790 Quod

191 1829 379 1904 cumidem
402 1831 504 1902 frater
521 1831 567 1904 ad
583 1806 733 1903 nostram
756 1831 967 1906 audientiam
991 1832 1206 1927 protulisset,
1226 1831 1363 1926 prestita
1384 1829 1450 1902 sibi
1471 1829 1600 1902 securi-

191 1953 271 2026 tatis
288 1953 416 2025 litteras
438 1953 648 2046 assignando
673 1955 843 2027 innostra
864 1954 1262 2044 camerareservandas,
1289 1962 1324 2024 et
1346 1961 1495 2025 nostram
1519 1952 1599 2024 illue

192 2075 301 2149 eundi
319 2077 531 2150 voluntatem
549 2086 584 2149 et
602 2077 777 2150 licentiam
793 2077 997 2172 expetisset,
1015 2099 1078 2150 nos
1095 2078 1144 2150 ita
1158 2078 1225 2150 sibi
1241 2099 1320 2148 cum
1339 2097 1402 2148 sua
1420 2076 1601 2148 securitate

193 2199 422 2293 prestitimus,
452 2208 556 2294 prout
584 2201 774 2272 salubritati
802 2222 864 2272 sue
886 2199 1076 2295 expediens
1102 2196 1296 2296 [duximus]
1323 2209 1357 2270 et
1388 2198 1597 2272 cavendum.

194 2324 354 2415 Dumque
372 2322 506 2396 viriste
532 2322 602 2396 vite
622 2323 810 2418 probabilis
827 2324 923 2420 apud
945 2325 1134 2397 viterbium
1158 2322 1394 2418 processisset,
1416 2321 1461 2395 de
1483 2323 1601 2394 incon·

194 2446 319 2518 stantia
330 2447 444 2540 papali
461 2447 624 2520 dubitans
641 2468 747 2540 quam
763 2447 972 2520 familiariter
989 2447 1230 2539 cognoscebat,
1246 2446 1400 2542 premisit
1415 2445 1461 2517 ad
1477 2445 1603 2517 Urbem

195 2565 285 2640 duos
300 2567 344 2640 de
359 2569 431 2642 suis
447 2569 609 2642 fratribus
631 2571 895 2664 pronunciantes
913 2573 989 2664 ejus
1004 2571 1212 2666 presentiam
1231 2578 1265 2643 et
1282 2569 1483 2642 adventum.
1500 2569 1604 2654 Quod

196 2711 276 2762 cum
294 2690 340 2764 ad
356 2692 513 2787 papalem
530 2693 739 2766 audientiam
754 2695 972 2790 perveniret,
987 2695 1115 2767 oblitus
1131 2693 1189 2766 uel
1207 2694 1373 2765 simulans
1389 2693 1605 2766 securitatem

196 2814 369 2907 prestitam
387 2814 534 2907 qualiter
556 2816 659 2888 bomo
684 2827 825 2890 venerat
847 2801 905 2890 v'el
928 2818 1080 2908 veniret,
1098 2816 1143 2890 de
1172 2817 1281 2911 ipsius
1302 2817 1460 2911 captione
1482 2815 1606 2888 callide

198 2936 414 3031 disponebat.
434 2938 477 3008 Et
494 2939 571 3010 licet
586 2960 633 3010 ex
651 2940 792 3011 fratrum
814 2941 1008 3012 testimonio
1027 2939 1114 3012 fides
1136 2947 1262 3012 cuncta
1279 2938 1324 3012 de
1340 2938 1484 3011 fidantia
1506 2938 1606 3010 exbi-

196 3060 268 3132 bita
284 3069 509 3154 prestaretur,
528 3062 759 3154 nequicquam
776 3085 796 3134 a
816 3063 987 3156 proposito
1010 3062 1090 3134 dolo
1107 3062 1256 3134 cessavit
1274 3061 1359 3156 quin
1380 3060 1546 3154 inquisito
1561 3059 1607 3132 ds

198 3184 350 3258 adventu
369 3187 482 3259 fratris
497 3187 623 3282 Helye,
646 3194 685 3257 ut
706 3187 736 3258 si
757 3208 897 3281 presens
919 3186 1038 3258 baberi
1059 3196 1190 3281 posset,
1215 3195 1335 3280 captus
1359 3185 1486 3256 arctius
1507 3192 1607 3256 teue-

198 3313 305 3380 retnr.
325 3308 439 3394 Quare
460 3309 623 3382 inventus
646 3331 716 3382 non
733 3309 868 3399 extitit,
889 3309 954 3381 sibi
973 3330 1100 3382 cavens
1125 3318 1160 3381 et
1181 3308 1364 3404 predootus
1387 3307 1519 3380 astucia
1543 3304 1606 3378 de·

199 3429 355 3523 ceptoris.
376 3432 470 3503 Duos
486 3433 606 3505 fratres
623 3453 712 3525 quos
729 3432 928 3526 premiserat
942 3453 1065 3527 capere
1080 3431 1192 3504 conati
1213 3440 1293 3503 sunt
1310 3430 1557 3525 exploratores,
1573 3437 1608 3501 et

199 3553 317 3625 nuncii
333 3575 421 3648 quos
433 3555 586 3650 premisit
600 3553 663 3648 (a),
685 3554 750 3626 nisi
766 3576 828 3649 pro
848 3553 1085 3627 informatione
1108 3575 1150 3626 ac
1166 3553 1308 3626 oonsilio
1324 3553 1477 3647 plurium
1499 3553 1606 3624 aufu-

200 3676 351 3770 gissent3
373 3685 407 3750 et
420 3677 471 3749 sic
487 3678 650 3750 innocens
665 3677 832 3750 liberatus
849 3686 900 3752 est
920 3677 965 3750 ab
983 3675 1117 3749 insidiis
1136 3685 1415 3771 persequentum.
1437 3674 1494 3748 Ad
1510 3674 1607 3770 quod

201 3799 408 3874 universitas
426 3811 539 3873 vestra
555 3800 737 3896 provideat
754 3801 812 3872 cui
830 3799 970 3874 credere
987 3801 1043 3872 vel
1061 3800 1271 3872 committere
1290 3820 1353 3872 nos
1371 3799 1555 3894 possimus,
1570 3805 1608 3870 nt

245 3986 287 4067 (a)
312 3987 358 4050 Ibi
372 3989 518 4068 quaedam
532 3989 632 4051 deesse
644 3991 794 4053 vldsutnr.

237 4303 275 4374 (t)
292 4303 374 4360 Sexto
384 4301 488 4360 decimo
496 4301 540 4359 die
551 4301 652 4360 mensis
659 4302 721 4358 maii
732 4300 1208 4375 hujusanuiltttlidwaonmo,
1221 4300 1322 4358 leuat.
1332 4302 1436 4375 Μίνων,
1451 4308 1472 4360 t.
1480 4303 1535 4377 l,p.
1543 4304 1607 4360 579.

238 4401 274 4474 (Ξ)
296 4400 414 4458 «Frater
426 4399 515 4458 Helias
527 4399 613 4473 quiin
622 4399 735 4455 ecclesia
745 4399 835 4456 Sancti
848 4398 982 4456 Francisci
996 4398 1067 4472 apud
1084 4398 1216 4457 assisium
1236 4398 1364 4470 magister
1380 4399 1480 4458 ordinis
1496 4399 1609 4472 fratrum

203 4497 336 4556 blinorum
347 4496 484 4567 eruterat,
498 4511 548 4570 pro
561 4512 594 4553 eo
607 4496 679 4568 quod
695 4495 767 4570 apud
779 4495 937 4568 Gregorium
953 4511 1051 4572 papam
1064 4496 1169 4554 delatus
1182 4512 1198 4553 a
1212 4495 1340 4553 fratribus
1355 4497 1427 4568 quod
1441 4498 1510 4555 male
1524 4497 1608 4556 admi-

203 4593 356 4664 nistrasset,
371 4609 433 4651 sum
443 4609 514 4668 papa
524 4593 559 4651 ab
572 4593 797 4652 administratione
811 4593 967 4665 removerit,
977 4594 1005 4650 iu
1014 4593 1105 4650 odium
1114 4608 1198 4668 papae
1207 4594 1360 4668 imperatori
1368 4594 1520 4653 adhaesit.»
1531 4597 1606 4654 llrcc.

204 4705 240 4748 nn
249 4691 278 4750 S.
290 4691 433 4764 Genuam,
450 4691 588 4763 Obsonia,
602 4691 636 4749 ad
649 4707 712 4749 anu.
726 4693 804 4749 l239.
820 4690 862 4750 Cf.
874 4693 964 4750 llam.
977 4692 1081 4765 Panis,
1094 4691 1200 4750 Histcr.
1215 4693 1283 4766 maj.
1295 4691 1419 4765 Aoplcr,
1432 4709 1460 4766 p.
1474 4697 1535 4750 adt.
