4262 5910
228 621 326 682 bmror.
344 619 406 698 la]
674 619 869 682 lllssoalll
893 617 1182 684 bretonarlce.
1571 607 1631 672 595

231 753 419 826 constiterit
439 752 485 825 de
507 751 660 848 predicta
676 755 825 847 pecunia
840 755 937 828 curie
950 763 1064 828 nostre
1081 752 1227 840 debere,
1254 747 1435 842 compellas
1455 741 1629 831 districte,

231 875 320 948 sicut
340 875 461 948 melius
482 874 611 948 videris
633 875 815 970 expedire,
839 886 877 950 ιιι
899 877 1082 972 pecuniam
1103 895 1208 968 quam
1230 873 1356 946 debent
1376 867 1528 965 predicte
1551 865 1633 938 sicle

231 1007 345 1070 nostre
358 1006 460 1092 prout
472 1006 632 1070 tenentur
642 998 828 1092 assignent.
841 999 1055 1092 Significavit
1069 1007 1225 1093 preterea
1238 995 1338 1068 nobis
1348 991 1500 1068 Gaudiua
1511 1009 1632 1082 supra·

233 1119 347 1194 dictus
379 1119 475 1214 quod
505 1118 619 1192 dictus
645 1121 820 1212 quondam
856 1123 1025 1196 Mattheus
1053 1120 1272 1194 Marcbalaba
1299 1127 1450 1190 secretus
1475 1111 1636 1185 vendidit

233 1241 445 1337 quibusdam
460 1243 706 1316 mercatoribus
726 1245 887 1318 llomanis
909 1245 954 1318 de
973 1245 1170 1318 bulzunalla
1189 1243 1273 1316 sicle
1291 1248 1406 1312 nostre
1427 1237 1532 1309 libras
1548 1257 1636 1310 sex-

234 1367 328 1438 mille
343 1375 512 1440 trecentas
531 1375 566 1440 et
586 1367 836 1462 quinquaginta
859 1369 905 1442 ad
926 1369 1092 1442 rationem
1113 1367 1159 1440 de
1179 1365 1304 1438 tarenis
1322 1384 1387 1436 sex
1405 1383 1468 1456 pro
1484 1359 1637 1454 qualibet

235 1489 342 1579 libra3
358 1489 482 1584 deque
491 1488 692 1562 venditione
705 1491 827 1564 asserit
839 1491 969 1564 curiam
984 1500 1134 1564 nostram
1145 1491 1251 1562 fuisse
1260 1488 1439 1581 deceptam
1451 1483 1487 1556 iu
1498 1481 1638 1556 duobus

236 1612 330 1684 mille
352 1612 465 1686 unciis
486 1620 522 1686 et
545 1611 647 1684 ultra.
675 1612 777 1698 Quod
799 1635 878 1688 cum
902 1614 989 1686 scire
1013 1615 1176 1703 velimus,
1204 1610 1410 1684 mandamus
1430 1606 1493 1680 tibi
1513 1602 1550 1676 ut
1573 1605 1640 1678 boc

237 1732 422 1827 diligenter
436 1734 609 1828 inquiras,
632 1744 667 1806 et
688 1734 856 1830 quicquid
872 1735 953 1810 iude
971 1736 1161 1823 inveneris,
1185 1733 1347 1809 distincta
1363 1731 1464 1806 nobis
1484 1749 1545 1824 per
1563 1737 1641 1800 tuas

237 1857 372 1928 lieteras
387 1856 529 1930 studeas
545 1857 718 1930 nuntiare.

287 1982 411 2052 Datum
425 1975 475 2076 [ut
492 1977 622 2077 rupro].

287 2104 372 2176 Item
387 2103 525 2200 scripsit
544 2102 699 2198 predicto
717 2101 851 2176 Gaudio
869 2104 972 2176 ebreo
990 2103 1205 2200 responsales
1226 2123 1330 2198 super
1345 2101 1412 2174 boc
1433 2097 1529 2196 quod
1552 2097 1645 2172 sori-

168 2209 170 2217 ’
240 2225 334 2298 bitur
353 2237 483 2298 secreto
498 2247 601 2320 super
619 2227 708 2298 facto
723 2235 858 2300 monete
874 2227 971 2317 sicle,
991 2237 1027 2298 et
1044 2236 1082 2298 ut
1102 2225 1295 2322 predictum
1315 2234 1486 2299 secretum
1500 2224 1646 2296 instruat

242 2349 278 2420 in
295 2349 469 2444 premissis
487 2349 562 2444 ipse
575 2351 637 2444 qui
655 2348 810 2446 predicta
823 2348 1043 2444 significavit.

477 2657 1343 2673 mom—mamm*
1351 2661 1372 2669 ι-
1379 2663 1398 2670 ι.
1405 2665 1411 2671 .

298 2917 457 3004 Litterae
483 2922 720 3030 responsales
745 2923 795 3004 ad
815 2921 1065 3032 justitiarium
1095 2919 1242 3006 Siciliae
1266 2919 1367 3004 ultra
1394 2919 1538 3004 flumen
1563 2917 1652 3002 Sa-

247 3076 334 3134 sum
358 3053 406 3134 de
436 3054 632 3136 Saracenis
658 3054 861 3138 Seralcadii
889 3056 993 3164 quod
1018 3054 1210 3164 permittat
1236 3051 1508 3162 bajulationem
1535 3051 1654 3134 Sara-

246 3207 428 3266 cenorum
446 3210 470 3265 a
488 3195 629 3270 secreto
647 3186 825 3270 Panormi
851 3187 979 3295 vendi,
998 3189 1048 3270 de
1065 3187 1198 3270 cannis
1215 3184 1445 3291 incidendis,
1466 3185 1515 3267 de
1530 3183 1655 3266 bomi-

248 3315 361 3398 nibus
385 3316 575 3400 Centorbii
595 3329 634 3400 et
657 3318 796 3428 Capicii
822 3319 1054 3404 Panormum
1080 3321 1129 3402 ad
1154 3319 1384 3402 morandum
1407 3313 1653 3422 reducendis,

249 3445 297 3530 de
315 3447 547 3557 quibusdem
565 3450 685 3558 captis
703 3450 776 3532 uisi
794 3451 1003 3560 culpabiles
1020 3451 1162 3535 inventi
1179 3450 1334 3558 fuerint,
1355 3447 1574 3530 liberandis.

330 3647 459 3728 (depost.
474 3649 576 3729 saper.
590 3647 708 3713 arma.
724 3653 769 3730 11,
782 3653 834 3754 tol.
852 3662 889 3714 89
904 3660 1001 3727 rector
1016 3656 1047 3714 ln
1060 3654 1131 3716 edlt.
1147 3653 1283 3730 Carcan.·,
1297 3669 1328 3730 p.
1347 3649 1430 3729 Μ.)

298 3817 349 3888 De
365 3820 534 3912 imperiali
550 3822 707 3894 mandato
727 3827 818 3915 [octo
831 3847 896 3920 per
916 3825 1108 3918 magistrum
1124 3826 1165 3898 lt.
1188 3824 1228 3896 de
1246 3825 1394 3916 Trajccto
1409 3821 1543 3916 scripsit
1556 3821 1595 3894 G.
1619 3821 1659 3892 de

254 3939 412 4012 Gerontio
430 3943 657 4036 reponentes:
1179 3981 1181 4010 ;

300 4063 517 4158 Frederious,
542 4075 623 4158 stc„
649 4068 817 4163 lloggerio
838 4071 883 4144 de
903 4071 1052 4160 Amicis,
1076 4069 1260 4164 justitiario
1283 4069 1398 4144 Sicilie
1420 4069 1509 4140 ultra
1531 4068 1660 4140 flumen

253 4185 404 4276 Salsum,
423 4197 490 4262 eto.
516 4190 730 4283 Benignitato
746 4203 908 4266 consueta
926 4195 1120 4290 recepimus
1144 4194 1295 4282 licteus,
1320 4201 1403 4280 etc,
1425 4191 1661 4282 gratum-satis

253 4320 410 4404 gerentes
424 4313 519 4406 quod
535 4315 711 4386 sarraceni
733 4317 794 4410 qni
811 4327 985 4392 morantur
1000 4318 1036 4389 iu
1053 4317 1208 4412 partibus
1228 4317 1333 4411 ipsis,
1350 4315 1412 4410 qui
1432 4323 1471 4386 ut
1494 4313 1661 4410 scripsisti

255 4434 442 4528 nequitiem
466 4457 565 4510 suam
588 4459 648 4533 per
671 4441 780 4512 multa
804 4439 1014 4513 clandestina
1032 4439 1201 4514 maleficia
1222 4439 1447 4528 exercebant,
1470 4448 1530 4511 tuo
1545 4437 1663 4510 studio

256 4555 431 4630 mediante
450 4557 619 4632 desistunt
639 4563 904 4658 apravitatibus
927 4565 1017 4653 suls,
1036 4571 1070 4636 et
1093 4585 1170 4636 esse
1183 4565 1257 4656 jam
1280 4563 1362 4635 mali
1388 4560 1587 4634 formidant.
1614 4562 1664 4634 lle

258 4679 435 4755 &moenis
454 4691 572 4757 numm
588 4685 774 4760 Seralcadii
796 4710 885 4783 quos
905 4709 967 4786 pro
985 4688 1198 4784 beneplacito
1212 4699 1326 4760 nostro
1348 4685 1488 4759 inducis
1504 4698 1545 4768 nt
1561 4684 1665 4758 babi-
