4226 5900
496 529 558 591 cas
981 513 1204 593 'rarusnrcr
1228 531 1400 592 sscuunr
1714 532 1797 610 [aa.
1817 533 1903 601 rasa.

498 663 729 736 insinuatione
747 663 1004 758 perpendimus,
1016 676 1051 738 ct
1066 687 1315 762 nonnunquam
1330 667 1433 739 etiam
1447 665 1600 739 vidimus
1615 687 1662 740 cx
1673 668 1799 740 ellectu
1811 669 1906 762 quod

498 809 578 857 cum
599 786 749 880 aliquam
766 786 811 859 de
827 787 978 858 ecclesiis
992 789 1090 882 regui
1113 791 1219 862 nostri
1237 789 1436 863 destitutam
1449 799 1585 884 pastore
1602 811 1728 863 vacare
1743 791 1900 885 contigit,

500 921 593 984 tauto
611 913 771 1004 neglectu
789 913 1019 1006 mundatur
1034 914 1131 1009 quod
1152 917 1209 988 vel
1227 937 1289 1010 per
1307 915 1475 987 incuriam
1491 913 1634 986 omnino
1651 914 1831 986 collabitur
1850 915 1906 988 vel

499 1057 560 1130 ρετ
578 1057 701 1107 manus
721 1035 955 1130 diripientium
973 1037 1112 1132 penitus
1128 1048 1366 1129 consumatnr;
1385 1059 1457 1132 quo
1480 1035 1519 1108 fit
1535 1045 1574 1107 nt
1598 1036 1682 1108 dum
1699 1058 1781 1109 nou.
1815 1093 1824 1110 .
1853 1093 1863 1110 .
1892 1093 1901 1112 .

499 1160 607 1254 spolia
627 1159 730 1232 etiam
750 1161 873 1251 gremii
890 1161 945 1232 sui
967 1158 1029 1232 lilii
1054 1161 1189 1254 fugiant
1211 1172 1246 1233 et
1269 1160 1387 1234 debita
1409 1161 1446 1232 in
1470 1182 1513 1232 ea
1533 1159 1647 1232 officia
1668 1160 1815 1232 Domino
1839 1181 1906 1234 uon

500 1284 694 1355 exsolvant.
717 1281 888 1378 Contingit
915 1283 1019 1356 etiam
1043 1305 1090 1356 cx
1113 1284 1180 1356 hoc
1204 1281 1455 1377 nonnunquam
1473 1293 1513 1355 ut
1538 1283 1600 1376 qui
1620 1284 1843 1377 postmodum
1862 1283 1906 1358 ad

500 1406 610 1501 ipsius
623 1407 846 1500 prelationem
859 1400 1013 1497 vocatur,
1029 1415 1090 1480 ant
1102 1409 1251 1482 conubia
1266 1409 1345 1480 talis
1357 1405 1465 1479 vidue
1477 1407 1578 1479 bonis
1591 1407 1752 1479 omnibus
1765 1407 1906 1481 viduate

500 1551 570 1602 nou
592 1531 676 1602 velit
702 1539 762 1602 aut
783 1531 854 1624 pati
872 1553 918 1602 ex
938 1531 996 1602 tali
1021 1531 1185 1623 conjugio
1210 1539 1375 1625 perpetuo
1399 1551 1437 1602 se
1459 1541 1588 1604 mereat
1611 1529 1805 1604 viduatum.
1832 1532 1907 1616 Qua

500 1655 615 1728 omnia
628 1663 834 1726 cumuostre
846 1655 929 1726 eatis
940 1653 1143 1748 displiceant
1152 1654 1335 1746 majestati,
1347 1652 1502 1726 fidelitati
1512 1663 1570 1726 tue
1580 1653 1800 1750 precipiendo
1813 1677 1908 1726 man·

501 1777 626 1850 damus
647 1789 819 1872 quatenus
835 1779 995 1850 ecclesias
1009 1776 1210 1870 Agrigenti,
1234 1777 1359 1850 illontia
1376 1778 1533 1872 Regalis,
1556 1777 1761 1872 Cephalndi,
1781 1799 1852 1873 quo
1873 1779 1907 1850 in

497 1902 736 1993 jurisdictione
755 1911 814 1972 tua
833 1901 988 1973 existunt
1004 1911 1038 1972 et
1063 1902 1093 1972 si
1111 1923 1182 1995 que
1198 1901 1265 1972 alie
1280 1901 1494 1974 cathedrales
1510 1902 1566 1974 vel
1581 1903 1827 1974 conventuales
1852 1923 1908 1975 ec·

501 2026 604 2096 closis
621 2033 746 2096 vacant
759 2023 888 2096 ibidem
900 2025 957 2096 vel
973 2024 1009 2094 iu
1023 2035 1124 2097 antea
1138 2046 1262 2098 vacare
1273 2025 1491 2119 contingerit,
1505 2045 1568 2120 pro
1580 2035 1676 2119 parte
1688 2026 1783 2098 curie
1795 2033 1908 2098 nostre

501 2149 608 2244 recipi
625 2149 730 2220 iacias
748 2146 996 2241 procurandas,
1017 2156 1171 2220 statuens
1183 2147 1219 2218 in
1239 2167 1448 2241 unaquaque
1462 2149 1614 2241 ipsarum
1631 2147 1720 2219 dnos
1735 2149 1861 2242 probos
1874 2159 1907 2221 et

502 2273 621 2347 fideles
640 2271 733 2343 viros
751 2271 885 2361 bajulos
905 2270 966 2363 qui
991 2271 1170 2342 ecclesiam
1197 2271 1307 2365 ipsam
1325 2279 1360 2342 et
1379 2271 1496 2342 omnia
1513 2271 1604 2344 bona
1621 2271 1730 2365 ipsius
1754 2271 1907 2344 studioso

501 2409 535 2470 et
551 2396 696 2469 fideliter
714 2394 863 2467 debeant
878 2415 1077 2489 procurare,
1092 2395 1250 2466 faciendo
1267 2393 1409 2467 ecclesie
1423 2395 1489 2488 ipsi
1507 2393 1751 2467 convenienter
1765 2395 1903 2485 sarrire,

500 2520 621 2592 domos
640 2529 676 2590 et
693 2519 855 2590 eeclesias
868 2519 1035 2613 reparari,
1052 2519 1082 2589 si
1099 2539 1169 2612 que
1186 2518 1314 2589 fuerint
1332 2517 1525 2590 necessario
1541 2517 1733 2612 reparando
1747 2519 1795 2590 ita
1809 2519 1905 2590 vide-

500 2645 579 2714 licet
594 2641 690 2736 quod
704 2642 734 2712 si
748 2663 817 2714 nou
831 2650 1084 2735 repararentur,
1099 2640 1182 2712 inde
1194 2642 1307 2732 majus
1319 2648 1516 2736 paterentur
1531 2629 1751 2734 dispendium
1769 2638 1831 2739 [et]
1846 2641 1907 2712 im·

500 2775 664 2839 narentur
679 2765 828 2854 ruinam,
841 2765 963 2837 vineas
973 2772 1007 2835 et
1016 2763 1152 2857 jardina
1170 2763 1331 2836 decenter
1343 2764 1470 2854 excoli,
1480 2763 1688 2836 laborantias
1695 2765 1863 2853 exerceri,
1874 2775 1906 2837 et

500 2891 566 2963 alia
580 2889 695 2960 omnia
709 2889 801 2960 bona
815 2887 959 2960 ecclesie
972 2909 1050 2958 cnm
1067 2897 1227 2958 accurata
1239 2886 1417 2979 diligentia
1428 2889 1624 2981 procurari;
1639 2887 1686 2958 ita
1698 2888 1906 2982 quoduegli·

500 3016 615 3106 gentia
633 3012 885 3110 procurationis
903 3012 1122 3106 aliquatenus
1141 3011 1178 3081 iu
1194 3019 1433 3106 procuratores
1452 3011 1546 3105 ipsos
1564 3011 1674 3082 notari
1690 3032 1759 3083 non
1781 3011 1903 3105 possit,

457 3220 460 3229 Ι
499 3137 563 3210 sed
585 3147 679 3208 tanta
703 3157 764 3230 por
786 3157 846 3207 eos
869 3133 1074 3207 adhibeatur
1092 3133 1269 3227 diligentia
1292 3133 1520 3228 procurandi,
1547 3144 1677 3228 quauta
1694 3153 1782 3230 opus
1804 3143 1855 3206 est
1871 3135 1906 3205 in

500 3260 631 3334 eisdem
652 3271 687 3331 et
710 3269 824 3331 nostre
852 3260 1008 3354 exposcit
1031 3257 1284 3352 beneplacitum
1311 3257 1519 3350 majestatis3
1549 3256 1782 3352 significantes
1810 3257 1905 3331 nohis

500 3386 658 3460 distincte
683 3405 744 3478 ρετ
765 3383 880 3455 literas
898 3395 974 3455 tuas
1002 3382 1090 3476 quid
1107 3394 1142 3454 et
1158 3391 1326 3476 quantum
1344 3391 1532 3477 proventus
1551 3382 1826 3477 uniuscnjusque
1844 3404 1905 3456 ec-

499 3509 603 3582 clesie
617 3509 754 3580 valeant
766 3506 956 3578 aunuatim.

547 3633 672 3704 Datum
690 3632 725 3701 in
743 3631 861 3702 castris
877 3649 983 3724 prope
1000 3628 1251 3720 Mediolanum,
1272 3629 1305 3700 X
1324 3628 1490 3719 octobris,
1510 3629 1588 3700 Xlll
1603 3629 1810 3702 indictionis.

548 3755 684 3827 Similes
702 3754 837 3848 scripsit
853 3761 984 3825 secreto
1002 3751 1158 3824 Messene
1175 3752 1379 3824 deecclesia
1396 3753 1575 3842 Cathanie,
1590 3754 1707 3825 Sancti
1723 3753 1906 3826 salvatoris

502 3879 546 3952 de
561 3878 679 3971 lingua
697 3878 871 3964 Messene,
889 3873 1003 3968 Regii,
1023 3875 1170 3946 Russani
1185 3883 1218 3946 et
1235 3874 1424 3968 Strongolis
1443 3885 1477 3946 et
1491 3875 1568 3948 aliis
1582 3877 1611 3947 si
1627 3898 1696 3970 que
1715 3885 1838 3947 vacant
1853 3877 1906 3948 vel

500 4025 625 4076 vacare
643 4001 847 4096 contingerit
862 4003 897 4072 in
911 3998 1133 4093 juridictione
1150 4021 1226 4072 sua.

550 4124 683 4196 Similes
702 4123 836 4217 scripsit
854 4123 1018 4195 Riccardo
1033 4122 1078 4195 de
1093 4123 1236 4194 Pulcaro
1257 4119 1462 4194 deecclesia
1483 4119 1601 4206 Alilie,
1624 4121 1772 4211 Telesia,
1792 4118 1905 4191 Sancti

501 4250 684 4321 salvatoris
703 4248 748 4320 de
768 4247 918 4336 Telesia,
942 4247 1215 4340 Caputaquensi,
1236 4246 1431 4328 Aramaua,
1453 4243 1663 4334 Theauensi,
1687 4245 1902 4332 Surrentina,

501 4372 690 4460 Calenensi,
708 4370 958 4459 Policastreusi,
975 4371 1181 4459 Venafrano,
1196 4371 1339 4457 Sorano,
1354 4367 1532 4462 Aquinati,
1553 4366 1716 4460 Gajetana
1734 4375 1769 4440 et
1786 4368 1862 4440 aliis
1878 4365 1906 4438 si

501 4517 570 4590 que
586 4503 711 4568 vacant
726 4496 781 4567 vel
799 4515 922 4566 vacare
938 4495 1142 4587 contingerit
1156 4493 1191 4564 in
1205 4493 1428 4586 juridictione
1441 4513 1516 4564 sua.

550 4620 685 4691 Similes
705 4618 841 4714 scripsit
859 4617 986 4690 Criscio
999 4616 1204 4690 Amalfitauo
1223 4617 1409 4691 camerario
1422 4616 1563 4712 Aprucii
1579 4614 1624 4689 de
1647 4615 1790 4690 eeclesia
1806 4614 1908 4687 Tinea-
