4228 5892
481 493 542 554 dOt
981 489 1194 552 FllllllilllCI
1219 489 1391 552 sncttttot
1433 529 1435 536 ·
1702 487 1781 572 [llam
1800 489 1884 551 1239.

532 623 753 710 Fredericus,
778 633 863 710 etc,
884 621 1000 694 comiti
1019 623 1232 714 Tholosano,
1257 633 1324 698 etc.
1350 623 1497 696 Nuntios
1520 633 1599 694 tuos
1622 623 1671 692 tui
1695 623 1811 696 cordis
1829 625 1886 694 io-

481 747 577 820 dices
589 757 624 819 et
636 746 780 818 affectus
795 744 841 818 ad
858 753 1009 818 nostram
1025 748 1233 840 presentiam
1246 747 1449 822 accedentes
1461 745 1562 818 solita
1573 745 1785 838 benignitate
1797 768 1887 820 rece·

480 871 595 964 pimus
619 881 653 942 et
681 869 769 941 illud
794 867 889 961 quod
915 869 1015 942 nobis
1040 879 1279 964 exposuerunt
1303 891 1350 943 ex
1372 879 1470 964 parte
1495 877 1554 940 tua
1577 864 1679 965 [per]
1709 868 1887 961 legationis

481 993 632 1064 officinm
657 987 888 1064 intelleximus
912 991 1113 1083 diligenter,
1134 994 1260 1066 hilares
1282 991 1470 1066 admodum
1492 999 1526 1063 et
1544 990 1687 1082 jocundi
1706 992 1803 1084 quod
1828 1005 1887 1066 tua

481 1124 624 1208 experta
645 1113 838 1204 sinceritas,
863 1112 1103 1187 deficientibus
1123 1116 1201 1186 aliis
1223 1137 1370 1208 qnorum
1387 1113 1476 1187 tides
1491 1112 1626 1186 modica
1649 1112 1756 1186 luisse
1780 1116 1886 1206 conji-

480 1239 588 1323 citur,
605 1245 699 1308 tanto
719 1236 908 1331 promptior
923 1237 1104 1332 exponitur
1119 1248 1154 1310 et
1169 1237 1308 1310 offertur
1322 1247 1452 1332 quanto
1468 1235 1603 1308 dudum
1617 1247 1784 1330 concepte
1799 1237 1886 1309 desi·

480 1359 616 1432 derium
634 1360 822 1432 voluntatis
841 1361 877 1431 in
896 1361 1100 1432 necessitate
1117 1361 1242 1433 clarius
1260 1361 1397 1456 probari
1415 1359 1541 1454 expetit
1558 1368 1593 1431 et
1608 1360 1784 1452 cognosci.
1803 1361 1885 1431 Nam

480 1493 597 1556 contre
616 1505 736 1556 omnes
761 1483 918 1556 inimicos
941 1493 1073 1556 nostros
1095 1485 1341 1556 ecclesiasticos
1367 1493 1401 1554 et
1423 1482 1618 1554 mundanos
1637 1493 1672 1554 et
1696 1482 1886 1576 specialiter

480 1617 597 1680 contra
615 1628 742 1702 papam
760 1615 795 1680 et
810 1609 960 1680 lautores
976 1607 1052 1697 ejus
1067 1615 1100 1678 et
1116 1603 1323 1704 Pro[vincie]
1338 1606 1498 1678 comitem
1513 1605 1675 1700 proponis
1691 1615 1726 1676 et
1742 1606 1885 1700 exponis

479 1739 634 1826 potenter
651 1739 685 1802 et
707 1739 863 1824 patenter
877 1731 1056 1822 insurgere
1080 1739 1114 1802 et
1131 1751 1348 1803 communem
1371 1751 1511 1802 cansam
1529 1738 1564 1801 et
1585 1729 1749 1802 bonorem
1769 1738 1885 1802 contra

479 1853 619 1928 eosdem
639 1873 839 1925 communes
863 1853 1019 1924 inimicos
1040 1852 1151 1925 modis
1170 1854 1331 1926 omnibus
1356 1853 1547 1926 defensare.
1564 1851 1667 1938 Quod
1683 1851 1788 1925 lidem
1807 1874 1886 1948 pru·

480 1977 559 2048 bate
578 1979 650 2068 J'am
670 1975 751 2050 fidei
770 1975 858 2048 adeo
883 1997 998 2047 coram
1023 1976 1123 2048 nobis
1140 1977 1177 2048 in
1201 1986 1259 2048 tua
1284 1997 1432 2071 persona
1455 1975 1635 2066 clarificat,
1658 1985 1699 2046 nt
1724 1975 1768 2048 de
1795 1977 1884 2049 nullo

479 2099 672 2173 viventium
702 2098 802 2170 nobis
828 2099 950 2171 certior
972 2097 1100 2172 fiducia
1127 2099 1321 2192 prebeatur.
1343 2099 1398 2171 Ex
1418 2099 1534 2192 dignis
1556 2098 1701 2171 laudum
1725 2099 1831 2171 titulis
1851 2111 1884 2172 et

479 2224 665 2317 gratiarum
685 2221 876 2293 actionibus
892 2221 1129 2294 strenuitatem
1145 2232 1205 2293 tue
1227 2222 1410 2318 prudentie
1430 2231 1694 2317 prosequentes,
1716 2244 1775 2296 cor
1790 2233 1884 2295 tuum

479 2344 576 2419 cordi
602 2353 718 2417 nostro
748 2344 991 2438 conjungimus
1020 2355 1054 2416 et
1083 2345 1298 2418 unanimitati
1324 2355 1383 2418 tue
1406 2345 1511 2418 corde
1532 2355 1567 2418 ct
1592 2367 1734 2440 corpore
1755 2349 1885 2418 conlur-

480 2491 627 2542 mamnr.
659 2467 743 2540 Cum
773 2467 876 2561 igitur
904 2477 1038 2562 tempus
1067 2477 1102 2540 et
1127 2489 1231 2541 causa
1255 2469 1432 2562 requirant
1455 2467 1551 2563 quod
1578 2468 1623 2542 de
1648 2471 1885 2542 communibus

481 2593 628 2664 inimicis
644 2590 835 2664 vindictam
853 2612 989 2662 sumere
1010 2592 1203 2684 valeamus,
1223 2593 1307 2666 orbe
1329 2603 1495 2666 terrarum
1517 2603 1695 2688 pugnante
1709 2615 1774 2688 pro
1791 2595 1885 2666 nobis

481 2723 618 2808 propter
635 2735 757 2786 eorum
775 2713 991 2786 manifestam
1015 2713 1223 2805 injusticiam
1247 2723 1364 2788 contra
1389 2737 1467 2808 eos,
1488 2716 1656 2788 mittimus
1670 2718 1709 2788 t.
1729 2716 1885 2788 nuntium

481 2837 666 2933 specialem
682 2845 797 2910 nostre
811 2837 1017 2910 conscientie
1036 2837 1082 2910 ad
1096 2847 1130 2910 te
1144 2839 1303 2930 gerulum
1318 2848 1351 2910 et
1367 2838 1488 2912 intime
1501 2840 1675 2912 conscium
1690 2841 1883 2928 voluntatis,

481 2960 603 3055 quide
621 2959 833 3050 intentione,
850 2948 1026 3032 allectuet
1046 2961 1220 3056 proposito
1242 2971 1357 3034 nostro
1381 2969 1416 3034 te
1436 2962 1541 3056 plene
1565 2971 1696 3035 certum
1719 2962 1841 3036 reddet
1855 2973 1886 3036 et

481 3091 640 3174 cautum,
663 3083 815 3156 maxime
839 3083 922 3177 quia
948 3082 1041 3156 idem
1068 3083 1195 3178 pariter
1222 3085 1311 3158 velle
1334 3093 1372 3156 ct
1391 3084 1486 3158 idem
1509 3086 1599 3159 nolle
1623 3095 1737 3158 tecum
1764 3086 1886 3160 babere

481 3207 642 3278 volumus
661 3214 694 3279 et
712 3215 840 3279 tenere.
865 3208 916 3277 Tu
943 3207 1048 3300 igitur
1072 3207 1210 3279 robores
1228 3206 1382 3278 animum
1402 3218 1437 3280 et
1457 3209 1550 3283 vires
1570 3218 1647 3284 tuas
1668 3209 1704 3281 in
1722 3231 1765 3282 ea
1787 3232 1886 3282 mann

481 3352 585 3424 quam
601 3330 703 3402 nobis
726 3330 870 3403 exhibes
888 3339 923 3402 et
938 3351 1001 3402 nos
1022 3329 1067 3402 ab
1086 3336 1228 3424 experta
1248 3330 1468 3425 concepimus
1489 3341 1549 3405 tue
1562 3331 1770 3406 confidentis
1792 3333 1886 3428 puri·

481 3463 568 3540 tete,
599 3455 681 3548 quia
705 3453 837 3546 justitia
864 3453 1000 3525 viarum
1026 3461 1219 3525 nostrarum
1249 3453 1442 3527 comitatrix
1469 3456 1586 3529 existit
1614 3465 1649 3528 et
1671 3455 1887 3529 sacerdotalis

482 3578 664 3651 insolentia
687 3577 742 3648 sui
765 3575 868 3648 moris
890 3576 1013 3666 oblita,
1039 3575 1205 3648 modestis
1227 3574 1313 3648 lines
1332 3597 1489 3670 egressa,
1516 3577 1601 3650 dum
1619 3599 1682 3674 pro
1701 3577 1887 3671 Evangelio

482 3701 684 3774 scandalum
707 3698 862 3794 predicat
885 3709 983 3771 etex
1000 3698 1163 3770 orationis
1183 3697 1296 3770 officio
1312 3699 1429 3772 illicita
1453 3699 1545 3774 bella
1568 3709 1682 3796 perat,
1705 3699 1742 3771 in
1762 3699 1887 3793 seipsa

483 3833 636 3913 corruet,
655 3823 751 3896 velut
775 3843 845 3916 que
867 3821 942 3894 vies
965 3821 1102 3894 Domini
1126 3821 1342 3916 prevaricare
1364 3843 1434 3896 non
1461 3823 1605 3915 desinit,
1626 3823 1772 3896 Domino
1790 3843 1886 3895 exer·

482 3949 614 4020 citnum
645 3967 710 4019 nos
736 3947 881 4038 juvante
913 3945 974 4039 qni
1003 3943 1142 4018 vineam
1168 3965 1268 4017 suam
1294 3943 1393 4018 videt
1419 3946 1565 4019 amalis
1593 3945 1788 4042 pastoribus
1812 3943 1887 4018 dis-

481 4089 598 4162 srparr.

710 4229 917 4240 Wol-
921 4229 1125 4242 mtto-

300 4453 431 4560 impp
535 4427 769 4542 Fridericus,
805 4427 1073 4528 Romanorum,
1093 4427 1316 4535 imperator,
1344 4427 1608 4510 communitati
1640 4425 1885 4511 avenionensi

483 4571 609 4671 grates
627 4559 706 4668 agit
727 4559 833 4669 quod
857 4557 1014 4643 viriliter
1038 4557 1178 4642 vicario
1209 4583 1279 4642 suo
1310 4567 1443 4642 contre
1470 4560 1648 4644 comitem
1673 4559 1885 4643 Provinciae
