4228 5892
190 600 289 659 lenter.
309 594 369 677 ta]
636 592 832 654 HISTORIA
857 591 1152 654 utvtottttthtt
1541 595 1602 656 tos

188 742 225 813 et
252 729 348 812 alios
374 725 546 809 infideles
563 725 721 808 viriliter
747 725 951 831 astiterint,
971 751 1131 808 mouens
1157 751 1198 809 se
1220 727 1344 808 eidem
1363 727 1492 810 comiti
1515 737 1600 810 ter-

186 861 337 944 minum
368 858 525 968 trigiuta
555 857 705 939 dierum
740 857 960 965 praefixisse
991 868 1035 940 ut
1064 860 1113 942 de
1144 857 1366 942 infidelitate
1396 860 1601 944 commissa

187 991 436 1100 personaliter
452 990 692 1100 respondeat.

269 1192 398 1270 (Inedit.
426 1209 464 1252 ex
483 1192 551 1253 cod.
571 1193 649 1254 Bibl.
675 1191 773 1254 Cesar.
803 1193 911 1264 Parta,
924 1190 1016 1272 suada
1034 1191 1069 1253 S.
1095 1190 1339 1273 oen.-aartay‚
1367 1201 1441 1265 455,
1462 1209 1530 1271 pars
1552 1197 1597 1272 II,

307 1305 341 1355 u⁰
356 1296 463 1369 LXIX,
478 1303 508 1356 et
520 1313 557 1356 cx
572 1296 638 1357 cod.
653 1297 730 1357 Btbl.
746 1298 1004 1376 Guelferbytanae,
1018 1296 1144 1378 aeaut.
1161 1298 1248 1370 XIII,
1260 1315 1329 1375 pars
1347 1299 1389 1374 II,
1403 1308 1437 1359 ιιο
1453 1300 1518 1376 tt.)

233 1469 432 1542 Gaudemus
453 1467 536 1542 fidei
562 1481 676 1543 vestre
692 1470 822 1564 jugiter
846 1471 996 1564 experiri
1026 1473 1252 1545 constantiam
1282 1479 1317 1544 et
1340 1494 1362 1545 a
1386 1475 1597 1547 necessitatis

186 1593 400 1686 experientia
421 1594 647 1688 comprobare
672 1603 802 1687 quauta
820 1595 864 1665 sit
887 1603 1079 1665 vestrorum
1103 1593 1248 1666 fidelitas
1265 1595 1456 1667 animorum
1475 1594 1598 1691 quamss

185 1736 255 1809 que
280 1727 438 1811 prompta
460 1717 598 1790 devotio
622 1738 693 1810 que
713 1739 778 1790 vos
802 1716 916 1788 reddit
935 1717 1083 1790 solicitos
1105 1727 1140 1788 et
1157 1726 1302 1790 attentos
1326 1719 1416 1790 circa
1440 1732 1596 1794 nostrum

184 1840 372 1912 servicium
389 1850 424 1912 et
440 1841 616 1913 honorem.
639 1841 759 1935 Nuper
773 1841 865 1911 enim
882 1839 1113 1933 degenerante
1130 1864 1152 1913 a
1167 1843 1340 1915 nobilitate
1354 1865 1417 1915 sua
1422 1897 1590 1918 .....

184 1963 310 2035 comite
323 1964 503 2037 Provincie
516 1975 551 2038 et
567 1965 673 2038 fidem
698 1965 734 2034 iu
757 1963 935 2056 perfidiam
953 1974 1189 2055 convertente,
1213 1965 1384 2038 temeritas
1404 1966 1480 2057 ejus
1497 1969 1597 2042 valde

183 2086 286 2158 nobis
304 2087 496 2182 displicuit,
521 2099 556 2160 et
576 2090 653 2160 licet
678 2088 810 2181 aliquot
831 2087 867 2158 iu
891 2088 1121 2182 excogitatam
1141 2089 1197 2160 sui
1216 2089 1386 2161 maliciam
1400 2099 1596 2184 pervertere

183 2209 375 2304 potuissent
401 2209 463 2307 (a),
493 2211 529 2282 in
565 2211 663 2284 vobis
692 2231 777 2283 vero
806 2210 930 2282 nostris
956 2220 991 2282 et
1017 2211 1163 2308 imperio
1185 2233 1231 2284 ex
1260 2214 1403 2307 antiquo
1432 2213 1595 2290 fidelibus

182 2335 414 2426 temptationis
443 2336 556 2406 locum
586 2357 650 2406 sua
681 2333 866 2405 infidelitas
897 2356 966 2406 uon
996 2336 1147 2424 invenit,
1180 2359 1289 2428 quum
1325 2337 1449 2409 trustra
1476 2339 1595 2412 civitas

183 2468 298 2528 vestra
320 2458 514 2530 concutitur
532 2479 602 2550 que
618 2466 709 2530 recte
729 2456 811 2529 fidei
830 2456 1082 2530 firmamentum
1102 2458 1162 2554 (b).
1182 2461 1397 2553 Opposuistis
1417 2461 1510 2533 euim
1533 2485 1595 2536 vos

181 2577 326 2652 viriliter
346 2589 462 2652 contra
490 2601 588 2668 eum,
613 2589 648 2649 et
666 2579 825 2673 potestati
853 2591 968 2652 vestro
992 2581 1147 2672 ejusdem
1167 2583 1265 2674 regni
1292 2585 1443 2672 generati
1465 2585 1595 2659 vicario

180 2702 261 2774 totis
284 2703 419 2774 viribus
440 2702 653 2792 assistentes,
678 2702 724 2774 ad
749 2703 914 2775 honorem
935 2714 1089 2775 uestrum
1113 2715 1147 2776 et
1169 2705 1305 2800 imperii
1329 2706 1366 2776 iu
1392 2709 1546 2800 personis
1561 2717 1596 2782 et

181 2825 287 2897 rebus
317 2821 415 2922 [vos]
444 2826 623 2920 expositos
649 2826 835 2898 exhibetis.
863 2827 1004 2920 Propter
1024 2826 1122 2920 quod
1148 2849 1212 2900 vos
1238 2849 1357 2900 omues
1381 2839 1416 2901 et
1440 2831 1595 2924 singulos

180 2947 298 3038 dignis
320 2951 509 3042 gratiarum
524 2951 717 3022 actionibus
732 2959 997 3044 prosequentes,
1014 2950 1220 3024 mandamus
1235 2961 1269 3024 et
1283 2951 1461 3023 hortamur
1479 2952 1594 3026 fideli-

181 3080 287 3143 tatem
308 3083 458 3145 vestram
473 3082 512 3144 ut
535 3073 572 3144 iu
591 3072 662 3146 fide
676 3083 710 3145 et
728 3073 873 3145 servicio
894 3083 1010 3144 nostro
1030 3069 1247 3168 persistentes
1269 3075 1391 3148 robore
1406 3089 1590 3169 consueto,

179 3215 302 3266 omues
318 3196 402 3268 alios
425 3196 470 3269 de
487 3217 595 3288 regno
614 3197 690 3291 ipso
710 3197 882 3291 exemplis
897 3206 931 3268 et
950 3218 1015 3292 ope
1033 3199 1268 3291 conformetis,
1285 3197 1440 3272 infideles
1461 3211 1594 3274 nostros

180 3339 252 3390 uua
269 3339 349 3390 cum
364 3321 440 3392 aliis
456 3320 580 3391 nostris
598 3317 763 3392 fidelibus
778 3313 1042 3416 persequentem
1064 3321 1181 3394 scituri
1194 3323 1290 3417 quod
1309 3323 1471 3396 cumdem
1486 3326 1593 3402 comi·

184 3451 254 3514 tem
266 3442 444 3515 Provincie
454 3464 516 3538 pro
529 3443 664 3515 indulto
680 3443 745 3515 sibi
759 3453 836 3538 post
848 3445 1078 3539 receptionem
1091 3444 1278 3518 litterarum
1291 3457 1483 3519 nostrarum
1497 3447 1594 3518 XXX

184 3565 319 3636 dierum
336 3565 495 3658 termino,
514 3566 681 3638 duximus
695 3565 742 3638 ad
759 3576 909 3639 nostram
923 3567 1055 3640 curiam
1071 3569 1307 3661 evocandum
1324 3569 1370 3642 ad
1387 3592 1492 3664 quam
1504 3571 1594 3642 civi-

183 3698 253 3762 tate
272 3687 462 3762 Arelatensi
487 3700 520 3763 et
544 3692 647 3762 rebus
669 3690 746 3761 aliis
769 3690 805 3760 in
829 3700 956 3763 statum
980 3691 1163 3786 pristinum
1180 3693 1362 3784 restitutis,
1380 3695 1534 3766 conferre
1556 3715 1594 3766 se

183 3811 309 3884 debeat
321 3813 466 3886 termino
480 3821 679 3907 pretaxato,
695 3812 740 3885 de
755 3821 848 3886 tanta
862 3813 1066 3888 infidelitate
1079 3816 1259 3889 commissa
1277 3815 1322 3889 ad
1338 3817 1503 3908 justitiam
1517 3838 1594 3911 per·

178 3937 342 4008 sonaliter
359 3959 598 4032 responsurus.
617 3938 685 4023 Qui
704 3939 733 4010 si
752 3938 872 4010 venire
889 3941 1131 4036 contempserit
1148 3951 1183 4014 et
1199 3962 1339 4012 causam
1354 3941 1502 4035 dirigere
1517 3939 1593 4036 (sic)

177 4078 284 4150 quam
310 4059 481 4132 commisit
508 4061 741 4152 excessionis,
774 4063 941 4135 vassallos
967 4071 1002 4135 et
1026 4061 1147 4136 fideles
1164 4085 1246 4135 suos
1273 4065 1505 4156 ajurameuto
1526 4063 1593 4136 sibi

176 4182 320 4274 prestita
342 4180 517 4255 fidelitatis
542 4185 758 4258 absolvimus
787 4195 822 4259 et
852 4185 1105 4258 denunciamus
1133 4187 1272 4283 penitus
1297 4187 1471 4260 absolutos
1499 4198 1537 4258 ut
1559 4187 1592 4259 ei

177 4305 375 4376 nullatenus
393 4307 623 4400 respondeant
640 4311 696 4381 vel
718 4309 916 4401 intendant,
934 4309 1131 4382 comitatum
1147 4309 1353 4384 Forcbalieri
1370 4321 1404 4384 et
1422 4311 1591 4384 marchio·

178 4439 300 4499 uatum
324 4429 503 4503 Provincie
526 4442 562 4504 ct
589 4433 703 4506 omnia
735 4433 828 4506 bona
857 4445 892 4505 et
912 4437 991 4528 jura
1015 4456 1078 4508 sua
1104 4445 1218 4508 nostre
1245 4437 1339 4509 curie
1364 4435 1586 4532 applicantes.

219 4585 261 4664 (a)
282 4587 455 4666 Legendum
469 4607 539 4652 vcro
553 4593 670 4654 videtur
685 4613 693 4654 :
709 4599 738 4654 et
752 4589 817 4654 licat
829 4590 951 4674 aliqum,
966 4599 1036 4669 cta,
1046 4599 1210 4672 perseam
1217 4593 1368 4672 potuisset.

218 4690 259 4770 (t)
284 4693 329 4754 lbi
345 4696 490 4772 quaedam
502 4700 534 4758 iu
547 4700 646 4761 codice
661 4701 774 4762 lacuna
