4226 5900
485 569 545 631 ere
717 529 725 540 ’
986 569 1197 632 rernnnrcr
1224 571 1398 632 sncounr
1708 565 1787 648 [ass.
1807 565 1889 626 rrae.

486 702 736 799 propterquod
758 703 955 777 marescalle
976 703 1051 798 ipse
1068 716 1183 778 nostre
1206 716 1276 780 tam
1294 703 1477 778 stelionum
1499 725 1603 796 qnam
1620 703 1766 776 aliorum
1785 723 1890 796 equo·

486 851 563 900 rum
579 849 739 920 magnam
755 850 856 924 pesse
870 837 951 901 sunt
968 828 1151 921 lesionem,
1168 839 1203 903 et
1219 831 1286 904 nisi
1302 830 1363 924 qui
1380 827 1498 901 statuti
1516 823 1623 924 [sunt]
1641 847 1745 921 snper
1764 845 1891 898 mares·

457 935 462 944 ’
486 951 582 1024 callis
596 951 681 1046 ipsis
694 949 815 1024 fideles
831 951 938 1024 nostri
952 951 1002 1025 ad
1020 953 1158 1026 servitia
1172 963 1288 1026 nostre
1302 953 1457 1028 debitam
1470 949 1763 1024 carembabentes
1774 947 1818 1021 de
1830 969 1891 1020 sno

484 1074 623 1168 proprio
634 1074 872 1167 subvenerint,
888 1075 1087 1148 marescallo
1102 1077 1176 1171 ipse
1188 1075 1409 1172 irreparabile
1423 1075 1614 1169 dampnum
1627 1081 1766 1169 prepter
1781 1093 1892 1144 came-

484 1197 652 1269 rariorum
675 1199 829 1292 ipsorum
846 1197 1093 1292 negligentiam
1110 1199 1346 1274 incurrissent.
1362 1200 1477 1284 Quare
1498 1193 1654 1270 fidelitati
1676 1205 1735 1269 tue
1755 1195 1892 1269 firmiter

483 1319 706 1414 precipiendo
721 1319 928 1393 mandamns
945 1329 1129 1415 qnatenus,
1143 1323 1289 1418 receptis
1307 1323 1361 1394 bis
1373 1322 1513 1412 licteris,
1528 1341 1632 1416 super
1649 1319 1825 1414 premissis
1838 1319 1890 1390 in·

482 1445 700 1538 quisitionem
724 1445 832 1518 iacias
853 1445 1053 1538 diligentem
1082 1456 1152 1518 tam
1176 1469 1238 1540 per
1265 1455 1409 1519 statutos
1434 1465 1538 1540 snper
1562 1443 1767 1516 marescallis
1789 1442 1887 1536 ipsis,

482 1591 587 1661 quem
610 1589 671 1663 per
694 1569 780 1641 elios
799 1569 924 1640 borum
948 1570 1128 1643 consocios
1153 1568 1223 1644 lida
1241 1569 1385 1664 dignos,
1409 1580 1445 1642 et
1469 1570 1499 1640 si
1522 1567 1695 1640 inveneris
1723 1565 1890 1660 predictos

481 1692 699 1782 camerarios,
719 1701 822 1786 prout
839 1701 1003 1764 statuerat
1019 1691 1133 1764 dictus
1151 1692 1329 1786 quondam
1342 1701 1506 1780 secretus,
1521 1691 1557 1762 in
1574 1690 1700 1763 dandis
1714 1687 1890 1783 oportunis

482 1814 643 1888 omnibus
660 1836 722 1910 pro
738 1815 946 1887 marescallis
965 1816 1048 1910 ipsis
1068 1817 1189 1888 iecisse
1206 1816 1393 1904 delectum,
1415 1817 1509 1911 ipsos
1526 1815 1643 1910 capies
1657 1813 1703 1887 de
1719 1812 1886 1908 personis,

480 1948 514 2012 et
528 1939 633 2011 facias
648 1959 726 2010 cum
740 1939 919 2032 diligentie
933 1938 1115 2030 custodiri;
1130 1961 1237 2034 super
1252 1939 1428 2034 premissis
1443 1949 1558 2012 emen
1573 1960 1652 2010 cnm
1667 1935 1890 2030 cadiligentia

480 2077 703 2152 processurus
715 2056 812 2151 qnod
825 2067 922 2129 tuum
941 2057 978 2128 in
996 2057 1050 2130 bis
1065 2058 1220 2131 studium
1238 2058 1533 2132 commendemus.

527 2181 652 2252 Datum
675 2179 711 2250 in
733 2181 853 2252 castris
875 2189 954 2253 ante
977 2191 1117 2276 pontem
1139 2182 1326 2272 Placentia,
1357 2182 1401 2252 1v
1430 2179 1647 2268 novembris,
1675 2179 1752 2252 Xlll
1776 2177 1888 2251 indic-

481 2303 594 2375 lionis.

528 2426 663 2499 Similes
681 2425 817 2520 scripsit
830 2426 877 2500 ad
894 2425 934 2499 G.
961 2426 1007 2500 de
1023 2427 1270 2502 Monteinscolo
1279 2427 1503 2520 justitiarium
1525 2429 1679 2502 Calabrie
1696 2449 1758 2523 pro
1776 2448 1887 2500 came·

480 2548 578 2620 rariis
595 2548 764 2624 Calabris.
1475 2561 1480 2570 '

528 2670 651 2742 Eodem
668 2670 722 2740 dic
741 2669 780 2740 dc
800 2673 963 2764 superiori
981 2673 1137 2746 mendam
1153 2674 1286 2768 scripsit
1300 2673 1414 2745 idem:

528 2792 742 2885 Fredericus,
756 2804 838 2882 etc,
854 2795 974 2888 Majori
990 2796 1035 2870 de
1051 2797 1257 2871 Plancatone
1272 2807 1404 2870 secreto
1418 2797 1588 2870 Messene.
1603 2794 1889 2891 Significevernnt

481 2915 622 2988 culmini
646 2925 760 2988 nostro
781 2919 898 2989 statuti
921 2939 1026 3014 super
1049 2921 1255 2994 marescallis
1275 2921 1400 2994 nostris
1422 2919 1598 3011 Calabria,
1620 2918 1717 3014 quod
1740 2919 1889 2992 obeunte

481 3037 657 3130 qnondam
689 3039 837 3112 Mattbeo
861 3041 1082 3116 Marcbeleba
1108 3054 1239 3116 secreto
1263 3045 1438 3136 Messene,
1467 3042 1661 3116 secundum
1690 3042 1787 3136 quod
1817 3043 1888 3137 ipse

480 3160 717 3252 ordinaverat,
744 3165 936 3236 neccssaria
956 3187 1018 3260 pro
1044 3167 1251 3240 marescallis
1281 3167 1366 3262 ipsis
1390 3177 1461 3240 tam
1479 3188 1542 3262 pru
1566 3165 1769 3239 stelionibus
1785 3187 1887 3260 qnam

479 3303 543 3378 pro
564 3284 640 3356 eliis
662 3284 762 3380 equis
786 3287 1018 3382 nequiverunt
1043 3287 1169 3362 bebere
1193 3297 1332 3386 propter
1356 3289 1601 3385 negligentiam
1625 3287 1887 3362 camerariorum

479 3407 631 3502 ipserum
649 3409 797 3502 partium
809 3409 870 3504 qui
887 3419 970 3484 tnnc
986 3421 1094 3502 erent,
1105 3422 1244 3508 propter
1259 3413 1354 3508 quod
1371 3415 1436 3509 ipsi
1450 3413 1497 3487 ad
1509 3413 1650 3486 servitia
1665 3421 1782 3486 nostra
1792 3411 1887 3486 debi-

477 3537 548 3600 tam
565 3551 682 3602 curem
698 3530 877 3622 habentes,
899 3533 944 3607 de
963 3555 1028 3606 sno
1043 3533 1079 3606 in
1098 3535 1297 3609 marascalis
1317 3538 1401 3633 ipsis
1414 3559 1584 3633 expensas
1601 3539 1755 3611 lecerunt
1769 3557 1815 3609 ne
1828 3557 1887 3630 pro

476 3653 749 3727 necessariorum
769 3655 907 3730 delectu
924 3659 1122 3731 marescallo
1144 3660 1218 3754 ipse
1237 3661 1451 3735 incurrerent
1471 3663 1650 3734 lesionem.
1670 3661 1785 3746 Quare
1801 3657 1885 3733 fide·

476 3775 563 3847 litati
577 3785 637 3848 tue
654 3777 876 3874 precipiendo
891 3781 1099 3854 mandamus
1116 3791 1303 3876 quatenus,
1324 3785 1354 3856 si
1378 3784 1439 3857 tibi
1463 3783 1651 3856 constiterit
1669 3785 1717 3856 ita
1735 3803 1828 3871 esse,
1847 3803 1887 3854 ea

475 3919 545 3994 que
561 3899 623 3970 tibi
650 3902 863 3974 constiterint
887 3913 1031 3978 statutos
1055 3906 1227 4001 predictos
1252 3906 1445 3980 secundum
1467 3906 1717 3980 ordinationem
1744 3903 1885 4001 predicti

476 4021 654 4116 qnondam
676 4025 799 4098 secreti
830 4025 985 4122 recipere
1012 4026 1175 4101 debuisse
1203 4051 1265 4124 pro
1288 4031 1498 4104 marescallis
1528 4031 1610 4126 ipsis
1638 4051 1703 4103 nec
1728 4038 1886 4102 anostra

475 4146 571 4218 curia
595 4147 766 4243 recepisse
785 4148 830 4220 ab
847 4169 890 4222 eo
910 4159 1062 4246 tempore
1084 4173 1155 4245 qno
1178 4152 1252 4246 ipsa
1271 4155 1464 4227 necessaria
1488 4175 1557 4226 non
1579 4163 1798 4248 receperunt,
1826 4150 1886 4224 sed

475 4269 718 4364 expenderunt
734 4269 779 4344 de
797 4293 875 4365 suo,
894 4272 978 4368 ipsis
994 4273 1038 4346 de
1054 4277 1283 4370 proventibus
1299 4279 1393 4350 cerie
1408 4288 1522 4350 nostre
1537 4277 1642 4350 iacias
1658 4275 1835 4365 exbiberi,
1852 4275 1885 4344 in

474 4400 576 4465 antea
595 4400 712 4464 autem
739 4393 788 4466 sic
813 4394 848 4466 in
870 4393 997 4468 dandis
1023 4397 1188 4470 omnibus
1209 4399 1388 4494 oportunis
1411 4421 1473 4494 pro
1499 4397 1707 4472 marescallis
1728 4397 1812 4492 ipsis
1834 4396 1886 4468 in·

474 4515 598 4588 tendas
616 4524 654 4587 ut
674 4517 791 4590 nullus
810 4516 968 4591 defectus
982 4519 1133 4594 existere
1157 4523 1271 4595 valeat
1287 4523 1323 4595 in
1346 4523 1490 4598 eisdem.
1511 4523 1561 4594 De
1585 4520 1749 4617 predictis
1773 4529 1885 4593 antem

475 4639 670 4714 camerariis
693 4641 754 4734 qui
775 4641 972 4738 predictum
995 4645 1149 4716 iecerunt
1171 4644 1364 4737 delectum,
1386 4669 1467 4722 ecce
1492 4645 1676 4720 scribimus
1696 4641 1885 4736 justitiariis
