4350 5922
506 558 558 618 22·
1005 563 1221 624 FRIDElllCl
1246 562 1421 624 secutum
1734 565 1812 648 [Aua.
1831 567 1915 630 1237.

506 695 619 767 batem
639 695 753 792 ipsum
772 720 926 794 suosque
938 719 1153 772 successores
1171 700 1373 794 regulariter
1392 699 1579 790 institutos,
1600 710 1820 792 conventam,
1841 727 1918 778 mo-

507 821 692 892 nasterium
710 832 744 895 et
762 824 878 896 omnia
894 824 985 896 bona
1003 845 1067 896 sua
1085 845 1155 917 que
1173 823 1209 894 in
1224 823 1373 918 presenti
1388 826 1483 918 juste
1502 833 1618 898 terrem
1637 833 1672 896 et
1689 825 1864 920 possident
1885 837 1917 900 et

506 965 576 1037 que
600 944 635 1014 in
654 955 754 1018 antea
770 947 862 1040 justo
881 947 980 1018 titulo
1001 955 1160 1040 poterunt
1175 945 1342 1042 adipisci,
1364 949 1431 1022 sub
1447 959 1563 1022 nestra
1579 957 1613 1022 et
1628 949 1764 1046 imperii
1782 959 1916 1045 protec-

506 1069 599 1141 tione
625 1070 809 1166 recipimus
842 1071 1003 1167 speciali3
1030 1071 1235 1144 mandantes
1268 1080 1306 1142 ut
1329 1093 1550 1168 quecumque
1576 1074 1677 1166 jura,
1702 1096 1918 1168 quecumque

506 1196 741 1290 exemptiones
757 1206 791 1268 et
809 1197 983 1269 libertates
1004 1219 1025 1268 a
1045 1195 1202 1268 felicibus
1218 1195 1480 1290 imperatoribus
1504 1197 1807 1292 predecessoribus
1830 1220 1916 1272 nos-

506 1317 568 1388 tris
586 1320 639 1390 vel
659 1321 703 1391 ab
722 1319 799 1392 aliis
820 1320 955 1416 imperii
974 1319 1188 1415 principibus
1209 1321 1454 1394 rationabiliter
1470 1321 1585 1396 eidem
1610 1323 1816 1396 monasterio
1839 1334 1918 1394 sunt

507 1443 628 1516 collata
653 1445 708 1516 vel
730 1446 823 1536 juste
850 1445 895 1518 de
919 1453 1031 1517 cetero
1050 1445 1286 1534 conicientur,
1305 1455 1377 1520 rata
1402 1446 1468 1516 sibi
1492 1445 1585 1518 omni
1611 1455 1762 1542 tempore
1788 1446 1918 1540 integra

505 1591 574 1663 que
594 1577 788 1641 serventur.
816 1571 857 1639 Et
883 1569 972 1640 sicut
998 1569 1083 1642 ordo
1110 1569 1341 1642 Cisterciensis
1368 1569 1413 1642 ab
1439 1569 1585 1642 exordio
1610 1570 1831 1644 institutionis
1855 1591 1918 1642 sue

506 1693 638 1764 nullum
657 1715 810 1786 unquam
829 1702 942 1788 preter
968 1694 1158 1764 Romanum
1185 1693 1426 1788 imperatorem
1450 1703 1488 1765 ut
1511 1694 1703 1787 predictum
1726 1703 1778 1766 est
1798 1694 1918 1766 hahuit

505 1821 727 1910 advocatum,
745 1819 791 1890 ita
810 1817 1003 1912 predictum
1021 1819 1266 1891 monasterium
1282 1841 1362 1890 eum
1377 1801 1544 1891 omnibns¹
1552 1818 1827 1914 possessionibus
1843 1819 1918 1910 ejus

505 1949 620 2036 preter
632 1961 694 2011 nos
710 1947 744 2010 et
756 1939 987 2009 Romanorum
1003 1938 1225 2033 imperatores
1236 1939 1281 2010 ab
1295 1938 1389 2011 omni
1406 1938 1654 2012 advocatorum
1673 1938 1804 2010 ratione
1816 1947 1919 2032 atque

437 2149 442 2160 ,
505 2063 687 2138 exactione
718 2062 762 2133 sit
789 2061 953 2153 liberum,
983 2073 1053 2133 tam
1084 2061 1258 2133 communi
1292 2061 1426 2135 ordinis
1451 2062 1610 2135 libertate
1637 2083 1743 2156 quam
1770 2061 1917 2156 presenti

506 2200 621 2262 nostra
631 2186 851 2260 concessione
866 2193 1081 2280 exemptum.
1095 2185 1174 2258 Paci
1189 2185 1331 2281 insuper
1344 2207 1464 2258 eorum
1481 2195 1516 2258 et
1528 2185 1735 2258 immunitati
1749 2185 1857 2280 ipsius
1873 2183 1917 2256 de

505 2311 674 2409 imperiali
702 2309 881 2382 clementia
910 2309 1132 2404 providentes
1158 2309 1357 2382 inhibemus
1383 2311 1525 2382 omnino
1552 2311 1807 2404 nequisquam
1834 2307 1916 2380 dicti

507 2435 703 2510 monasterii
732 2443 791 2506 aut
812 2434 916 2506 ullius
944 2433 1054 2528 predii
1077 2435 1133 2506 sui
1152 2434 1367 2507 advocatiam
1384 2436 1420 2506 in
1439 2433 1543 2508 feudo
1560 2457 1580 2507 a
1598 2456 1773 2530 quoquam
1795 2431 1919 2504 habeat

505 2564 560 2636 vel
580 2561 700 2634 haberi
718 2559 826 2654 possit
844 2559 915 2630 ullo
930 2558 1069 2631 nomine
1091 2571 1150 2630 aut
1162 2560 1242 2650 jure
1262 2581 1325 2631 uec
1348 2559 1543 2632 donationis
1561 2559 1707 2653 alicujus
1729 2557 1839 2654 predii
1856 2580 1917 2628 ra-

505 2689 598 2761 tione
611 2708 672 2758 seu
692 2683 1006 2761 commissioneaut
1021 2685 1173 2778 expetite
1188 2681 1400 2756 defensionis
1417 2684 1599 2757 occasione
1612 2685 1668 2755 vel
1684 2683 1784 2778 quasi
1800 2705 1821 2755 a
1838 2703 1917 2778 pro·

505 2811 716 2908 genitoribus
734 2805 938 2880 hereditaria
956 2808 1174 2880 successione
1188 2830 1312 2880 nomen
1329 2819 1363 2880 et
1374 2810 1434 2901 jus
1456 2806 1615 2882 advocati
1630 2807 1665 2878 in
1680 2829 1739 2880 eos
1752 2815 1812 2881 aut
1828 2806 1918 2878 bona

505 2959 625 3010 eorum
643 2934 709 3007 sibi
728 2931 901 3028 quispiam
924 2931 1085 3004 vendicet
1111 2943 1171 3005 aut
1197 2941 1361 3006 assumat.
1394 2933 1463 3005 Sed
1487 2931 1733 3028 quodcumque
1760 2932 1917 3028 predium

505 3061 619 3136 eidem
645 3056 852 3130 monasterio
873 3065 926 3128 est
952 3055 1119 3129 hactenus
1143 3058 1199 3129 vel
1220 3055 1349 3130 amodo
1367 3057 1469 3130 fuerit
1494 3059 1529 3128 in
1558 3058 1777 3130 elemosinam
1800 3058 1917 3130 datum

505 3197 565 3262 aut
578 3184 679 3278 justis
692 3181 804 3254 modis
818 3179 894 3252 aliis
912 3181 1133 3274 acquisitum,
1147 3181 1314 3277 imperiali
1329 3181 1466 3254 tuitioni
1486 3203 1528 3254 eo
1543 3181 1620 3277 ipso
1637 3181 1811 3274 subiaceat
1824 3179 1918 3276 quod

505 3309 661 3405 ejusdem
691 3303 888 3377 monasterii
919 3325 995 3375 esse
1031 3305 1133 3398 cepit.
1174 3306 1301 3376 Verum
1334 3305 1379 3378 de
1408 3304 1650 3378 abundantiori
1679 3305 1918 3378 benevolentia

505 3436 610 3510 nostri
637 3431 796 3506 culminis
822 3428 867 3502 ad
887 3427 1099 3523 parcendum
1119 3427 1284 3522 predictis
1300 3429 1417 3502 abbati
1437 3441 1471 3501 et
1489 3431 1675 3502 conventui
1692 3451 1798 3524 super
1818 3430 1918 3501 labo-

505 3561 601 3633 ribus
616 3567 650 3630 et
667 3553 829 3649 expensis
849 3575 893 3624 ne
912 3553 1073 3624 continue
1092 3553 1138 3625 ad
1157 3553 1287 3624 curiam
1315 3553 1525 3648 imperialem
1551 3576 1615 3650 pro
1627 3557 1707 3648 jure
1724 3564 1759 3627 et
1784 3555 1918 3626 utilita-

505 3685 597 3758 tibus
615 3681 687 3753 suis
711 3679 829 3751 venire
848 3687 1025 3771 cogantur,
1048 3676 1261 3748 defensorem
1286 3677 1337 3749 eis
1362 3678 1476 3772 ipsum
1496 3678 1667 3751 duntaxat
1682 3699 1785 3772 quem
1810 3677 1917 3752 abbae

503 3821 538 3882 et
555 3814 744 3882 conventus
758 3801 913 3896 Jamdicti
927 3801 973 3874 ad
988 3801 1054 3874 hoe
1071 3800 1236 3893 elegerint
1254 3799 1463 3895 deputamus
1480 3813 1515 3875 et
1531 3803 1660 3876 hebere
1680 3801 1913 3875 coneedimus.

504 3935 568 4006 Cui
585 3933 620 4002 in
638 3951 757 4002 eorum
773 3926 1009 3999 defensionem
1033 3925 1068 3995 in
1092 3925 1343 4015 contractibus,
1365 3927 1401 3996 in
1418 3929 1532 4000 causis
1549 3907 1710 4000 civilibus
1732 3937 1767 4000 et
1788 3926 1824 3997 in
1840 3925 1916 3998 aliis

503 4056 659 4129 civilium
687 4051 902 4143 negotiorum
929 4047 1219 4122 transactionibus
1247 4059 1364 4122 nostre
1392 4051 1480 4123 vicis
1511 4053 1750 4124 executionem
1782 4071 1851 4123 non
1879 4049 1915 4120 in

503 4179 608 4254 feudo
627 4174 844 4262 habendam,
861 4195 931 4245 non
952 4183 1117 4268 perpetuo
1134 4173 1358 4246 obtinendam
1375 4196 1490 4270 neque
1508 4175 1696 4249 heredibus
1712 4175 1917 4268 relinquen·

502 4305 585 4377 dam
604 4303 700 4375 salva
719 4298 801 4371 dicti
820 4295 1016 4371 monasterii
1035 4297 1191 4369 libertate
1209 4297 1472 4392 committimus;
1494 4301 1541 4373 ita
1558 4309 1598 4370 ut
1613 4299 1758 4371 liberum
1776 4297 1827 4368 eis
1841 4316 1917 4368 esse

502 4429 628 4502 debeat
650 4445 809 4499 recusare
828 4431 862 4497 et
887 4421 1027 4494 alterius
1045 4421 1237 4494 defensioni
1263 4443 1301 4496 se
1326 4431 1360 4494 et
1384 4445 1448 4498 sua
1473 4425 1686 4498 committere
1706 4422 1735 4494 si
1762 4421 1829 4494 sub
1848 4441 1918 4492 no-

503 4553 597 4626 mine
617 4548 805 4625 defensoris
831 4568 868 4619 se
896 4545 980 4641 ipsis
1008 4544 1205 4618 exhibuerit
1234 4547 1456 4636 offensorem,
1486 4549 1515 4622 si
1541 4546 1767 4622 immunitatis
1796 4565 1916 4618 eorum

503 4677 724 4776 privilegium
748 4671 831 4772 ullo]
842 4671 1069 4746 vexationum
1093 4679 1153 4745 ant
1178 4673 1398 4746 exactionum
1425 4696 1552 4770 genere
1581 4669 1834 4770 attemptaverit
1858 4669 1917 4740 in-
