4224 5898
491 651 552 711 284
990 646 1203 708 FlllDlllllGl
1227 647 1400 708 sacuuot
1712 649 1792 728 [Aur.
1811 649 1896 714 1239.

491 805 637 879 pensare
662 804 857 878 possemus,
883 792 922 853 ut
945 781 980 851 in
1006 782 1121 876 ipsum
1148 791 1292 854 etsuos
1315 789 1478 853 attentata
1503 793 1619 855 nostro
1649 783 1748 856 Sedis
1775 786 1899 876 injuria

490 906 718 998 redundaret,
742 905 955 978 tolerabilius
978 905 1195 978 duceremus.
1215 905 1282 978 Sed
1302 927 1381 977 curn
1400 926 1465 978 uec
1489 906 1578 1000 ipse,
1598 929 1664 980 nec
1679 919 1819 1003 propter
1835 909 1901 982 hoc

491 1040 561 1102 tota
597 1051 661 1100 sua
702 1049 846 1124 passura
886 1029 1066 1123 progenies
1105 1029 1189 1100 tanti
1224 1029 1334 1100 forent
1371 1039 1410 1100 ut
1439 1030 1573 1122 imperii
1606 1031 1744 1104 culmen
1777 1034 1900 1105 zelaret

491 1154 657 1225 ultionem
682 1152 854 1247 ipsorum3
886 1173 1035 1244 cumque
1064 1151 1164 1224 Sedis
1191 1152 1299 1245 ipsius
1328 1152 1517 1224 authoritas
1547 1154 1693 1226 audacio
1716 1156 1782 1228 sibi
1805 1159 1900 1230 trena

491 1278 623 1349 relaxet
651 1273 680 1346 si
713 1285 761 1345 tot
793 1272 1044 1345 venerabilium
1079 1275 1220 1346 fratrum
1252 1294 1393 1344 snorum
1419 1274 1529 1344 moles
1561 1295 1641 1345 cum
1670 1275 1706 1344 in
1735 1287 1900 1372 concepta

490 1402 607 1473 lovere
622 1395 810 1491 pertinacia
833 1394 1006 1485 videatur,
1028 1396 1124 1488 angit
1148 1416 1211 1468 nos
1233 1395 1343 1468 altiori
1364 1405 1479 1468 menta
1498 1397 1646 1469 turbatio
1667 1423 1675 1466 ι
1697 1399 1793 1490 qnod
1815 1399 1899 1472 dnm

489 1545 553 1596 nos
567 1519 789 1593 intendamus
804 1540 824 1590 a
839 1528 1066 1614 persequente
1083 1519 1286 1609 defendere,
1304 1529 1437 1613 oportet
1451 1540 1514 1591 nos
1526 1518 1744 1594 defendendo
1758 1523 1900 1615 gravius

490 1645 666 1719 offendero
677 1643 875 1714 resistentes
889 1639 952 1737 (o),
970 1643 1066 1714 salva
1079 1641 1115 1713 in
1131 1642 1292 1714 omnibus
1304 1643 1454 1714 Ecclesia
1468 1645 1667 1733 sanctitate,
1683 1665 1787 1738 qnam
1805 1647 1898 1718 cultu

489 1789 588 1842 sacro
604 1777 640 1840 et
653 1767 768 1839 debita
785 1765 977 1837 reverentia
1000 1765 1103 1838 cordo
1123 1775 1158 1838 et
1179 1786 1246 1861 opo
1261 1785 1479 1837 veneramur.
1496 1766 1710 1862 Quapropter
1731 1790 1900 1841 veneran-

490 1892 575 1966 dnm
605 1899 757 1964 vestrum
787 1897 900 1961 cetum
926 1887 1146 1961 affectuosius
1176 1887 1402 1984 deprecamur
1433 1899 1604 1983 qnatenus
1633 1901 1748 1963 motus
1774 1893 1901 1964 summi

490 2013 682 2110 pontilicis,
705 2034 793 2106 quos
809 2033 855 2084 ex
878 2012 1008 2085 caussis
1034 2011 1302 2084 evidentissimis
1320 2023 1390 2084 mm
1407 2013 1551 2104 injustos
1569 2035 1675 2107 quam
1694 2015 1901 2088 voluntarios

490 2138 644 2210 mundus
670 2137 847 2230 agnoscit,
874 2155 921 2207 ex
946 2135 1135 2207 deliberata
1158 2135 1327 2207 modestia
1353 2135 1596 2230 compescatis;
1620 2137 1769 2229 generali
1794 2139 1898 2210 statui

488 2259 639 2334 Ecclesie
660 2259 837 2355 prasertim
853 2267 888 2329 et
904 2257 1012 2351 quieti
1035 2257 1202 2329 mentium
1223 2279 1243 2328 a
1265 2257 1436 2330 scandalis
1459 2257 1694 2353 providentes.
1716 2261 1801 2332 Nam
1818 2283 1897 2333 cnm

488 2383 694 2457 adsalutem
715 2393 751 2455 et
765 2382 933 2454 honorem
951 2378 1106 2452 omnium
1127 2389 1281 2452 vestrum
1305 2380 1539 2453 favorabiliter
1554 2381 1752 2473 alligemur,
1775 2383 1821 2455 ab
1838 2384 1898 2455 in-

486 2509 691 2603 jnriatorum
714 2507 845 2579 offensa
858 2525 927 2577 non
943 2504 1132 2600 poterimus
1148 2504 1377 2598 equanimiter
1392 2503 1563 2578 abstinere
1582 2506 1686 2600 quin,
1708 2515 1743 2578 et
1758 2507 1789 2578 si
1804 2509 1897 2602 prin·

490 2633 589 2728 cipiis
601 2631 736 2703 obstare
752 2651 821 2701 non
836 2628 1023 2724 possimus,
1041 2627 1133 2700 licite
1147 2628 1247 2700 liceat
1259 2627 1361 2700 nobis
1379 2627 1535 2720 injurias,
1553 2649 1640 2722 quas
1652 2649 1817 2702 revocare
1829 2653 1897 2704 non

491 2775 694 2852 possumus,
714 2751 849 2844 injuriis
869 2751 1079 2846 propulsare.

539 2879 662 2950 Datum
679 2874 814 2964 Padue,
833 2873 968 2947 decima
986 2873 1045 2946 die
1061 2873 1193 2966 martii,
1211 2871 1417 2948 duodecima
1436 2874 1621 2948 indictione
1636 2873 1701 2972 (l).

703 3154 1685 3172 manu—..m

546 3395 763 3501 Conrndus,
789 3391 1023 3476 coloniensis
1049 3390 1371 3499 archiepiscopus,
1401 3387 1634 3473 concessioni
1661 3411 1780 3496 quom
1805 3384 1897 3470 Fri-

490 3529 640 3612 dcricus
664 3527 870 3636 imperator
891 3525 964 3633 ipsi
991 3522 1079 3606 fecit
1103 3524 1151 3605 de
1168 3523 1333 3606 denariis
1356 3521 1633 3606 cerevisialibus
1655 3520 1757 3628 apud
1776 3517 1898 3600 Colo-

490 3661 595 3742 niam
619 3657 862 3768 recipiendis,
893 3665 999 3738 ratus
1022 3681 1063 3737 se
1084 3655 1122 3736 in
1142 3655 1285 3738 eisdem
1312 3653 1408 3735 nihil
1435 3653 1533 3764 juris
1559 3651 1720 3758 habere,
1749 3647 1898 3758 penitus

490 3791 695 3875 renuntiat.

572 3967 679 4048 (Edld.
694 3967 888 4044 Laconum,
907 3961 1091 4025 llrltandmb.
1101 3961 1162 4042 fitr
1176 3961 1222 4024 dte
1237 3961 1334 4025 dact.
1349 3960 1398 4024 dea
1413 3959 1577 4037 utonerrt,
1597 3977 1653 4021 ιιι.
1669 3959 1764 4038 band,
1778 3975 1809 4035 p.
1828 3965 1896 4030 126,

610 4082 644 4135 n⁰
659 4081 733 4147 ato,
748 4089 787 4133 ex
800 4071 934 4150 orlglnall
948 4075 979 4132 ln
992 4071 1112 4132 archivo
1126 4072 1209 4131 olvit.
1224 4067 1427 4147 Coloniensls.)

535 4217 577 4300 (a)
597 4219 632 4280 ln
647 4217 747 4280 ondloc
761 4225 818 4278 tto
831 4215 1023 4297 samonum:
1039 4231 1088 4292 ap.
1104 4215 1183 4276 Petr.
1199 4215 1237 4275 dc
1250 4215 1320 4277 vlo.
1335 4217 1522 4295 rumpentem.

499 4374 542 4387 μ-
762 4370 1035 4381 --..-..-...-.
1041 4370 1121 4378 ...-.,..
1449 4367 1491 4377 -.

526 4458 563 4531 (t)
582 4457 650 4514 lstao
663 4453 864 4526 chronologicae
875 4459 952 4510 notae
963 4451 990 4507 in
1002 4451 1093 4508 codice
1101 4451 1260 4509 bodleianae
1270 4449 1447 4508 bibliothocae
1457 4453 1508 4509 372
1520 4449 1679 4508 exhibentur
1690 4453 1718 4504 st
1724 4448 1813 4520 justae
1822 4451 1894 4503 sunt.

489 4558 563 4627 Quas
576 4560 665 4612 tamen
674 4553 701 4608 in
711 4552 770 4610 cod.
781 4551 848 4608 Bibl.
859 4549 959 4607 Elisab.
971 4547 1123 4605 Wratislas.
1134 4553 1227 4604 artam
1236 4547 1287 4604 sub
1298 4547 1350 4604 bac
1361 4547 1446 4605 lorma
1461 4565 1468 4602 ι
1483 4549 1548 4605 Dot.
1562 4545 1661 4616 Padus,
1676 4545 1707 4601 Χ
1715 4542 1772 4600 Ιωὶ.
1786 4543 1893 4612 martit,

490 4652 588 4710 indict.
600 4652 631 4709 X
633 4651 671 4722 11,
685 4649 775 4707 minus
785 4653 868 4718 recto,
882 4653 910 4704 et
920 4645 993 4720 apud
1006 4647 1081 4702 Matt.
1094 4643 1171 4702 Paria
1187 4661 1194 4700 ε
1208 4645 1309 4702 Dolum
1321 4643 1445 4714 Podont's',
1459 4641 1564 4702 decimo
1577 4641 1621 4700 die
1633 4641 1741 4713 ntortt't',
1754 4631 1898 4698 ιιιιὼοίιιιιὲ

491 4747 655 4818 indictione,
669 4747 786 4821 ineptius
797 4744 877 4802 etiam
890 4742 1086 4816 exprimuntur.
