4246 5906
478 559 540 621 546
977 555 1194 617 struuntur
1221 554 1397 618 suctum
1704 556 1784 638 [Aa
1802 557 1884 622 lm.

477 693 606 768 saniori
621 691 747 764 ductus
758 689 901 764 consitio
920 689 1144 784 postmodnm
1157 689 1259 762 nobis
1272 686 1631 785 sepesigniiimndnm
1644 689 1888 786 duxeritquod
2099 693 2100 702 '

478 817 571 890 bona
595 815 704 911 petita
722 821 863 909 paratus
885 823 961 886 erat
980 810 1128 886 reddmc
1152 813 1182 886 si
1202 811 1367 886 eumdem
1392 812 1631 904 tranaticum,
1649 836 1755 909 quem
1782 825 1889 888 mater

478 942 583 1015 etiam
597 961 662 1012 sua
677 938 712 1008 in
733 936 897 1009 extremis
912 937 1024 1032 posita
1045 937 1114 1010 sub
1128 934 1283 1030 qnadm
1305 935 1532 1010 obtestatione
1549 937 1632 1010 ilinc
1647 937 1888 1011 destinandum

476 1067 646 1158 jusserat,
668 1061 735 1134 sibi
760 1061 894 1132 mittere
920 1081 1136 1150 curaremus,
1160 1081 1224 1133 nos
1248 1059 1465 1134 attendentes
1487 1059 1586 1155 quod
1607 1061 1726 1134 nocuit
1753 1060 1889 1136 differre

478 1189 628 1283 paratis,
647 1195 722 1258 tum
739 1193 877 1278 proper
897 1193 1088 1258 maternam
1105 1183 1332 1258 hereditatem
1347 1183 1571 1258 obtinendam
1594 1184 1764 1279 quemad
1781 1187 1889 1258 sarri

479 1313 566 1384 tium
595 1310 748 1382 Romane
765 1307 917 1380 Ecclesie
939 1328 1021 1380 enm
1045 1306 1174 1380 habere
1197 1307 1377 1398 volumus,
1404 1317 1479 1380 tum
1503 1317 1640 1404 prepter
1662 1309 1748 1384 dias
1770 1329 1890 1382 must

479 1433 741 1527 urgentissimas
762 1453 851 1525 quas
875 1431 1085 1504 venerabilis
1112 1429 1223 1504 abbas
1249 1441 1286 1504 et
1307 1433 1492 1526 religiosm
1520 1431 1577 1504 vir
1604 1430 1750 1506 dihctru
1779 1443 1890 1506 noue

480 1561 588 1635 abhas
606 1560 723 1633 Sancti
743 1559 897 1634 Facundi
914 1557 1170 1654 magnificentie
1181 1568 1296 1634 vestre
1314 1561 1452 1656 plenius
1467 1560 1642 1656 exprimet
1662 1558 1729 1656 (t),
1749 1559 1795 1634 de
1810 1583 1888 1657 prn-

481 1685 638 1760 dentinm
659 1684 816 1758 virorum
833 1682 978 1758 consilio
991 1681 1155 1756 eumdem
1172 1680 1341 1754 duximus
1357 1682 1603 1756 desu'nandum
1616 1681 1689 1778 (2);
1710 1685 1796 1756 vira
1807 1704 1890 1756 voce

481 1808 623 1882 firmiter
643 1807 873 1903 precipientes
889 1803 1003 1878 eidem
1025 1814 1061 1878 et
1077 1805 1144 1879 sub
1168 1826 1258 1900 pena
1273 1815 1416 1900 paterne
1433 1807 1543 1900 gratie
1566 1807 1786 1901 injungent&
1808 1828 1890 1900 qna·

482 1942 584 2005 tenus
600 1951 696 2004 more
705 1929 961 2026 progenitorum
975 1949 1120 2001 suornm
1134 1949 1256 2022 regum
1271 1937 1307 2002 et
1322 1929 1566 2025 imperatorum
1581 1929 1763 2025 ffupanie,
1782 1929 1891 2003 hono-

482 2077 555 2130 rem
574 2065 609 2127 et
625 2053 872 2126 exaltationem
889 2051 1036 2124 ecclesie
1058 2051 1212 2125 Romane
1231 2062 1392 2146 procuret
1411 2061 1447 2124 et
1466 2051 1589 2147 diligat
1604 2063 1640 2125 et
1654 2053 1688 2124 ei
1704 2073 1838 2148 semper
1849 2053 1891 2124 sit

482 2178 650 2254 obediens
666 2185 700 2250 et
717 2175 879 2249 devotus.
897 2175 987 2248 Sane
1002 2173 1033 2246 si
1054 2173 1147 2246 idem
1166 2177 1369 2270 imperator,
1383 2174 1480 2270 qnod
1497 2197 1569 2249 non
1586 2175 1780 2264 credimus,
1799 2197 1892 2248 eam-

483 2301 565 2376 dem
577 2299 802 2374 hereditatem
826 2298 895 2370 sibi
913 2297 1059 2372 reddero
1079 2297 1295 2370 contradicat
1315 2307 1376 2370 aut
1393 2297 1548 2383 differat,
1567 2299 1760 2394 paternitati
1783 2309 1892 2372 voetre

428 2399 433 2410 ⁸
484 2427 689 2500 udednoscs
705 2443 824 2518 preces
839 2422 1061 2516 porrigimus,
1080 2431 1236 2516 petentes
1250 2421 1425 2496 humiliter
1436 2429 1472 2496 et
1488 2421 1615 2496 devoto
1628 2433 1800 2517 mutunus
1814 2443 1891 2495 enm

483 2552 551 2624 snb
565 2549 765 2622 defensione
776 2556 892 2619 restra
907 2547 964 2618 cni
977 2547 1090 2641 ipsum
1108 2543 1354 2620 committimus
1368 2555 1599 2644 protegentes,
1614 2555 1769 2620 vmtrnm
1783 2544 1892 2620 eidem

485 2672 676 2770 dignemini
690 2671 857 2765 impertiri
872 2669 1044 2742 auxilinm
1061 2679 1097 2742 et
1112 2669 1279 2742 favorem.

532 2799 659 2870 Datum
676 2793 818 2888 Burgis,
837 2803 961 2889 quarto
973 2791 1032 2866 die
1045 2791 1250 2866 decembris.

736 3125 823 3134 ---
827 3125 1110 3135 ——ffl-——m—
1115 3125 1341 3134 an-u-——a-m-
1345 3125 1475 3136 ..ιι-ιι·-
1479 3123 1628 3134 „wa-.-

295 3389 449 3489 offla
542 3382 764 3466 Mandatum
782 3383 833 3464 ad
849 3380 1056 3465 Henricum
1075 3381 1264 3466 Abbatem
1283 3393 1322 3466 et
1335 3382 1504 3494 judicem
1521 3381 1700 3493 Maiorem
1717 3381 1766 3464 de
1782 3379 1897 3464 lure-

490 3514 594 3598 natio
612 3525 656 3597 ut
677 3513 890 3623 principem
913 3513 1086 3623 proxime
1107 3523 1313 3598 rennrrum
1330 3515 1434 3624 apud
1451 3515 1558 3598 Pisas
1579 3539 1666 3597 cum
1685 3512 1844 3622 pecunia
1864 3519 1900 3593 et

492 3645 577 3728 aliis
594 3646 710 3730 rebus
726 3657 937 3755 expectent.

577 3844 1079 3928 (contemnerentur.
1096 3855 1134 3908 so
1148 3863 1233 3908 veo
1246 3845 1307 3928 (ap
1320 3847 1353 3908 u
1364 3846 1435 3908 suu
1451 3845 1587 3925 urm,
1601 3863 1632 3926 p.
1648 3844 1731 3924 aso.)

539 4019 581 4098 (a)
603 4018 777 4081 Intoltoto
795 4019 967 4082 roctonthtt
987 4013 1901 4100 scriptnmmcdtrrtmmnmtaennamnlorrettctntutnc

499 4125 636 4187 videatur
649 4141 740 4204 mam
753 4131 788 4187 nt
800 4125 840 4188 nd
852 4127 1002 4205 integrum
1015 4126 1196 4204 impteretur.

536 4388 574 4462 (⁴)
592 4389 691 4445 Erum
708 4387 809 4446 etum
827 4387 897 4446 stine
924 4387 1045 4462 ejusdem
1063 4388 1134 4460 regis
1151 4387 1257 4446 uuam
1275 4384 1360 4460 (nu.
1376 4383 1588 4459 ammi),
1601 4381 1700 4455 quibus
1714 4379 1764 4437 W.
1782 4377 1904 4438 abbam

500 4483 530 4542 S.
545 4483 663 4542 Facundi
674 4483 710 4542 ad
722 4499 819 4560 papam
831 4483 913 4542 mittit
927 4489 957 4540 ut
966 4485 1001 4542 de
1014 4482 1369 4558 redintegrandaconcordin
1380 4482 1439 4556 ipse
1448 4486 1512 4554 ngat
1521 4493 1584 4537 mm
1594 4475 1728 4537 Friderico
1736 4475 1902 4550 impe-aum

536 4584 578 4655 (t)
592 4583 686 4640 Hense
700 4581 778 4656 apriti
791 4583 928 4656 sequentis
941 4582 1005 4640 anni
1015 4583 1085 4641 rato
1095 4582 1267 4641 tractorium
1276 4580 1310 4640 de
1320 4577 1435 4638 &nuta
1445 4577 1556 4651 Fogiam
1568 4575 1708 4634 adrem&
1719 4571 1901 4646 comptem,

503 4685 571 4738 teste
583 4679 714 4738 itiocardo
726 4678 761 4737 ds
774 4681 873 4739 Sancto
884 4679 1031 4738 Germano.
