4278 5920
225 653 320 712 ismcr.
338 645 399 729 lit]
669 642 867 706 HISTORIA
891 633 1184 702 nirionarica

278 1211 534 1314 Hermannus,
547 1207 730 1318 magister
748 1202 948 1311 hospitalis
966 1203 1126 1284 Sanctae
1142 1201 1282 1285 Mariae
1300 1201 1635 1310 Theutonicorum,
1725 1280 1767 1312 m
1792 1301 1797 1312 ,

227 1343 394 1431 Ostiensi
421 1341 597 1450 episcopo
623 1347 661 1421 et
683 1337 843 1420 Sanctae
875 1335 1037 1418 Sabinae
1068 1334 1252 1416 cardinali
1270 1335 1508 1444 Apostolicae
1530 1335 1637 1418 Sedis

227 1477 361 1588 legatis
380 1474 529 1556 nuntiat
547 1499 588 1556 se
606 1496 695 1554 mox
714 1467 982 1554 Lombardiam
1007 1469 1201 1550 aditurum
1226 1478 1380 1578 propter
1409 1494 1541 1578 pacem
1560 1494 1638 1552 una

227 1635 315 1692 cum
333 1608 393 1689 eis
421 1603 749 1714 componendam,
777 1602 931 1712 quaesi
964 1601 1013 1682 ad
1036 1602 1241 1684 adventum
1264 1600 1502 1708 imperatoris
1528 1627 1638 1684 oom-

226 1741 351 1852 posita
373 1763 452 1822 non
482 1737 613 1843 luerit,
638 1737 844 1844 imperator
875 1733 956 1842 ipse
982 1759 1052 1816 nec
1079 1741 1196 1816 estate
1222 1757 1292 1814 nec
1322 1733 1446 1816 bieme
1472 1735 1638 1844 quiescet
1708 1813 1714 1820 .

228 1873 322 1982 quin
340 1870 644 1954 bombardorum
662 1865 910 1977 pertinaciam
928 1865 1045 1948 armis
1063 1877 1244 1948 coereeat.
1362 1917 1367 1930 ·

308 2089 403 2169 (iidit.
419 2106 468 2166 ap.
483 2083 845 2156 libramen-Brisoana,
864 2081 1025 2144 ebonem
1035 2081 1070 2144 dc
1087 2082 1171 2144 rebus
1190 2085 1224 2144 in
1240 2080 1329 2146 italia
1342 2085 1446 2166 postis,
1459 2103 1490 2164 p.
1512 2095 1566 2148 iet
1578 2132 1586 2164 ,
1600 2106 1637 2151 ex

346 2194 448 2254 codiee
461 2194 575 2254 Musaei
588 2193 762 2254 Britannici.
779 2191 911 2263 Parisib,
926 2191 1013 2270 ιιι-θ,
1027 2189 1130 2269 1858.)

276 2379 487 2452 Reverendis
506 2379 542 2452 in
556 2377 688 2452 Christo
707 2377 863 2472 patribus
881 2397 922 2449 ao
940 2375 1089 2448 dominis
1107 2374 1286 2472 Raynaido
1309 2376 1457 2452 Ostiensi
1474 2390 1509 2452 et
1525 2383 1640 2453 Velle·

228 2504 331 2576 transi
353 2504 515 2599 episeopo
537 2513 572 2576 et
594 2504 723 2576 Tbome
741 2501 830 2574 tituli
844 2501 968 2572 Sancte
986 2499 1112 2572 Sabine
1134 2499 1321 2594 presbitero
1336 2501 1521 2594 cardinali,
1542 2505 1640 2600 Apo-

227 2629 346 2701 stolice
362 2627 463 2701 Sedis
480 2629 613 2721 legatis,
633 2628 675 2698 ii.
695 2625 873 2722 hospitalis
887 2624 1010 2696 Sancte
1024 2623 1130 2696 Maris
1147 2623 1434 2698 Tbeuionioorum
1453 2628 1639 2704 ismaelem

228 2751 383 2824 minister
397 2751 537 2824 humilis
550 2749 741 2824 reverentia
762 2759 797 2821 et
814 2747 972 2842 obsequii
990 2745 1221 2819 devotionem.
1237 2747 1340 2820 Prout
1353 2748 1641 2826 denunciavimns

229 2873 328 2946 vobis
351 2896 413 2969 per
437 2874 523 2947 alias
543 2873 690 2964 litteras,
711 2872 762 2944 sic
784 2871 905 2943 iterato
931 2891 995 2965 per
1021 2879 1194 2964 presentes
1221 2872 1416 2964 paternitati
1445 2883 1556 2947 vestre
1580 2897 1641 2948 cu-

228 2997 343 3094 pimus
372 3019 449 3070 esse
474 3007 594 3070 notum
622 2995 717 3092 quod
741 2995 904 3069 dominus
926 2995 1164 3067 serenissimus
1199 2994 1385 3090 imperator
1412 2998 1484 3089 jam
1520 3021 1642 3074 versus

229 3131 342 3217 partos
369 3121 527 3214 Auguste
555 3143 594 3194 se
623 3119 768 3194 contulit
795 3128 834 3191 ut
863 3117 992 3191 deinde
1017 3139 1097 3189 eum
1123 3118 1306 3191 victorioso
1334 3122 1489 3194 exercitu
1515 3135 1644 3220 repetat

228 3244 487 3318 lombardiam.
507 3245 576 3318 Nos
592 3255 706 3318 autem
722 3264 764 3316 eo
779 3251 940 3315 movente
953 3242 999 3314 ab
1013 3240 1170 3335 Augusta
1188 3243 1330 3314 feliciter
1351 3254 1460 3317 castra
1478 3268 1554 3334 sua,
1575 3270 1644 3320 una

230 3389 348 3440 secum
358 3367 757 3463 moveredisposuimns,
771 3366 1008 3462 prevenientes
1023 3365 1187 3454 eundem,
1201 3377 1239 3436 ut
1253 3388 1335 3462 sepe
1344 3370 1415 3460 jam
1430 3372 1642 3465 scripsimus,

230 3501 265 3564 ei
281 3491 327 3564 ad
346 3512 412 3564 vos
425 3490 527 3564 dietis
544 3491 706 3564 maximis
725 3501 960 3584 properantes,
976 3490 1023 3560 ita
1039 3490 1237 3582 quodcirca
1254 3492 1376 3562 iestnm
1390 3493 1645 3588 Assumptionis

230 3614 331 3702 beate
348 3615 457 3688 ilaris
470 3615 622 3708 Virginis
641 3615 821 3687 vobiscum
839 3623 1013 3709 presentes
1036 3614 1177 3704 orimus,
1198 3615 1343 3687 Domino
1363 3614 1484 3706 dante,
1504 3629 1542 3688 ut
1557 3621 1647 3692 sicut

231 3739 394 3812 dominus
414 3747 528 3812 noster
546 3761 635 3835 papa
656 3748 784 3811 attenta
802 3738 936 3810 monuit
953 3747 988 3809 st
1004 3739 1169 3832 precepit,
1190 3760 1412 3832 procuremus
1429 3742 1516 3812 inter
1535 3744 1646 3839 impe-

230 3862 348 3934 rialem
364 3862 605 3934 excellentiam
620 3873 655 3934 et
669 3859 879 3934 lombardos
893 3859 1038 3932 rebelles
1052 3881 1134 3932 suos
1148 3861 1249 3932 vobis
1272 3860 1504 3936 mediantibus
1518 3866 1647 3939 bonum

231 3987 338 4079 pacis.
358 3985 429 4057 Nos
444 3985 536 4057 enim
556 3985 754 4080 expressius
775 3986 809 4055 in
828 3984 979 4078 capitulo
995 3993 1110 4056 nostro
1134 3983 1230 4078 apud
1250 3985 1432 4078 Marpurch
1452 3991 1648 4082 nuperrime

231 4109 421 4199 celebrato,
454 4109 515 4180 nbi
544 4129 633 4204 pene
662 4119 798 4181 centum
830 4109 950 4180 iratres
983 4107 1088 4180 nostri
1117 4106 1161 4179 de
1189 4107 1363 4180 nobilibus
1388 4119 1422 4181 et
1452 4113 1647 4204 potentibus

232 4231 342 4305 tocius
357 4231 540 4305 Germania
556 4231 664 4326 (quod
681 4233 814 4304 utinam
828 4230 1024 4325 Apostolioe
1033 4231 1209 4302 sanctitati
1228 4242 1262 4304 at
1278 4231 1377 4305 vobis
1391 4233 1492 4327 piene
1505 4235 1646 4330 pateret)

233 4365 409 4450 presentes
434 4357 591 4448 luerunt,
622 4355 798 4428 commoni
823 4367 904 4427 voto
928 4363 962 4426 et
989 4375 1094 4444 voce,
1125 4355 1266 4426 iratrum
1291 4356 1444 4428 omnium
1467 4359 1645 4430 consilium

234 4478 396 4551 dissuasit
415 4488 454 4550 ut
476 4477 521 4552 de
536 4479 804 4552 bombardorum
829 4477 966 4572 negotio
992 4499 1054 4550 nos
1077 4477 1122 4550 de
1144 4487 1257 4551 cetero
1275 4479 1497 4552 intromittere
1513 4481 1647 4553 debea-

233 4624 323 4674 mus.
342 4603 517 4699 Principes
533 4603 625 4676 enim
648 4603 828 4676 Germanic
849 4602 948 4673 nobis
963 4602 1099 4696 culpam
1118 4603 1294 4673 ascribunt
1312 4604 1356 4675 de
1378 4604 1521 4696 negocio
1540 4607 1646 4676 Lom-

235 4725 371 4818 bardie,
388 4727 450 4821 qui
467 4749 534 4799 non
553 4723 640 4824 [per]
658 4726 916 4822 compositionis
934 4727 1094 4818 sormam,
1116 4726 1177 4797 sed
1192 4726 1268 4797 fuso
1285 4728 1474 4819 sanguine,
1493 4737 1592 4823 prout
1611 4729 1645 4799 in
