4228 5892
343 1217 472 1272 ml
524 1271 627 1356 tione
651 1273 779 1356 fratris
811 1273 950 1358 Heliae
963 1275 1126 1358 ministri
1151 1275 1341 1360 Minorum
1372 1274 1579 1386 generalis,
1599 1273 1758 1358 fautoris
1785 1265 1869 1382 sui,
1897 1286 1933 1358 et

522 1429 664 1514 papum
691 1405 815 1490 malae
839 1405 927 1488 fidei
952 1408 1079 1516 arguit
1098 1407 1204 1516 quod
1228 1407 1407 1491 eumdem
1431 1399 1588 1523 fratrem
1608 1407 1659 1490 ad
1674 1397 1836 1489 Romam
1860 1433 1930 1488 ac-

523 1539 718 1620 cedentem
744 1561 834 1620 cum
863 1537 1073 1622 securitatis
1103 1537 1238 1622 litteris
1268 1539 1319 1623 ab
1349 1539 1433 1650 ipso
1459 1528 1592 1646 datis,'
1608 1539 1830 1648 intercipere
1851 1564 1929 1640 ‚ro-

329 1162 495 1216 rcsarnnn
579 1137 818 1246 Fridericns,
858 1117 1119 1226 Romanorum
1142 1127 1380 1254 imperator,
1419 1107 1663 1252 dunqueri‘tnr
1695 1143 1744 1226 de
1774 1143 1932 1251 deposi-

522 1669 650 1752 luerit.

603 1890 726 1970 (Inedit.
748 1908 788 1952 ex
808 1891 908 1952 codice
924 1891 1064 1954 Btbltoth.
1086 1891 1186 1953 Cesar.
1208 1891 1316 1970 Paris,
1328 1889 1421 1971 fonde
1442 1891 1477 1953 S.
1504 1889 1643 1954 Gema»
1663 1887 1793 1970 natea,
1808 1901 1842 1953 n⁶
1855 1901 1927 1967 tte,

639 2013 708 2074 pars
724 2006 768 2071 1¹3
789 2013 915 2058 numero
928 2005 958 2058 et
971 1998 1186 2075 subscriptione
1200 2013 1262 2058 non
1274 1995 1446 2076 expressit.)

565 2189 777 2281 Fridericus‚
797 2200 862 2264 eto.
884 2191 960 2264 Non
983 2211 1031 2265 ex
1053 2191 1137 2266 odio
1164 2191 1355 2286 loquimur,
1376 2163 1452 2263 non·
1468 2211 1516 2262 ex
1540 2187 1685 2262 dissidio
1707 2189 1804 2284 quod
1826 2199 1926 2264 totam

519 2314 757 2388 universaliter
768 2313 953 2387 christiane
960 2315 1073 2408 gentis
1082 2315 1340 2388 universitatem
1353 2313 1484 2402 incitat,
1500 2333 1740 2407 provocamur.
1752 2311 1927 2386 Sedrobis

517 2437 727 2514 admirantes
743 2437 950 2531 ingemimus
965 2447 1000 2510 et
1012 2437 1121 2532 ipsius
1132 2445 1254 2510 nature
1265 2435 1663 2528 detrimentasantimus,
1681 2433 1802 2508 honori
1815 2445 1926 2508 vestm

516 2569 552 2634 et
574 2561 730 2634 omnium
754 2559 988 2655 profitentium
1005 2560 1130 2644 Christi
1154 2559 1258 2632 fidem
1284 2559 1504 2651 conjicientes
1521 2558 1727 2652 propensius
1740 2579 1926 2653 prsoevcu-

516 2683 618 2774 dum,
637 2681 733 2778 quod
750 2683 879 2756 abinde
894 2683 996 2756 dolus
1018 2692 1053 2756 et
1067 2683 1239 2757 subtilitas
1257 2685 1293 2756 in
1307 2681 1503 2756 novissimis
1523 2681 1731 2762 hiisdiebus
1749 2682 1787 2754 in
1801 2681 1925 2775 quibus

514 2806 668 2879 Ecclesia
684 2806 809 2878 caritas
829 2807 1035 2901 refrigescit,
1052 2807 1206 2902 ceperint
1226 2805 1354 2878 habere
1371 2803 1577 2900 principium
1600 2803 1694 2876 unde
1707 2803 1925 2899 probabiliter

514 2929 628 3022 uergit
649 2929 776 3002 reritm
802 2927 850 3003 ad
872 2951 1047 3002 occasum.
1073 2927 1158 3027 Quis
1186 2930 1279 3002 enim
1304 2949 1374 3000 non
1395 2927 1538 2999 miretur
1554 2935 1589 2999 et
1613 2927 1729 2999 doleat
1751 2925 1925 2998 audiendo

514 3051 705 3124 Romanum
722 3051 938 3148 principem,
954 3061 1085 3147 patrem
1102 3047 1210 3146 legis,
1233 3072 1466 3124 successorem
1482 3050 1573 3123 Petri
1588 3059 1624 3122 et
1639 3049 1806 3124 vicarium
1822 3049 1923 3122 Jhesu

515 3171 637 3246 Christi
657 3183 696 3244 ut
714 3175 894 3248 sedebitis
919 3175 1055 3269 legibus
1075 3184 1262 3265 coartaret,
1288 3174 1349 3268 qui
1374 3193 1493 3270 pacem
1515 3173 1754 3266 evangelizare
1773 3179 1922 3263 tenetur,

514 3295 692 3390 predicare
714 3295 934 3370 concordiam
951 3305 986 3372 et
1003 3297 1133 3372 nedum
1150 3295 1399 3392 admouimus,
1420 3293 1485 3368 sed
1498 3303 1646 3370 remotos
1661 3295 1829 3370 unitatem
1844 3293 1924 3368 fidei

516 3421 716 3512 contovere,
733 3419 780 3492 ad
795 3419 982 3515 capiendos
997 3429 1032 3492 et
1051 3418 1237 3494 tradendos
1256 3419 1412 3492 homines
1426 3416 1545 3492 dolose
1564 3419 1632 3490 sub
1657 3418 1766 3490 verbo
1781 3417 1876 3510 pacis
1892 3425 1926 3488 et

512 3537 641 3613 fiducie
656 3540 737 3614 date
749 3541 949 3636 procedere,
963 3541 1092 3614 litteras
1105 3541 1298 3615 securitatis
1313 3541 1448 3632 offerre,
1463 3549 1503 3612 ut
1516 3539 1583 3611 snb
1599 3539 1666 3612 hac
1679 3539 1794 3635 specie
1807 3539 1925 3612 hones-

513 3664 593 3736 tatis
608 3664 731 3736 harum
745 3663 928 3738 tendiculis
942 3665 1127 3738 falsitatum
1141 3665 1298 3738 incautos
1313 3663 1486 3737 offendat?
1502 3661 1597 3748 Quid
1610 3663 1702 3737 enirn
1718 3657 1871 3736 vidimus
1885 3662 1921 3734 in

513 3787 770 3860 universitatem
786 3785 1036 3882 produximus,
1053 3796 1089 3860 et
1105 3787 1201 3881 qnod
1213 3787 1251 3859 in
1269 3785 1394 3863 nostris
1408 3783 1546 3857 scriniis
1561 3783 1608 3858 de
1623 3781 1693 3858 lide
1709 3783 1792 3857 data
1807 3781 1924 3854 litteris

514 3909 712 4004 compositis
727 3921 761 3983 et
777 3910 935 4002 signatis,
955 3910 1002 3985 ad
1017 3911 1067 3983 rei
1084 3910 1296 3984 evidentiam
1306 3910 1402 3982 volut
1418 3907 1467 3980 ad
1479 3928 1543 3982 nos
1555 3906 1751 4002 depositum
1765 3925 1923 3978 reserva-

513 4055 608 4124 mus,
625 4033 817 4107 inveritate
833 4043 1009 4106 testamur.
1029 4033 1163 4108 Revera
1178 4033 1345 4129 papa'iste
1355 4029 1544 4128 quemdam
1557 4029 1756 4125 religiosum
1774 4035 1810 4100 et
1826 4027 1922 4100 timo·

513 4165 628 4230 ratum
643 4157 780 4230 tratrem
793 4155 951 4252 italyam,
963 4157 1156 4230 ministrum
1170 4155 1302 4231 ordinis
1316 4157 1458 4231 fratrum
1470 4154 1658 4241 Minorum,
1674 4151 1722 4224 ab
1735 4151 1812 4246 ipso
1825 4149 1922 4224 beato

513 4280 694 4383 Francisoo
708 4287 805 4376 patre
820 4277 952 4354 ordinis
967 4278 1180 4374 migrationis
1191 4300 1256 4352 sae
1269 4288 1423 4374 tempore
1437 4277 1676 4366 constitutum,
1693 4294 1758 4369 pro
1774 4294 1818 4346 eo
1829 4270 1922 4368 quod

513 4423 631 4476 amore
644 4402 781 4496 justicie
806 4402 863 4476 eui
881 4412 934 4478 est
961 4403 1064 4477 corde
1088 4412 1123 4476 et
1143 4423 1246 4499 opera
1264 4400 1458 4494 dedicatus,
1479 4419 1599 4497 pacem
1627 4397 1761 4493 imperii
1788 4416 1921 4492 promo·

514 4547 614 4620 vens,
633 4547 760 4600 nomen
774 4535 945 4621 nostrum,
962 4527 1127 4601 bonorem
1143 4535 1178 4600 et
1188 4525 1319 4600 bonum
1337 4524 1433 4620 pacis
1450 4521 1668 4598 evidentibus
1684 4517 1825 4595 indiciis
1843 4539 1920 4615 pro·

514 4649 684 4746 ponebat,
698 4649 735 4722 in
751 4648 871 4724 odium
887 4659 1041 4724 nostrum
1054 4671 1077 4726 a
1090 4649 1278 4723 ministerio
1296 4649 1463 4743 generali,
1482 4645 1676 4722 reverentia
1690 4625 1815 4721 curisti
1832 4649 1921 4740 post·
