4278 5920
193 619 291 678 lrnrm.
312 615 376 691 ll.]
642 605 839 667 tttSToate
864 606 1160 673 ntetottertclt.
1552 613 1609 674 119

193 750 303 836 delta,
322 749 418 820 nulle
435 745 513 840 lego
528 763 591 816 seu
613 743 855 816 constitutione
871 746 1024 836 generali
1050 746 1105 817 vel
1124 745 1264 840 speciali
1288 747 1458 838 obstante,
1485 747 1610 822 decre-

193 875 309 946 vimus
326 879 494 969 perpetuo
515 867 677 940 valitura.
696 865 752 938 Ad
768 866 874 959 hujus
894 868 1011 962 itaque
1029 869 1259 942 concessionis
1283 879 1317 942 et
1340 869 1610 945 confirmationis

192 1005 311 1069 nostre
331 993 531 1068 memoriam
545 999 579 1064 et
598 991 706 1063 robur
721 999 887 1086 perpetuo
905 991 1112 1084 valiturum,
1130 1013 1272 1087 presens
1290 995 1511 1090 privilegium
1534 995 1609 1069 lieri

191 1119 338 1191 fecimus
371 1127 405 1190 et
437 1115 533 1188 bolla
567 1135 672 1186 auree
709 1113 844 1210 typario
877 1123 993 1186 nostre
1022 1115 1212 1208 mejestatis
1241 1116 1406 1212 impressa
1441 1118 1609 1210 jussimus

191 1242 360 1336 insigniri.

240 1366 345 1458 Cujus
369 1365 421 1438 rei
446 1371 549 1436 testes
577 1369 659 1433 sunt
684 1385 693 1430 z
718 1359 880 1434 Albsrtus
909 1361 1118 1435 venerabilis
1141 1361 1331 1456 patriarche
1354 1361 1605 1452 Antiocheam,

191 1489 402 1564 venerabilis
425 1485 694 1562 wormaciensis
720 1485 920 1580 episcopus,
941 1485 1087 1558 dilectus
1110 1487 1272 1580 princeps
1290 1495 1421 1576 noster,
1448 1487 1609 1563 Nicolans

190 1615 342 1709 Reginus
357 1613 558 1710 episcopus,
578 1611 683 1682 freter
700 1609 918 1682 llermannus
932 1609 1094 1704 megistos
1115 1608 1240 1682 domus
1259 1611 1383 1682 Sancte
1398 1611 1505 1684 Maris
1520 1614 1608 1685 Teu·

192 1738 402 1828 lonicorum,
424 1734 577 1808 marchio
597 1733 642 1806 de
654 1735 828 1826 Bnrgave,
844 1731 917 1821 Apo
931 1733 1084 1806 mensis
1109 1745 1145 1806 et
1166 1734 1214 1806 ll.
1231 1735 1357 1806 Lenzia
1376 1735 1604 1822 marchiones,

190 1861 352 1934 Albertus
367 1869 402 1934 et
420 1858 587 1932 liedulfus
605 1857 746 1930 comites
768 1857 814 1930 de
833 1855 1076 1943 llabehsburc,
1099 1877 1214 1930 comes
1236 1858 1403 1930 llenricns
1423 1858 1468 1932 dc
1484 1860 1604 1952 Nesse,

189 1985 394 2058 Bertholdns
419 1981 621 2078 langravius
646 1979 954 2055 detumescere
979 1977 1050 2076 (a),
1077 2001 1193 2054 comes
1216 1981 1419 2055 Gottiiridus
1442 1991 1477 2056 et
1503 1983 1608 2056 irater

189 2111 264 2202 ejus
289 2108 334 2180 de
353 2106 593 2201 Cigenhagen,
622 2103 800 2177 Conradus
825 2104 1035 2197 burgravius
1059 2104 1103 2178 de
1129 2106 1347 2194 Nurenberc,
1372 2127 1490 2180 comes
1514 2108 1606 2180 Hen-

190 2233 283 2305 ricns
302 2231 347 2304 de
363 2231 516 2315 Sulmes,
540 2229 709 2302 llcnricns
726 2227 771 2302 de
792 2228 1026 2324 Beppenheim
1050 2229 1296 2320 marescalcus,
1318 2231 1513 2324 Hugolinus
1537 2232 1606 2304 Bn-

189 2357 288 2448 gonis
304 2355 416 2428 linbei
439 2353 742 2444 Cremonensium,
760 2351 922 2426 Nicolens
948 2351 1138 2426 Adhelerdi
1160 2353 1397 2426 Parmensium
1422 2363 1607 2451 potestates

190 2479 336 2562 etmulti
350 2479 422 2552 elii.

235 2602 382 2697 Signum
411 2601 543 2676 domini
569 2602 677 2676 nostri
703 2599 870 2674 Friderici
892 2599 1057 2690 secnnffl,
1076 2600 1137 2673 Dei
1155 2601 1265 2694 gratie
1290 2599 1509 2676 invictissimi
1533 2605 1605 2678 lio·

189 2747 369 2800 manorum
387 2726 601 2822 imperatoris
615 2745 753 2822 semper
774 2724 934 2818 angusti,
953 2725 1142 2798 Jerusalem
1158 2735 1193 2798 et
1215 2725 1329 2798 Sicilie
1350 2727 1456 2820 regis.
1478 2726 1606 2822 (liono-

185 2815 370 2946 prrimmo.)
586 2925 591 2938 ,

232 2973 321 3047 Acte
337 2983 419 3047 sunt
431 2973 496 3046 hec
513 2994 606 3046 enno
623 2971 795 3046 dominice
813 2971 1057 3045 incametionis
1073 2973 1120 3044 tt.
1136 2972 1199 3046 CC.
1214 2974 1390 3067 XXXVII,
1410 2998 1527 3050 mense
1544 2999 1604 3051 oc-

189 3097 311 3184 tobris,
329 3098 459 3170 scilicet
478 3095 536 3170 die
551 3097 645 3190 jovis
662 3097 772 3191 primo
789 3095 961 3188 ejusdem,
977 3094 1161 3169 undecimo
1178 3096 1396 3188 indictionis,
1415 3099 1604 3194 imperante

189 3221 329 3294 dominc
351 3230 468 3294 nostro
488 3219 677 3307 Friderico,
693 3220 756 3292 Dei
777 3218 886 3313 gratie
907 3217 1134 3292 invictissimo
1149 3221 1382 3294 Romanorum
1400 3222 1604 3317 imperatore

189 3365 324 3440 semper
343 3353 505 3438 angusto,
525 3343 713 3417 Ierusalem
733 3351 768 3415 et
785 3341 901 3414 Sicilie
919 3354 1021 3436 roge,
1038 3343 1173 3438 imperii
1194 3347 1270 3437 ejus
1290 3367 1382 3418 enno
1399 3357 1521 3420 cotem
1537 3347 1603 3420 de-

190 3466 290 3556 cimo,
311 3467 410 3562 regni
426 3467 616 3540 ierusalem
632 3465 853 3555 duodecimo,
878 3466 978 3558 regni
999 3488 1083 3540 vem
1096 3466 1211 3540 Sicilie
1231 3468 1402 3542 tricesimo
1424 3491 1528 3562 nono,
1553 3473 1603 3544 ie·

190 3589 308 3662 liciter.
330 3591 456 3662 Amen.

235 3715 361 3787 Datum
381 3713 418 3786 in
439 3713 558 3787 cestris
576 3713 612 3786 in
640 3711 841 3810 episcopatu
863 3711 1006 3786 Mentoe
1030 3713 1125 3810 apud
1145 3713 1316 3806 Godium,
1338 3737 1447 3810 enno,
1464 3739 1599 3810 mense,

189 3837 242 3912 die
255 3848 292 3912 et
308 3837 497 3913 indictione
512 3835 719 3934 prescriptis.
780 3867 782 3873 ’

1341 4135 1389 4148 .-

240 4403 473 4510 Frirlericus,
503 4401 764 4486 Romanorum
794 4400 1014 4510 imperator,
1041 4409 1175 4483 notum
1203 4400 1293 4484 iecit
1320 4427 1362 4484 se
1387 4402 1602 4488 Mantuanis

192 4537 333 4643 gratiae
360 4561 452 4620 suae
477 4533 753 4646 plenitudinem
780 4533 988 4618 restituisse
1017 4543 1055 4617 et
1082 4559 1182 4644 qnae
1208 4534 1350 4618 eisdem
1377 4535 1602 4644 promiserat

230 4713 274 4795 (ι)
294 4717 385 4778 Recte
397 4721 498 4776 temen
510 4712 546 4775 de
554 4710 780 4820 ‘waltenberc

1661 4420 1689 4464 ln
1698 4421 1778 4465 cestrie

1640 4473 1794 4574 'timi’
