4350 5922
520 619 563 682 54
1017 617 1233 680 turonic!
1257 619 1434 680 sacten!
1744 620 1826 704 [hu.
1846 621 1930 684 12³7.

519 753 634 828 sdan
647 751 791 825 ecclesie
801 751 1023 842 contulimus,
1041 755 1211 848 capellam
1224 755 1357 826 scilieet
1368 752 1467 850 apud
1483 753 1667 847 hehaguve
1680 753 1733 850 (l)
1749 766 1785 827 et
1797 755 1932 828 iodrum

519 873 1095 972 qnoddebonisipsornmhehere
1110 899 1311 971 possemus3
1327 885 1413 948 etut
1427 877 1684 971 honaipsorum
1699 881 1845 974 siveper
1861 887 1930 950 ter-

518 1001 891 1096 ramsiveperaquam
906 1000 1090 1072 sineomni
1108 1001 1258 1074 thelonei
1273 1003 1457 1074 exadione
1474 1003 1622 1074 liberum
1647 1002 1797 1074 babeant
1812 1004 1932 1074 transi·

519 1124 1272 1217 tum,etntomnesquoqucministeriales
1295 1125 1590 1197 nostrihonasua
1612 1127 1932 1220 pmpeuatissuis

518 1257 632 1320 nostra
647 1247 872 1343 permissione
890 1257 924 1318 et
942 1247 1077 1320 licentia
1093 1247 1209 1320 eidem
1226 1249 1435 1321 mommio
1447 1249 1557 1320 libes
1572 1249 1787 1336 contradant,
1800 1249 1865 1321 hec
1879 1250 1931 1319 in-

517 1393 623 1466 quam
639 1373 756 1444 omnia
775 1375 855 1464 jure
876 1381 1044 1467 perpetuo
1063 1371 1231 1465 jamdicte
1246 1373 1393 1446 ecclesie
1418 1373 1629 1447 indulsimus
1650 1383 1685 1445 et
1706 1373 1802 1466 larga
1826 1395 1927 1444 mano

519 1497 739 1588 donavimus,
748 1508 784 1569 et
795 1517 840 1570 ne
851 1497 887 1567 in
904 1505 1079 1592 postu-um
1091 1499 1240 1592 alicujus
1255 1499 1382 1572 maha
1395 1501 1451 1570 vel
1464 1499 1599 1569 malicia
1612 1497 1679 1570 hec
1693 1505 1806 1569 nom
1824 1496 1929 1569 dona·

518 1621 566 1692 so
578 1621 685 1715 poen
700 1617 842 1714 infringi
856 1621 913 1692 vet
932 1592 1058 1708 aare,
1075 1623 1238 1694 univesa
1250 1621 1316 1694 nec
1333 1622 1369 1692 n
1388 1633 1481 1694 earu
1495 1622 1643 1694 seusu
1659 1631 1695 1694 e
1710 1621 1814 1715 sigilli
1826 1623 1928 1692 noes

518 1742 744 1838 impressione
768 1743 897 1814 muniri
923 1745 1148 1838 precipimus.
1165 1746 1210 1816 Et
1230 1755 1270 1816 ut
1287 1745 1324 1816 in
1350 1757 1554 1841 perpetuum
1577 1755 1651 1818 rata
1672 1755 1708 1818 el
1728 1745 1928 1818 inconvulsa

516 1877 757 1962 permaneant,
781 1887 903 1938 omnes
917 1889 1065 1960 quorum
1089 1869 1232 1940 nomina
1254 1869 1440 1962 subjuncta
1458 1881 1539 1940 sunt
1557 1871 1594 1940 in
1619 1869 1849 1942 testimonium
1862 1869 1928 1938 illis

517 1990 743 2063 adhibuimus
761 2014 771 2056 ε
787 1990 899 2062 Cralto
912 1989 957 2062 de
969 1992 1223 2078 limoensbach‚
1244 1993 1380 2065 blricns
1394 1991 1440 2065 de
1451 1993 1641 2083 Perneclre,
1658 1992 1872 2064 hademarus
1884 1991 1928 2062 de

515 2113 691 2209 Kouring,
707 2113 916 2186 wichardus
938 2113 1090 2210 dapifer,
1110 2115 1319 2189 wichardus
1340 2115 1387 2189 de
1402 2117 1599 2208 Zehingem,
1622 2115 1868 2188 Gundackarus
1883 2114 1928 2186 de

516 2239 629 2334 Styra,
649 2238 783 2310 b'lricus
796 2239 921 2310 Struuo
936 2239 1041 2310 etalii
1056 2241 1294 2335 quamplures.
1304 2241 1487 2314 —llatum
1501 2241 1702 2331 Nueuhnrc,
1718 2261 1809 2312 anno
1821 2239 1929 2310 inoer·

517 2361 667 2434 nationis
679 2360 727 2432 ll.
747 2361 888 2448 cc,1lt,
910 2360 1101 2434 indictione
1116 2364 1175 2436 vl.

564 2487 633 2556 Nos
649 2485 766 2578 itaque
782 2483 917 2558 devotis
937 2486 1090 2580 ipsorum
1111 2487 1424 2582 supplicationibus
1444 2487 1632 2580 benignius
1650 2485 1821 2575 inclinati,
1843 2505 1927 2578 pre-

516 2619 685 2682 sentatum
704 2609 800 2681 curie
813 2617 928 2682 nostre
943 2611 1108 2705 scriptum
1132 2610 1277 2707 predicti
1298 2609 1400 2683 ducis
1414 2611 1521 2684 scribi
1547 2621 1583 2682 et
1602 2607 1760 2682 innovari
1780 2606 1926 2680 mande·

515 2733 650 2821 vimus,
672 2731 759 2806 illud
780 2742 816 2805 et
836 2733 953 2806 omnia
979 2755 1049 2826 que
1074 2735 1345 2812 eontinenturin
1358 2755 1401 2807 eo
1417 2734 1463 2808 de
1478 2731 1797 2829 superhabundanti
1817 2730 1925 2825 maha

516 2855 768 2929 confirmantes.
806 2857 1022 2952 Quapropter
1048 2857 1221 2930 universis
1246 2859 1414 2952 presentis
1437 2859 1555 2953 scripti
1583 2856 1788 2930 mandamus
1811 2853 1924 2928 edicto

515 2989 685 3074 quatenns
694 2982 796 3072 juxta
811 2979 957 3076 predicti
976 2980 1076 3053 ducis
1089 2981 1304 3053 collationem
1323 2991 1358 3053 et
1377 2981 1670 3054 confirmationem
1685 2987 1851 3068 nosram,
1870 2976 1924 3048 in-

515 3103 646 3176 dultam
662 3103 794 3176 eisdem
817 3105 978 3176 iratribus
998 3105 1144 3198 gratiam
1162 3104 1407 3178 inviolabiliter
1421 3104 1612 3177 observetis
1624 3125 1690 3176 uec
1708 3109 1826 3174 eontra
1845 3121 1922 3194 pre·

514 3227 620 3298 sentis
644 3227 876 3300 innovationis
900 3237 1014 3300 nostre
1038 3237 1074 3300 et
1100 3227 1366 3302 confirmationis
1392 3237 1544 3300 tenorem
1567 3227 1688 3300 venire
1708 3227 1923 3319 aliquatenus

513 3351 729 3445 presumatis.
751 3349 854 3435 Quod
870 3350 932 3444 qui
952 3353 1196 3446 presumpserit
1214 3351 1484 3448 indignationem
1505 3351 1611 3424 nostri
1627 3349 1787 3422 culminis
1806 3369 1844 3420 se
1862 3368 1923 3419 no-

513 3473 601 3546 ven't
611 3473 841 3545 incursurum.
854 3473 910 3544 hd
920 3474 1021 3564 cujus
1032 3475 1263 3548 innovationis
1275 3487 1310 3548 et
1321 3475 1588 3548 confirmationis
1598 3483 1712 3546 nostre
1722 3471 1922 3544 memoriam

513 3605 548 3666 et
565 3597 670 3668 robur
683 3607 848 3692 perpetuo
860 3597 1045 3668 valiturum
1058 3609 1249 3693 presentem
1263 3601 1424 3696 paginam
1437 3598 1512 3672 lieri
1523 3598 1668 3670 lecimus
1679 3605 1794 3670 nostru
1810 3595 1921 3688 sigillo

513 3719 694 3791 munitam.

561 3843 671 3934 Hujus
695 3852 809 3914 autem
833 3843 883 3916 rei
907 3853 1011 3917 testes
1035 3853 1116 3916 sunt
1141 3846 1420 3940 salzeburgensis
1447 3855 1482 3918 et
1508 3844 1730 3939 hloguntinus
1755 3841 1921 3934 archiepi-

513 3966 626 4060 scopi,
648 3965 960 4058 babenbergensis,
983 3968 1242 4062 liatisponensis
1259 3969 1445 4065 imperialis
1461 3969 1539 4042 aule
1552 3966 1793 4056 cancellarius,
1809 3973 1843 4036 et
1858 3963 1920 4034 Pa·

512 4088 676 4162 taviensis
700 4089 870 4184 episcopi,
888 4089 1099 4184 burgravius
1120 4091 1165 4165 de
1181 4092 1410 4182 Nummherc,
1432 4090 1638 4164 Godelridus
1658 4089 1703 4162 dc
1725 4085 1915 4174 lloenloch,

512 4210 557 4284 de
574 4210 752 4284 ilardeclte
772 4212 871 4286 etde
890 4213 1006 4286 bleien
1026 4215 1182 4307 comites,
1206 4215 1387 4290 heinricus
1408 4215 1454 4290 de
1469 4217 1606 4288 Prunne
1627 4223 1661 4287 ct
1683 4210 1850 4285 lrulridus
1874 4207 1919 4281 de

512 4336 690 4432 Hunperc,
708 4335 815 4408 etalii
831 4337 1066 4434 quamplures.

513 4563 1029 4579 —u--u——n-—n—n---not—--a-
1524 4559 1911 4579 -ι--ι-μ-ιιῑ

547 4712 584 4786 (t)
602 4711 632 4770 ln
646 4713 778 4788 superiori
790 4713 898 4770 hostria
907 4713 983 4786 juxta
996 4711 1168 4772 loklohruclr.
