<?xml version="1.0" encoding="UTF-8"?>
<!DOCTYPE html PUBLIC "-//W3C//DTD XHTML 1.0 Transitional//EN"
    "http://www.w3.org/TR/xhtml1/DTD/xhtml1-transitional.dtd">
<html xmlns="http://www.w3.org/1999/xhtml" xml:lang="en" lang="en">
 <head>
  <title>
</title>
<meta http-equiv="Content-Type" content="text/html;charset=utf-8" />
  <meta name='ocr-system' content='tesseract 3.04.00' />
  <meta name='ocr-capabilities' content='ocr_page ocr_carea ocr_par ocr_line ocrx_word'/>
</head>
<body>
  <div class='ocr_page' id='page_1' title='image "./historiadiploma02fredgoog_0233.png"; bbox 0 0 4242 5904; ppageno 0'>
   <div class='ocr_carea' id='block_1_1' title="bbox 470 563 1881 642">
    <p class='ocr_par' dir='ltr' id='par_1_1' title="bbox 470 563 1881 642">
     <span class='ocr_line' id='line_1_1' title="bbox 470 563 1881 642; baseline 0 -14"><span class='ocrx_word' id='word_1_1' title='bbox 470 565 532 628; x_wconf 70' lang='lat'><strong>220</strong></span> <span class='ocrx_word' id='word_1_2' title='bbox 968 567 1180 629; x_wconf 77' lang='lat' dir='ltr'><strong>rnlnunlcl</strong></span> <span class='ocrx_word' id='word_1_3' title='bbox 1204 567 1376 630; x_wconf 78' lang='lat' dir='ltr'><strong>ssccnnl</strong></span> <span class='ocrx_word' id='word_1_4' title='bbox 1691 563 1774 642; x_wconf 64' lang='lat' dir='ltr'><strong>[aaa.</strong></span> <span class='ocrx_word' id='word_1_5' title='bbox 1793 563 1881 628; x_wconf 72' lang='lat'><strong>1238.</strong></span> 
     </span>
    </p>
   </div>
   <div class='ocr_carea' id='block_1_2' title="bbox 470 699 1883 900">
    <p class='ocr_par' dir='ltr' id='par_1_2' title="bbox 470 699 1883 900">
     <span class='ocr_line' id='line_1_2' title="bbox 470 699 1883 798; baseline 0 -26"><span class='ocrx_word' id='word_1_6' title='bbox 470 701 557 796; x_wconf 91' lang='lat' dir='ltr'><strong>perii</strong></span> <span class='ocrx_word' id='word_1_7' title='bbox 569 700 733 775; x_wconf 88' lang='lat' dir='ltr'><strong>fidelihus</strong></span> <span class='ocrx_word' id='word_1_8' title='bbox 745 710 814 774; x_wconf 92' lang='lat' dir='ltr'><strong>tam</strong></span> <span class='ocrx_word' id='word_1_9' title='bbox 829 703 1045 796; x_wconf 79' lang='lat' dir='ltr'><strong>presentibus</strong></span> <span class='ocrx_word' id='word_1_10' title='bbox 1063 725 1168 797; x_wconf 90' lang='lat' dir='ltr'><strong>quam</strong></span> <span class='ocrx_word' id='word_1_11' title='bbox 1184 703 1308 775; x_wconf 84' lang='lat' dir='ltr'><strong>laturis</strong></span> <span class='ocrx_word' id='word_1_12' title='bbox 1323 701 1419 798; x_wconf 91' lang='lat' dir='ltr'><strong>quod</strong></span> <span class='ocrx_word' id='word_1_13' title='bbox 1434 723 1515 774; x_wconf 90' lang='lat' dir='ltr'><strong>cum</strong></span> <span class='ocrx_word' id='word_1_14' title='bbox 1528 720 1596 772; x_wconf 88' lang='lat' dir='ltr'><strong>nos</strong></span> <span class='ocrx_word' id='word_1_15' title='bbox 1613 699 1883 772; x_wconf 77' lang='lat' dir='ltr'><strong>concesserimus</strong></span> 
     </span>
     <span class='ocr_line' id='line_1_3' title="bbox 471 822 1883 900; baseline -0.001 -3"><span class='ocrx_word' id='word_1_16' title='bbox 471 825 662 899; x_wconf 87' lang='lat' dir='ltr'><strong>Gottelrido</strong></span> <span class='ocrx_word' id='word_1_17' title='bbox 683 826 728 898; x_wconf 89' lang='lat' dir='ltr'><strong>de</strong></span> <span class='ocrx_word' id='word_1_18' title='bbox 755 825 956 898; x_wconf 88' lang='lat' dir='ltr'><strong>Hobenloch</strong></span> <span class='ocrx_word' id='word_1_19' title='bbox 982 825 1075 900; x_wconf 89' lang='lat' dir='ltr'><strong>fideli</strong></span> <span class='ocrx_word' id='word_1_20' title='bbox 1101 836 1219 900; x_wconf 86' lang='lat' dir='ltr'><strong>nostro</strong></span> <span class='ocrx_word' id='word_1_21' title='bbox 1244 824 1534 900; x_wconf 88' lang='lat' dir='ltr'><strong>mundobordiam</strong></span> <span class='ocrx_word' id='word_1_22' title='bbox 1562 822 1623 894; x_wconf 91' lang='lat' dir='ltr'><strong>lilii</strong></span> <span class='ocrx_word' id='word_1_23' title='bbox 1648 844 1691 895; x_wconf 88' lang='lat' dir='ltr'><strong>ac</strong></span> <span class='ocrx_word' id='word_1_24' title='bbox 1711 823 1883 896; x_wconf 90' lang='lat' dir='ltr'><strong>bonorum</strong></span> 
     </span>
    </p>
   </div>
   <div class='ocr_carea' id='block_1_3' title="bbox 473 933 1904 1044">
    <p class='ocr_par' dir='ltr' id='par_1_3' title="bbox 473 933 1904 1044">
     <span class='ocr_line' id='line_1_4' title="bbox 473 933 1904 1044; baseline 0 -24"><span class='ocrx_word' id='word_1_25' title='bbox 473 949 650 1042; x_wconf 88' lang='lat' dir='ltr'><strong>quondam</strong></span> <span class='ocrx_word' id='word_1_26' title='bbox 670 949 841 1044; x_wconf 87' lang='lat' dir='ltr'><strong>Redolphi</strong></span> <span class='ocrx_word' id='word_1_27' title='bbox 866 947 912 1020; x_wconf 91' lang='lat' dir='ltr'><strong>de</strong></span> <span class='ocrx_word' id='word_1_28' title='bbox 930 949 1105 1022; x_wconf 87' lang='lat' dir='ltr'><strong>Kiselowe</strong></span> <span class='ocrx_word' id='word_1_29' title='bbox 1129 952 1191 1044; x_wconf 91' lang='lat' dir='ltr'><strong>qui</strong></span> <span class='ocrx_word' id='word_1_30' title='bbox 1216 952 1252 1022; x_wconf 94' lang='lat' dir='ltr'><strong>in</strong></span> <span class='ocrx_word' id='word_1_31' title='bbox 1275 949 1416 1024; x_wconf 88' lang='lat' dir='ltr'><strong>servitio</strong></span> <span class='ocrx_word' id='word_1_32' title='bbox 1437 957 1554 1022; x_wconf 90' lang='lat' dir='ltr'><strong>nostro</strong></span> <span class='ocrx_word' id='word_1_33' title='bbox 1575 947 1740 1038; x_wconf 77' lang='lat' dir='ltr'><strong>decessit,</strong></span> <span class='ocrx_word' id='word_1_34' title='bbox 1760 933 1904 1020; x_wconf 57' lang='lat' dir='ltr'><strong>tenen?</strong></span> 
     </span>
    </p>
   </div>
   <div class='ocr_carea' id='block_1_4' title="bbox 472 1071 1887 4130">
    <p class='ocr_par' dir='ltr' id='par_1_4' title="bbox 472 1071 1886 2895">
     <span class='ocr_line' id='line_1_5' title="bbox 472 1071 1881 1169; baseline -0.004 -24"><span class='ocrx_word' id='word_1_35' title='bbox 472 1074 553 1145; x_wconf 90' lang='lat' dir='ltr'><strong>dam</strong></span> <span class='ocrx_word' id='word_1_36' title='bbox 568 1073 681 1146; x_wconf 89' lang='lat' dir='ltr'><strong>donec</strong></span> <span class='ocrx_word' id='word_1_37' title='bbox 694 1072 788 1146; x_wconf 92' lang='lat' dir='ltr'><strong>idem</strong></span> <span class='ocrx_word' id='word_1_38' title='bbox 802 1072 894 1145; x_wconf 89' lang='lat' dir='ltr'><strong>lilius</strong></span> <span class='ocrx_word' id='word_1_39' title='bbox 908 1074 1063 1166; x_wconf 89' lang='lat' dir='ltr'><strong>ejusdem</strong></span> <span class='ocrx_word' id='word_1_40' title='bbox 1074 1073 1247 1169; x_wconf 85' lang='lat' dir='ltr'><strong>Rudolphi</strong></span> <span class='ocrx_word' id='word_1_41' title='bbox 1261 1074 1309 1148; x_wconf 88' lang='lat' dir='ltr'><strong>ad</strong></span> <span class='ocrx_word' id='word_1_42' title='bbox 1325 1082 1449 1146; x_wconf 70' lang='lat' dir='ltr'><strong>embm</strong></span> <span class='ocrx_word' id='word_1_43' title='bbox 1463 1073 1650 1166; x_wconf 77' lang='lat' dir='ltr'><strong>legitimam</strong></span> <span class='ocrx_word' id='word_1_44' title='bbox 1670 1071 1881 1166; x_wconf 71' lang='lat' dir='ltr'><strong>perveniet,</strong></span> 
     </span>
     <span class='ocr_line' id='line_1_6' title="bbox 473 1193 1884 1292; baseline -0.001 -24"><span class='ocrx_word' id='word_1_45' title='bbox 473 1196 531 1268; x_wconf 90' lang='lat' dir='ltr'><strong>tali</strong></span> <span class='ocrx_word' id='word_1_46' title='bbox 551 1195 749 1268; x_wconf 90' lang='lat' dir='ltr'><strong>conditione</strong></span> <span class='ocrx_word' id='word_1_47' title='bbox 771 1197 905 1288; x_wconf 89' lang='lat' dir='ltr'><strong>adjecta</strong></span> <span class='ocrx_word' id='word_1_48' title='bbox 925 1205 964 1267; x_wconf 91' lang='lat' dir='ltr'><strong>ut</strong></span> <span class='ocrx_word' id='word_1_49' title='bbox 988 1197 1017 1268; x_wconf 89' lang='lat' dir='ltr'><strong>si</strong></span> <span class='ocrx_word' id='word_1_50' title='bbox 1043 1195 1154 1268; x_wconf 87' lang='lat' dir='ltr'><strong>filium</strong></span> <span class='ocrx_word' id='word_1_51' title='bbox 1171 1197 1254 1269; x_wconf 92' lang='lat' dir='ltr'><strong>dicti</strong></span> <span class='ocrx_word' id='word_1_52' title='bbox 1278 1197 1454 1292; x_wconf 89' lang='lat' dir='ltr'><strong>quondam</strong></span> <span class='ocrx_word' id='word_1_53' title='bbox 1478 1193 1615 1268; x_wconf 83' lang='lat' dir='ltr'><strong>lludolli</strong></span> <span class='ocrx_word' id='word_1_54' title='bbox 1635 1195 1710 1266; x_wconf 89' lang='lat' dir='ltr'><strong>sine</strong></span> <span class='ocrx_word' id='word_1_55' title='bbox 1731 1194 1884 1286; x_wconf 89' lang='lat' dir='ltr'><strong>legitimo</strong></span> 
     </span>
     <span class='ocr_line' id='line_1_7' title="bbox 473 1317 1885 1413; baseline 0.001 -23"><span class='ocrx_word' id='word_1_56' title='bbox 473 1319 603 1392; x_wconf 86' lang='lat' dir='ltr'><strong>herede</strong></span> <span class='ocrx_word' id='word_1_57' title='bbox 618 1317 787 1391; x_wconf 84' lang='lat' dir='ltr'><strong>decedere</strong></span> <span class='ocrx_word' id='word_1_58' title='bbox 801 1319 1028 1412; x_wconf 88' lang='lat' dir='ltr'><strong>contingeret,</strong></span> <span class='ocrx_word' id='word_1_59' title='bbox 1038 1319 1136 1394; x_wconf 72' lang='lat' dir='ltr'><strong>‘idem</strong></span> <span class='ocrx_word' id='word_1_60' title='bbox 1149 1321 1343 1394; x_wconf 87' lang='lat' dir='ltr'><strong>Gotelridus</strong></span> <span class='ocrx_word' id='word_1_61' title='bbox 1357 1321 1451 1393; x_wconf 90' lang='lat' dir='ltr'><strong>bona</strong></span> <span class='ocrx_word' id='word_1_62' title='bbox 1467 1341 1531 1392; x_wconf 87' lang='lat' dir='ltr'><strong>sua</strong></span> <span class='ocrx_word' id='word_1_63' title='bbox 1546 1327 1676 1390; x_wconf 90' lang='lat' dir='ltr'><strong>teneret</strong></span> <span class='ocrx_word' id='word_1_64' title='bbox 1684 1319 1728 1390; x_wconf 90' lang='lat' dir='ltr'><strong>ab</strong></span> <span class='ocrx_word' id='word_1_65' title='bbox 1742 1319 1885 1413; x_wconf 85' lang='lat' dir='ltr'><strong>imperio</strong></span> 
     </span>
     <span class='ocr_line' id='line_1_8' title="bbox 474 1441 1885 1541; baseline 0 -27"><span class='ocrx_word' id='word_1_66' title='bbox 474 1451 545 1514; x_wconf 92' lang='lat' dir='ltr'><strong>eta</strong></span> <span class='ocrx_word' id='word_1_67' title='bbox 567 1441 716 1513; x_wconf 89' lang='lat' dir='ltr'><strong>nobisin</strong></span> <span class='ocrx_word' id='word_1_68' title='bbox 731 1441 851 1534; x_wconf 85' lang='lat' dir='ltr'><strong>leudo,</strong></span> <span class='ocrx_word' id='word_1_69' title='bbox 875 1442 964 1514; x_wconf 91' lang='lat' dir='ltr'><strong>sicut</strong></span> <span class='ocrx_word' id='word_1_70' title='bbox 986 1464 1027 1515; x_wconf 90' lang='lat' dir='ltr'><strong>ea</strong></span> <span class='ocrx_word' id='word_1_71' title='bbox 1046 1443 1160 1516; x_wconf 89' lang='lat' dir='ltr'><strong>dictus</strong></span> <span class='ocrx_word' id='word_1_72' title='bbox 1178 1445 1384 1541; x_wconf 74' lang='lat' dir='ltr'><strong>liudolphus</strong></span> <span class='ocrx_word' id='word_1_73' title='bbox 1409 1443 1563 1516; x_wconf 88' lang='lat' dir='ltr'><strong>noscitur</strong></span> <span class='ocrx_word' id='word_1_74' title='bbox 1586 1442 1751 1533; x_wconf 72' lang='lat' dir='ltr'><strong>eruisse,</strong></span> <span class='ocrx_word' id='word_1_75' title='bbox 1772 1441 1885 1514; x_wconf 89' lang='lat' dir='ltr'><strong>dictus</strong></span> 
     </span>
     <span class='ocr_line' id='line_1_9' title="bbox 475 1565 1885 1661; baseline -0.001 -23"><span class='ocrx_word' id='word_1_76' title='bbox 475 1565 671 1638; x_wconf 87' lang='lat' dir='ltr'><strong>Gotelridus</strong></span> <span class='ocrx_word' id='word_1_77' title='bbox 690 1565 983 1638; x_wconf 85' lang='lat' dir='ltr'><strong>mundoburdiam</strong></span> <span class='ocrx_word' id='word_1_78' title='bbox 1001 1567 1111 1661; x_wconf 86' lang='lat' dir='ltr'><strong>ipsam</strong></span> <span class='ocrx_word' id='word_1_79' title='bbox 1131 1576 1165 1638; x_wconf 91' lang='lat' dir='ltr'><strong>et</strong></span> <span class='ocrx_word' id='word_1_80' title='bbox 1182 1568 1275 1640; x_wconf 92' lang='lat' dir='ltr'><strong>bona</strong></span> <span class='ocrx_word' id='word_1_81' title='bbox 1291 1567 1414 1640; x_wconf 87' lang='lat' dir='ltr'><strong>eadem</strong></span> <span class='ocrx_word' id='word_1_82' title='bbox 1432 1568 1468 1638; x_wconf 93' lang='lat' dir='ltr'><strong>in</strong></span> <span class='ocrx_word' id='word_1_83' title='bbox 1483 1567 1608 1638; x_wconf 89' lang='lat' dir='ltr'><strong>nostris</strong></span> <span class='ocrx_word' id='word_1_84' title='bbox 1621 1567 1783 1639; x_wconf 89' lang='lat' dir='ltr'><strong>manibus</strong></span> <span class='ocrx_word' id='word_1_85' title='bbox 1800 1567 1885 1638; x_wconf 90' lang='lat' dir='ltr'><strong>resi·</strong></span> 
     </span>
     <span class='ocr_line' id='line_1_10' title="bbox 475 1688 1885 1785; baseline 0.001 -25"><span class='ocrx_word' id='word_1_86' title='bbox 475 1690 608 1783; x_wconf 90' lang='lat' dir='ltr'><strong>gnavit.</strong></span> <span class='ocrx_word' id='word_1_87' title='bbox 625 1690 765 1784; x_wconf 87' lang='lat' dir='ltr'><strong>Propter</strong></span> <span class='ocrx_word' id='word_1_88' title='bbox 776 1688 873 1783; x_wconf 94' lang='lat' dir='ltr'><strong>quod</strong></span> <span class='ocrx_word' id='word_1_89' title='bbox 889 1690 925 1760; x_wconf 95' lang='lat' dir='ltr'><strong>in</strong></span> <span class='ocrx_word' id='word_1_90' title='bbox 937 1693 1290 1785; x_wconf 81' lang='lat' dir='ltr'><strong>recompensationem</strong></span> <span class='ocrx_word' id='word_1_91' title='bbox 1305 1691 1460 1784; x_wconf 88' lang='lat' dir='ltr'><strong>ejusdem</strong></span> <span class='ocrx_word' id='word_1_92' title='bbox 1472 1689 1720 1764; x_wconf 90' lang='lat' dir='ltr'><strong>mondcbordie</strong></span> <span class='ocrx_word' id='word_1_93' title='bbox 1737 1699 1772 1762; x_wconf 95' lang='lat' dir='ltr'><strong>et</strong></span> <span class='ocrx_word' id='word_1_94' title='bbox 1782 1689 1885 1762; x_wconf 90' lang='lat' dir='ltr'><strong>bono·</strong></span> 
     </span>
     <span class='ocr_line' id='line_1_11' title="bbox 474 1811 1885 1907; baseline -0.001 -24"><span class='ocrx_word' id='word_1_95' title='bbox 474 1835 553 1884; x_wconf 91' lang='lat' dir='ltr'><strong>rum</strong></span> <span class='ocrx_word' id='word_1_96' title='bbox 570 1811 803 1907; x_wconf 90' lang='lat' dir='ltr'><strong>predictorum</strong></span> <span class='ocrx_word' id='word_1_97' title='bbox 829 1812 1062 1884; x_wconf 90' lang='lat' dir='ltr'><strong>concessimus</strong></span> <span class='ocrx_word' id='word_1_98' title='bbox 1080 1813 1112 1885; x_wconf 93' lang='lat' dir='ltr'><strong>ei</strong></span> <span class='ocrx_word' id='word_1_99' title='bbox 1129 1823 1163 1886; x_wconf 90' lang='lat' dir='ltr'><strong>et</strong></span> <span class='ocrx_word' id='word_1_100' title='bbox 1185 1815 1258 1885; x_wconf 91' lang='lat' dir='ltr'><strong>suis</strong></span> <span class='ocrx_word' id='word_1_101' title='bbox 1274 1813 1461 1886; x_wconf 89' lang='lat' dir='ltr'><strong>heredibus</strong></span> <span class='ocrx_word' id='word_1_102' title='bbox 1479 1811 1571 1884; x_wconf 91' lang='lat' dir='ltr'><strong>bona</strong></span> <span class='ocrx_word' id='word_1_103' title='bbox 1592 1821 1627 1884; x_wconf 93' lang='lat' dir='ltr'><strong>et</strong></span> <span class='ocrx_word' id='word_1_104' title='bbox 1642 1811 1799 1884; x_wconf 89' lang='lat' dir='ltr'><strong>homines</strong></span> <span class='ocrx_word' id='word_1_105' title='bbox 1816 1832 1885 1906; x_wconf 89' lang='lat' dir='ltr'><strong>que</strong></span> 
     </span>
     <span class='ocr_line' id='line_1_12' title="bbox 475 1933 1884 2032; baseline -0.001 -26"><span class='ocrx_word' id='word_1_106' title='bbox 475 1937 613 2008; x_wconf 91' lang='lat' dir='ltr'><strong>luerunt</strong></span> <span class='ocrx_word' id='word_1_107' title='bbox 630 1936 711 2007; x_wconf 92' lang='lat' dir='ltr'><strong>olim</strong></span> <span class='ocrx_word' id='word_1_108' title='bbox 734 1935 864 2007; x_wconf 87' lang='lat' dir='ltr'><strong>Alberti</strong></span> <span class='ocrx_word' id='word_1_109' title='bbox 888 1935 933 2007; x_wconf 93' lang='lat' dir='ltr'><strong>de</strong></span> <span class='ocrx_word' id='word_1_110' title='bbox 952 1937 1078 2031; x_wconf 82' lang='lat' dir='ltr'><strong>Tylen,</strong></span> <span class='ocrx_word' id='word_1_111' title='bbox 1098 1935 1260 2010; x_wconf 88' lang='lat' dir='ltr'><strong>videlicet</strong></span> <span class='ocrx_word' id='word_1_112' title='bbox 1281 1936 1375 2032; x_wconf 89' lang='lat' dir='ltr'><strong>apud</strong></span> <span class='ocrx_word' id='word_1_113' title='bbox 1401 1935 1616 2009; x_wconf 88' lang='lat' dir='ltr'><strong>Nezzelbach</strong></span> <span class='ocrx_word' id='word_1_114' title='bbox 1629 1933 1680 2030; x_wconf 81' lang='lat' dir='ltr'><strong>(a)</strong></span> <span class='ocrx_word' id='word_1_115' title='bbox 1698 1945 1733 2007; x_wconf 91' lang='lat' dir='ltr'><strong>et</strong></span> <span class='ocrx_word' id='word_1_116' title='bbox 1754 1937 1787 2004; x_wconf 93' lang='lat' dir='ltr'><strong>in</strong></span> <span class='ocrx_word' id='word_1_117' title='bbox 1808 1934 1884 2006; x_wconf 90' lang='lat' dir='ltr'><strong>aliis</strong></span> 
     </span>
     <span class='ocr_line' id='line_1_13' title="bbox 475 2059 1882 2154; baseline -0.001 -23"><span class='ocrx_word' id='word_1_118' title='bbox 475 2060 562 2133; x_wconf 87' lang='lat' dir='ltr'><strong>locis</strong></span> <span class='ocrx_word' id='word_1_119' title='bbox 583 2061 619 2130; x_wconf 92' lang='lat' dir='ltr'><strong>in</strong></span> <span class='ocrx_word' id='word_1_120' title='bbox 635 2059 814 2151; x_wconf 86' lang='lat' dir='ltr'><strong>llengowe</strong></span> <span class='ocrx_word' id='word_1_121' title='bbox 830 2067 870 2128; x_wconf 92' lang='lat' dir='ltr'><strong>ut</strong></span> <span class='ocrx_word' id='word_1_122' title='bbox 885 2081 926 2131; x_wconf 90' lang='lat' dir='ltr'><strong>ea</strong></span> <span class='ocrx_word' id='word_1_123' title='bbox 946 2059 1021 2154; x_wconf 90' lang='lat' dir='ltr'><strong>ipse</strong></span> <span class='ocrx_word' id='word_1_124' title='bbox 1034 2068 1068 2131; x_wconf 92' lang='lat' dir='ltr'><strong>et</strong></span> <span class='ocrx_word' id='word_1_125' title='bbox 1082 2059 1229 2133; x_wconf 87' lang='lat' dir='ltr'><strong>heredes</strong></span> <span class='ocrx_word' id='word_1_126' title='bbox 1249 2061 1304 2132; x_wconf 90' lang='lat' dir='ltr'><strong>sui</strong></span> <span class='ocrx_word' id='word_1_127' title='bbox 1322 2059 1457 2133; x_wconf 91' lang='lat' dir='ltr'><strong>anobis</strong></span> <span class='ocrx_word' id='word_1_128' title='bbox 1471 2069 1506 2132; x_wconf 90' lang='lat' dir='ltr'><strong>et</strong></span> <span class='ocrx_word' id='word_1_129' title='bbox 1523 2059 1667 2154; x_wconf 90' lang='lat' dir='ltr'><strong>imperio</strong></span> <span class='ocrx_word' id='word_1_130' title='bbox 1684 2059 1834 2132; x_wconf 69' lang='lat' dir='ltr'><strong>debfflnt</strong></span> <span class='ocrx_word' id='word_1_131' title='bbox 1848 2059 1882 2130; x_wconf 95' lang='lat' dir='ltr'><strong>in</strong></span> 
     </span>
     <span class='ocr_line' id='line_1_14' title="bbox 475 2181 1885 2278; baseline 0 -24"><span class='ocrx_word' id='word_1_132' title='bbox 475 2182 580 2256; x_wconf 88' lang='lat' dir='ltr'><strong>leudo</strong></span> <span class='ocrx_word' id='word_1_133' title='bbox 603 2181 765 2255; x_wconf 86' lang='lat' dir='ltr'><strong>decenter</strong></span> <span class='ocrx_word' id='word_1_134' title='bbox 786 2181 976 2276; x_wconf 88' lang='lat' dir='ltr'><strong>possidere.</strong></span> <span class='ocrx_word' id='word_1_135' title='bbox 1001 2183 1115 2268; x_wconf 87' lang='lat' dir='ltr'><strong>Quare</strong></span> <span class='ocrx_word' id='word_1_136' title='bbox 1131 2183 1298 2278; x_wconf 90' lang='lat' dir='ltr'><strong>presentis</strong></span> <span class='ocrx_word' id='word_1_137' title='bbox 1318 2183 1437 2277; x_wconf 89' lang='lat' dir='ltr'><strong>scripti</strong></span> <span class='ocrx_word' id='word_1_138' title='bbox 1455 2184 1658 2256; x_wconf 88' lang='lat' dir='ltr'><strong>auctoritate</strong></span> <span class='ocrx_word' id='word_1_139' title='bbox 1679 2182 1885 2256; x_wconf 82' lang='lat' dir='ltr'><strong>mandamus</strong></span> 
     </span>
     <span class='ocr_line' id='line_1_15' title="bbox 474 2305 1885 2402; baseline 0 -24"><span class='ocrx_word' id='word_1_140' title='bbox 474 2307 639 2402; x_wconf 80' lang='lat' dir='ltr'><strong>quatinus</strong></span> <span class='ocrx_word' id='word_1_141' title='bbox 651 2307 768 2378; x_wconf 91' lang='lat' dir='ltr'><strong>nullus</strong></span> <span class='ocrx_word' id='word_1_142' title='bbox 783 2306 828 2378; x_wconf 91' lang='lat' dir='ltr'><strong>sit</strong></span> <span class='ocrx_word' id='word_1_143' title='bbox 841 2307 901 2400; x_wconf 92' lang='lat' dir='ltr'><strong>qui</strong></span> <span class='ocrx_word' id='word_1_144' title='bbox 917 2305 1090 2402; x_wconf 88' lang='lat' dir='ltr'><strong>predictos</strong></span> <span class='ocrx_word' id='word_1_145' title='bbox 1102 2306 1315 2381; x_wconf 87' lang='lat' dir='ltr'><strong>Gotelridum</strong></span> <span class='ocrx_word' id='word_1_146' title='bbox 1327 2316 1362 2380; x_wconf 91' lang='lat' dir='ltr'><strong>et</strong></span> <span class='ocrx_word' id='word_1_147' title='bbox 1377 2307 1521 2380; x_wconf 88' lang='lat' dir='ltr'><strong>heredes</strong></span> <span class='ocrx_word' id='word_1_148' title='bbox 1536 2328 1618 2379; x_wconf 89' lang='lat' dir='ltr'><strong>suos</strong></span> <span class='ocrx_word' id='word_1_149' title='bbox 1633 2307 1669 2378; x_wconf 94' lang='lat' dir='ltr'><strong>in</strong></span> <span class='ocrx_word' id='word_1_150' title='bbox 1687 2307 1885 2378; x_wconf 89' lang='lat' dir='ltr'><strong>bominibus</strong></span> 
     </span>
     <span class='ocr_line' id='line_1_16' title="bbox 474 2428 1885 2527; baseline 0.001 -25"><span class='ocrx_word' id='word_1_151' title='bbox 474 2430 631 2503; x_wconf 88' lang='lat' dir='ltr'><strong>ethonis</strong></span> <span class='ocrx_word' id='word_1_152' title='bbox 654 2428 819 2523; x_wconf 89' lang='lat' dir='ltr'><strong>predictis</strong></span> <span class='ocrx_word' id='word_1_153' title='bbox 842 2439 960 2502; x_wconf 90' lang='lat' dir='ltr'><strong>contra</strong></span> <span class='ocrx_word' id='word_1_154' title='bbox 982 2431 1153 2525; x_wconf 87' lang='lat' dir='ltr'><strong>presentis</strong></span> <span class='ocrx_word' id='word_1_155' title='bbox 1178 2440 1292 2503; x_wconf 90' lang='lat' dir='ltr'><strong>nostre</strong></span> <span class='ocrx_word' id='word_1_156' title='bbox 1308 2431 1541 2503; x_wconf 88' lang='lat' dir='ltr'><strong>concessionis</strong></span> <span class='ocrx_word' id='word_1_157' title='bbox 1564 2431 1727 2526; x_wconf 89' lang='lat' dir='ltr'><strong>paginam</strong></span> <span class='ocrx_word' id='word_1_158' title='bbox 1744 2431 1885 2527; x_wconf 86' lang='lat' dir='ltr'><strong>impetat</strong></span> 
     </span>
     <span class='ocr_line' id='line_1_17' title="bbox 473 2553 1886 2650; baseline 0.001 -25"><span class='ocrx_word' id='word_1_159' title='bbox 473 2563 535 2625; x_wconf 92' lang='lat' dir='ltr'><strong>aut</strong></span> <span class='ocrx_word' id='word_1_160' title='bbox 554 2553 724 2624; x_wconf 88' lang='lat' dir='ltr'><strong>molestet.</strong></span> <span class='ocrx_word' id='word_1_161' title='bbox 745 2553 846 2638; x_wconf 88' lang='lat' dir='ltr'><strong>Quod</strong></span> <span class='ocrx_word' id='word_1_162' title='bbox 869 2553 931 2647; x_wconf 90' lang='lat' dir='ltr'><strong>qui</strong></span> <span class='ocrx_word' id='word_1_163' title='bbox 955 2555 1200 2650; x_wconf 87' lang='lat' dir='ltr'><strong>presumpserit</strong></span> <span class='ocrx_word' id='word_1_164' title='bbox 1218 2554 1490 2649; x_wconf 82' lang='lat' dir='ltr'><strong>indignationem</strong></span> <span class='ocrx_word' id='word_1_165' title='bbox 1516 2565 1666 2627; x_wconf 89' lang='lat' dir='ltr'><strong>nostram</strong></span> <span class='ocrx_word' id='word_1_166' title='bbox 1689 2577 1727 2628; x_wconf 90' lang='lat' dir='ltr'><strong>se</strong></span> <span class='ocrx_word' id='word_1_167' title='bbox 1749 2556 1886 2628; x_wconf 84' lang='lat' dir='ltr'><strong>noverit</strong></span> 
     </span>
     <span class='ocr_line' id='line_1_18' title="bbox 473 2676 1885 2774; baseline 0.001 -26"><span class='ocrx_word' id='word_1_168' title='bbox 473 2679 706 2750; x_wconf 91' lang='lat' dir='ltr'><strong>incursurum.</strong></span> <span class='ocrx_word' id='word_1_169' title='bbox 739 2676 795 2750; x_wconf 82' lang='lat' dir='ltr'><strong>Ad</strong></span> <span class='ocrx_word' id='word_1_170' title='bbox 822 2677 928 2770; x_wconf 88' lang='lat' dir='ltr'><strong>hujus</strong></span> <span class='ocrx_word' id='word_1_171' title='bbox 960 2679 1077 2772; x_wconf 90' lang='lat' dir='ltr'><strong>itaque</strong></span> <span class='ocrx_word' id='word_1_172' title='bbox 1106 2679 1338 2751; x_wconf 88' lang='lat' dir='ltr'><strong>concessionis</strong></span> <span class='ocrx_word' id='word_1_173' title='bbox 1369 2688 1486 2752; x_wconf 84' lang='lat' dir='ltr'><strong>nostre</strong></span> <span class='ocrx_word' id='word_1_174' title='bbox 1517 2680 1718 2752; x_wconf 90' lang='lat' dir='ltr'><strong>memoriam</strong></span> <span class='ocrx_word' id='word_1_175' title='bbox 1746 2701 1885 2774; x_wconf 88' lang='lat' dir='ltr'><strong>presens</strong></span> 
     </span>
     <span class='ocr_line' id='line_1_19' title="bbox 473 2799 1453 2895; baseline 0.001 -22"><span class='ocrx_word' id='word_1_176' title='bbox 473 2800 639 2894; x_wconf 89' lang='lat' dir='ltr'><strong>scriptum</strong></span> <span class='ocrx_word' id='word_1_177' title='bbox 654 2799 727 2873; x_wconf 91' lang='lat' dir='ltr'><strong>lieri</strong></span> <span class='ocrx_word' id='word_1_178' title='bbox 745 2809 779 2873; x_wconf 91' lang='lat' dir='ltr'><strong>et</strong></span> <span class='ocrx_word' id='word_1_179' title='bbox 793 2801 905 2895; x_wconf 92' lang='lat' dir='ltr'><strong>sigillo</strong></span> <span class='ocrx_word' id='word_1_180' title='bbox 923 2812 1042 2876; x_wconf 92' lang='lat' dir='ltr'><strong>nostro</strong></span> <span class='ocrx_word' id='word_1_181' title='bbox 1052 2803 1221 2894; x_wconf 90' lang='lat' dir='ltr'><strong>jussimus</strong></span> <span class='ocrx_word' id='word_1_182' title='bbox 1236 2802 1453 2875; x_wconf 89' lang='lat' dir='ltr'><strong>communiri.</strong></span> 
     </span>
    </p>

    <p class='ocr_par' dir='ltr' id='par_1_5' title="bbox 473 2925 1887 4009">
     <span class='ocr_line' id='line_1_20' title="bbox 522 2925 1885 3023; baseline 0.002 -28"><span class='ocrx_word' id='word_1_183' title='bbox 522 2926 634 3016; x_wconf 89' lang='lat' dir='ltr'><strong>Hujus</strong></span> <span class='ocrx_word' id='word_1_184' title='bbox 661 2925 710 2997; x_wconf 88' lang='lat' dir='ltr'><strong>rei</strong></span> <span class='ocrx_word' id='word_1_185' title='bbox 736 2934 840 2998; x_wconf 91' lang='lat' dir='ltr'><strong>testes</strong></span> <span class='ocrx_word' id='word_1_186' title='bbox 870 2935 951 2998; x_wconf 90' lang='lat' dir='ltr'><strong>sunt</strong></span> <span class='ocrx_word' id='word_1_187' title='bbox 979 2925 1097 3000; x_wconf 89' lang='lat' dir='ltr'><strong>dilecti</strong></span> <span class='ocrx_word' id='word_1_188' title='bbox 1122 2927 1298 3023; x_wconf 87' lang='lat' dir='ltr'><strong>principes</strong></span> <span class='ocrx_word' id='word_1_189' title='bbox 1320 2927 1429 3000; x_wconf 89' lang='lat' dir='ltr'><strong>nostri</strong></span> <span class='ocrx_word' id='word_1_190' title='bbox 1460 2925 1666 3000; x_wconf 87' lang='lat' dir='ltr'><strong>Bertboldus</strong></span> <span class='ocrx_word' id='word_1_191' title='bbox 1692 2927 1885 3022; x_wconf 89' lang='lat' dir='ltr'><strong>patriarcha</strong></span> 
     </span>
     <span class='ocr_line' id='line_1_21' title="bbox 473 3045 1887 3146; baseline 0.004 -28"><span class='ocrx_word' id='word_1_192' title='bbox 473 3045 732 3142; x_wconf 65' lang='lat' dir='ltr'><strong>aquilegensis,</strong></span> <span class='ocrx_word' id='word_1_193' title='bbox 749 3047 898 3122; x_wconf 81' lang='lat' dir='ltr'><strong>Sitridns</strong></span> <span class='ocrx_word' id='word_1_194' title='bbox 919 3049 1200 3146; x_wconf 89' lang='lat' dir='ltr'><strong>archiepiscopus</strong></span> <span class='ocrx_word' id='word_1_195' title='bbox 1214 3051 1455 3144; x_wconf 83' lang='lat' dir='ltr'><strong>Mogentinus,</strong></span> <span class='ocrx_word' id='word_1_196' title='bbox 1479 3050 1656 3125; x_wconf 84' lang='lat' dir='ltr'><strong>Conradus</strong></span> <span class='ocrx_word' id='word_1_197' title='bbox 1675 3050 1887 3125; x_wconf 90' lang='lat' dir='ltr'><strong>Coloniensis</strong></span> 
     </span>
     <span class='ocr_line' id='line_1_22' title="bbox 474 3172 1886 3269; baseline 0 -26"><span class='ocrx_word' id='word_1_198' title='bbox 474 3172 620 3262; x_wconf 89' lang='lat' dir='ltr'><strong>electus,</strong></span> <span class='ocrx_word' id='word_1_199' title='bbox 635 3172 892 3266; x_wconf 88' lang='lat' dir='ltr'><strong>Willeprandus</strong></span> <span class='ocrx_word' id='word_1_200' title='bbox 904 3173 1184 3269; x_wconf 83' lang='lat' dir='ltr'><strong>archiepiscopus</strong></span> <span class='ocrx_word' id='word_1_201' title='bbox 1196 3173 1517 3268; x_wconf 88' lang='lat' dir='ltr'><strong>Magdeburgensis,</strong></span> <span class='ocrx_word' id='word_1_202' title='bbox 1536 3177 1752 3248; x_wconf 77' lang='lat' dir='ltr'><strong>hermannus</strong></span> <span class='ocrx_word' id='word_1_203' title='bbox 1763 3172 1886 3246; x_wconf 85' lang='lat' dir='ltr'><strong>Herbi·</strong></span> 
     </span>
     <span class='ocr_line' id='line_1_23' title="bbox 474 3295 1887 3392; baseline 0 -24"><span class='ocrx_word' id='word_1_204' title='bbox 474 3295 644 3391; x_wconf 91' lang='lat' dir='ltr'><strong>polensis,</strong></span> <span class='ocrx_word' id='word_1_205' title='bbox 664 3296 832 3369; x_wconf 86' lang='lat' dir='ltr'><strong>Hearicus</strong></span> <span class='ocrx_word' id='word_1_206' title='bbox 849 3297 1087 3389; x_wconf 87' lang='lat' dir='ltr'><strong>Missenensis,</strong></span> <span class='ocrx_word' id='word_1_207' title='bbox 1109 3297 1292 3392; x_wconf 77' lang='lat' dir='ltr'><strong>liudgerus</strong></span> <span class='ocrx_word' id='word_1_208' title='bbox 1315 3299 1548 3390; x_wconf 87' lang='lat' dir='ltr'><strong>Petaviensis,</strong></span> <span class='ocrx_word' id='word_1_209' title='bbox 1578 3297 1766 3372; x_wconf 86' lang='lat' dir='ltr'><strong>Landollus</strong></span> <span class='ocrx_word' id='word_1_210' title='bbox 1782 3297 1887 3370; x_wconf 89' lang='lat' dir='ltr'><strong>Wor-</strong></span> 
     </span>
     <span class='ocr_line' id='line_1_24' title="bbox 475 3420 1883 3519; baseline 0.001 -29"><span class='ocrx_word' id='word_1_211' title='bbox 475 3420 666 3511; x_wconf 84' lang='lat' dir='ltr'><strong>metiensis,</strong></span> <span class='ocrx_word' id='word_1_212' title='bbox 683 3421 856 3516; x_wconf 90' lang='lat' dir='ltr'><strong>episcopi;</strong></span> <span class='ocrx_word' id='word_1_213' title='bbox 880 3422 1077 3494; x_wconf 90' lang='lat' dir='ltr'><strong>Bernardus</strong></span> <span class='ocrx_word' id='word_1_214' title='bbox 1094 3421 1170 3519; x_wconf 84' lang='lat' dir='ltr'><strong>dux</strong></span> <span class='ocrx_word' id='word_1_215' title='bbox 1183 3422 1381 3512; x_wconf 87' lang='lat' dir='ltr'><strong>Karintbie,</strong></span> <span class='ocrx_word' id='word_1_216' title='bbox 1398 3423 1567 3496; x_wconf 80' lang='lat' dir='ltr'><strong>henricus</strong></span> <span class='ocrx_word' id='word_1_217' title='bbox 1587 3443 1702 3495; x_wconf 88' lang='lat' dir='ltr'><strong>comes</strong></span> <span class='ocrx_word' id='word_1_218' title='bbox 1718 3421 1883 3512; x_wconf 83' lang='lat' dir='ltr'><strong>Ascania,</strong></span> 
     </span>
     <span class='ocr_line' id='line_1_25' title="bbox 473 3539 1883 3639; baseline 0 -25"><span class='ocrx_word' id='word_1_219' title='bbox 473 3543 641 3615; x_wconf 88' lang='lat' dir='ltr'><strong>Henricus</strong></span> <span class='ocrx_word' id='word_1_220' title='bbox 667 3565 782 3616; x_wconf 89' lang='lat' dir='ltr'><strong>comes</strong></span> <span class='ocrx_word' id='word_1_221' title='bbox 812 3539 857 3615; x_wconf 93' lang='lat' dir='ltr'><strong>de</strong></span> <span class='ocrx_word' id='word_1_222' title='bbox 885 3545 1112 3638; x_wconf 90' lang='lat' dir='ltr'><strong>llenneberg,</strong></span> <span class='ocrx_word' id='word_1_223' title='bbox 1148 3545 1324 3617; x_wconf 90' lang='lat' dir='ltr'><strong>Conradus</strong></span> <span class='ocrx_word' id='word_1_224' title='bbox 1352 3544 1556 3639; x_wconf 81' lang='lat' dir='ltr'><strong>burgravius</strong></span> <span class='ocrx_word' id='word_1_225' title='bbox 1583 3545 1628 3618; x_wconf 90' lang='lat' dir='ltr'><strong>de</strong></span> <span class='ocrx_word' id='word_1_226' title='bbox 1655 3543 1883 3632; x_wconf 89' lang='lat' dir='ltr'><strong>Nuremberc,</strong></span> 
     </span>
     <span class='ocr_line' id='line_1_26' title="bbox 475 3664 1886 3762; baseline 0 -24"><span class='ocrx_word' id='word_1_227' title='bbox 475 3664 683 3738; x_wconf 86' lang='lat' dir='ltr'><strong>chelridus</strong></span> <span class='ocrx_word' id='word_1_228' title='bbox 706 3675 741 3738; x_wconf 91' lang='lat' dir='ltr'><strong>et</strong></span> <span class='ocrx_word' id='word_1_229' title='bbox 766 3665 990 3740; x_wconf 79' lang='lat' dir='ltr'><strong>berchtoldus</strong></span> <span class='ocrx_word' id='word_1_230' title='bbox 1012 3669 1130 3740; x_wconf 84' lang='lat' dir='ltr'><strong>tratres</strong></span> <span class='ocrx_word' id='word_1_231' title='bbox 1152 3668 1295 3741; x_wconf 90' lang='lat' dir='ltr'><strong>comites</strong></span> <span class='ocrx_word' id='word_1_232' title='bbox 1316 3667 1362 3740; x_wconf 91' lang='lat' dir='ltr'><strong>de</strong></span> <span class='ocrx_word' id='word_1_233' title='bbox 1377 3669 1614 3762; x_wconf 88' lang='lat' dir='ltr'><strong>Zigenbagen,</strong></span> <span class='ocrx_word' id='word_1_234' title='bbox 1630 3667 1822 3740; x_wconf 86' lang='lat' dir='ltr'><strong>Fridericus</strong></span> <span class='ocrx_word' id='word_1_235' title='bbox 1842 3665 1886 3738; x_wconf 93' lang='lat' dir='ltr'><strong>de</strong></span> 
     </span>
     <span class='ocr_line' id='line_1_27' title="bbox 475 3787 1887 3885; baseline 0.003 -27"><span class='ocrx_word' id='word_1_236' title='bbox 475 3787 757 3882; x_wconf 90' lang='lat' dir='ltr'><strong>Trohendingen,</strong></span> <span class='ocrx_word' id='word_1_237' title='bbox 783 3789 960 3862; x_wconf 91' lang='lat' dir='ltr'><strong>Conradus</strong></span> <span class='ocrx_word' id='word_1_238' title='bbox 987 3790 1033 3862; x_wconf 90' lang='lat' dir='ltr'><strong>de</strong></span> <span class='ocrx_word' id='word_1_239' title='bbox 1059 3789 1280 3883; x_wconf 88' lang='lat' dir='ltr'><strong>Smidelvelt,</strong></span> <span class='ocrx_word' id='word_1_240' title='bbox 1307 3792 1475 3864; x_wconf 88' lang='lat' dir='ltr'><strong>Henricus</strong></span> <span class='ocrx_word' id='word_1_241' title='bbox 1494 3790 1700 3864; x_wconf 88' lang='lat' dir='ltr'><strong>marscalcus</strong></span> <span class='ocrx_word' id='word_1_242' title='bbox 1722 3791 1767 3864; x_wconf 90' lang='lat' dir='ltr'><strong>de</strong></span> <span class='ocrx_word' id='word_1_243' title='bbox 1792 3791 1887 3885; x_wconf 89' lang='lat' dir='ltr'><strong>Bap-</strong></span> 
     </span>
     <span class='ocr_line' id='line_1_28' title="bbox 474 3911 1040 4009; baseline 0 -25"><span class='ocrx_word' id='word_1_244' title='bbox 474 3911 654 4008; x_wconf 89' lang='lat' dir='ltr'><strong>penheim,</strong></span> <span class='ocrx_word' id='word_1_245' title='bbox 674 3923 710 3984; x_wconf 91' lang='lat' dir='ltr'><strong>et</strong></span> <span class='ocrx_word' id='word_1_246' title='bbox 728 3914 787 3984; x_wconf 90' lang='lat' dir='ltr'><strong>alii</strong></span> <span class='ocrx_word' id='word_1_247' title='bbox 803 3915 1040 4009; x_wconf 88' lang='lat' dir='ltr'><strong>quamplures.</strong></span> 
     </span>
    </p>

    <p class='ocr_par' dir='ltr' id='par_1_6' title="bbox 524 4035 1887 4130">
     <span class='ocr_line' id='line_1_29' title="bbox 524 4035 1887 4130; baseline 0.001 -26"><span class='ocrx_word' id='word_1_248' title='bbox 524 4035 647 4108; x_wconf 89' lang='lat' dir='ltr'><strong>Datum</strong></span> <span class='ocrx_word' id='word_1_249' title='bbox 665 4037 833 4109; x_wconf 88' lang='lat' dir='ltr'><strong>incastris</strong></span> <span class='ocrx_word' id='word_1_250' title='bbox 848 4037 882 4109; x_wconf 94' lang='lat' dir='ltr'><strong>in</strong></span> <span class='ocrx_word' id='word_1_251' title='bbox 900 4037 1080 4110; x_wconf 90' lang='lat' dir='ltr'><strong>obsidione</strong></span> <span class='ocrx_word' id='word_1_252' title='bbox 1091 4038 1226 4130; x_wconf 84' lang='lat' dir='ltr'><strong>Brixis,</strong></span> <span class='ocrx_word' id='word_1_253' title='bbox 1242 4061 1335 4112; x_wconf 87' lang='lat' dir='ltr'><strong>anno</strong></span> <span class='ocrx_word' id='word_1_254' title='bbox 1348 4039 1520 4113; x_wconf 89' lang='lat' dir='ltr'><strong>dominice</strong></span> <span class='ocrx_word' id='word_1_255' title='bbox 1537 4038 1780 4110; x_wconf 90' lang='lat' dir='ltr'><strong>incarnationis</strong></span> <span class='ocrx_word' id='word_1_256' title='bbox 1803 4037 1887 4108; x_wconf 88' lang='lat' dir='ltr'><strong>mil-</strong></span> 
     </span>
    </p>
   </div>
   <div class='ocr_carea' id='block_1_5' title="bbox 475 4158 1888 4354">
    <p class='ocr_par' dir='ltr' id='par_1_7' title="bbox 475 4158 1888 4354">
     <span class='ocr_line' id='line_1_30' title="bbox 475 4158 1888 4256; baseline 0.003 -28"><span class='ocrx_word' id='word_1_257' title='bbox 475 4159 595 4230; x_wconf 89' lang='lat' dir='ltr'><strong>lesimo</strong></span> <span class='ocrx_word' id='word_1_258' title='bbox 620 4158 855 4233; x_wconf 87' lang='lat' dir='ltr'><strong>ducentesimo</strong></span> <span class='ocrx_word' id='word_1_259' title='bbox 874 4161 1044 4234; x_wconf 89' lang='lat' dir='ltr'><strong>tricesimo</strong></span> <span class='ocrx_word' id='word_1_260' title='bbox 1067 4171 1208 4256; x_wconf 84' lang='lat' dir='ltr'><strong>octavo,</strong></span> <span class='ocrx_word' id='word_1_261' title='bbox 1234 4184 1353 4236; x_wconf 91' lang='lat' dir='ltr'><strong>mense</strong></span> <span class='ocrx_word' id='word_1_262' title='bbox 1379 4163 1536 4256; x_wconf 89' lang='lat' dir='ltr'><strong>augusti,</strong></span> <span class='ocrx_word' id='word_1_263' title='bbox 1564 4162 1747 4236; x_wconf 89' lang='lat' dir='ltr'><strong>undecime</strong></span> <span class='ocrx_word' id='word_1_264' title='bbox 1772 4159 1888 4234; x_wconf 88' lang='lat' dir='ltr'><strong>indic·</strong></span> 
     </span>
     <span class='ocr_line' id='line_1_31' title="bbox 475 4280 591 4354; baseline 0 -3"><span class='ocrx_word' id='word_1_265' title='bbox 475 4280 591 4354; x_wconf 89' lang='lat' dir='ltr'><strong>tionis.</strong></span> 
     </span>
    </p>
   </div>
   <div class='ocr_carea' id='block_1_6' title="bbox 517 4505 1002 4613">
    <p class='ocr_par' dir='ltr' id='par_1_8' title="bbox 517 4505 1002 4613">
     <span class='ocr_line' id='line_1_32' title="bbox 517 4505 1002 4613; baseline 0.012 -23"><span class='ocrx_word' id='word_1_266' title='bbox 517 4529 560 4613; x_wconf 85' lang='lat' dir='ltr'><strong>(a)</strong></span> <span class='ocrx_word' id='word_1_267' title='bbox 581 4505 662 4594; x_wconf 72' lang='lat' dir='ltr'><strong>hlihl</strong></span> <span class='ocrx_word' id='word_1_268' title='bbox 681 4531 878 4597; x_wconf 59' lang='lat' dir='ltr'><strong>tumultuat.</strong></span> <span class='ocrx_word' id='word_1_269' title='bbox 997 4597 1002 4609; x_wconf 74' lang='grc'>,</span> 
     </span>
    </p>
   </div>
   <div class='ocr_carea' id='block_1_7' title="bbox 0 0 2134 5904">
    <p class='ocr_par' dir='ltr' id='par_1_9' title="bbox 0 0 2134 5904">
     <span class='ocr_line' id='line_1_33' title="bbox 0 0 2134 5904; baseline 0 0"><span class='ocrx_word' id='word_1_270' title='bbox 0 0 2134 5904; x_wconf 95' lang='lat' dir='ltr'><strong> </strong></span> 
     </span>
    </p>
   </div>
  </div>
 </body>
</html>
