4224 5898
202 638 304 702 tnnc.
321 635 385 716 12]
657 637 855 703 lllSTOthl
879 635 1175 700 bretonertctt.
1554 637 1615 699 :tat

205 793 308 847 carne
323 793 370 846 ex
384 772 601 867 susceptione
624 783 742 846 sancte
765 771 942 868 religionis
955 771 1146 846 abstractus
1162 772 1200 846 iu
1217 771 1329 846 diuini
1347 772 1473 845 amoris
1490 771 1616 844 altitu-

205 895 324 970 dinem
349 896 531 968 evolasset.
548 895 670 969 Noster
692 896 760 968 sibi
780 897 971 969 destructor
984 895 1288 990 respondeatquid
1307 917 1353 968 ex
1370 895 1436 968 boc
1455 895 1557 967 nobis
1581 906 1616 967 et

205 1017 320 1092 eidem
341 1018 505 1114 episcopo
532 1019 654 1112 poterit
675 1019 837 1116 imputari
862 1019 892 1091 si
908 1019 1080 1091 Placentia
1107 1019 1194 1092 inter
1214 1027 1347 1113 patres,
1368 1017 1475 1108 lilios,
1496 1017 1617 1090 affines

206 1141 483 1236 consanguineos
508 1147 543 1214 et
567 1163 748 1236 germanos
764 1141 922 1216 ordinata
950 1141 1154 1233 concordia,
1179 1162 1222 1214 ec
1242 1153 1400 1237 presente
1422 1151 1457 1214 et
1482 1151 1618 1235 protes·

206 1273 300 1338 tants
317 1264 413 1358 quod
431 1264 469 1337 id
485 1265 591 1338 salvis
611 1264 800 1339 bonoribus
822 1274 857 1338 et
877 1265 1014 1358 Jnribns
1039 1265 1256 1361 imperatoris
1271 1275 1306 1338 et
1327 1266 1463 1360 imperii
1480 1273 1515 1338 et
1529 1283 1618 1360 quo·

208 1387 369 1460 rumlibet
390 1387 537 1460 aliorum
560 1385 672 1478 tieret,
698 1387 1026 1461 consummationem
1052 1388 1196 1482 accepit.
1219 1387 1383 1472 Quinimc
1406 1387 1500 1460 idem
1527 1387 1620 1459 blas-

210 1507 358 1606 pbemus
381 1510 549 1602 intelligat
566 1511 633 1582 sibi
658 1510 705 1583 ad
721 1511 897 1584 infamiam
917 1510 1039 1582 merito
1055 1510 1207 1604 reputari
1224 1509 1322 1605 quod
1343 1531 1423 1582 cnm
1441 1510 1487 1583 ad
1511 1510 1620 1606 ipsius

210 1641 245 1705 et
260 1633 468 1705 nunciorum
483 1653 626 1706 suornm
640 1633 838 1706 instantiam
855 1633 1090 1706 venerabilem
1103 1634 1244 1705 fratrem
1260 1641 1413 1706 nostrum
1428 1633 1620 1706 Ostiensem

211 1755 412 1851 episcopum
438 1764 474 1828 et
501 1755 665 1828 dilectum
690 1755 801 1828 lilium
825 1765 980 1830 nostrum
1007 1757 1047 1826 T.
1070 1755 1161 1828 tituli
1185 1757 1310 1828 Sancte
1331 1757 1458 1830 Sabine
1478 1755 1621 1852 presby·

211 1887 325 1950 terum
348 1877 557 1952 cardinalem
577 1901 638 1973 pro
659 1899 745 1974 pace
756 1881 859 1972 juxta
883 1880 1027 1951 sormam
1047 1878 1094 1950 ab
1111 1877 1242 1950 eisdem
1260 1878 1396 1950 nunciis
1413 1879 1500 1951 iuter
1522 1879 1623 1952 lom-

212 2000 342 2074 bardos
366 2011 402 2074 et
424 2001 610 2096 imperinm
625 2001 862 2092 reformanda,
894 1999 941 2074 ad
966 2009 1080 2095 partes
1105 2000 1317 2074 misissemus
1344 1999 1504 2092 easdem,
1531 2001 1622 2073 idem

215 2122 315 2196 dictis
331 2125 453 2218 legatis
469 2125 575 2220 petita
591 2133 625 2198 et
642 2125 806 2219 ampliora
828 2123 1019 2218 adimplere
1042 2123 1170 2219 paratis
1190 2133 1224 2195 et
1241 2124 1370 2196 delusis
1387 2125 1502 2216 nobis,
1517 2125 1625 2198 reior-

216 2247 401 2320 matiouem
420 2247 515 2342 pacis
533 2267 596 2342 per
615 2247 708 2343 ipsos
726 2247 840 2320 noluit
856 2257 1045 2342 acceptare.
1063 2247 1152 2318 Ecce
1171 2268 1266 2318 nunc
1284 2247 1464 2341 intelligite
1480 2245 1627 2340 qualiter

217 2372 351 2466 imperii
367 2373 447 2464 jura
467 2371 758 2444 conculcavimns.
778 2371 834 2442 Ex
859 2371 1034 2465 premissis
1052 2369 1223 2442 advertito
1239 2371 1388 2464 qualiter
1406 2392 1428 2442 a
1451 2371 1552 2442 nobis
1570 2371 1627 2442 bic

219 2493 321 2566 luerit
337 2493 537 2588 impeditos,
558 2493 620 2588 qui
636 2495 740 2586 longo
758 2501 794 2566 et
810 2494 904 2566 inani
923 2493 1042 2566 labore
1059 2514 1141 2566 suos
1162 2502 1197 2564 et
1214 2513 1356 2566 snorum
1382 2494 1547 2565 humeros
1568 2493 1629 2566 de-

219 2616 328 2690 crevit
354 2617 469 2711 potins
491 2618 621 2690 conteri
643 2637 749 2712 quam
770 2637 894 2712 possus
914 2617 1067 2690 extiterit
1092 2637 1154 2711 per
1178 2637 1241 2688 nos
1259 2617 1337 2708 jura
1358 2617 1492 2710 imperii
1515 2617 1630 2689 relor-

220 2740 318 2814 mari.
345 2741 503 2814 Preterea
525 2740 627 2813 illatis
648 2740 802 2813 Ecclesie
826 2761 896 2812 non
923 2749 1104 2813 contentus
1130 2739 1283 2831 injuriis,
1310 2740 1391 2812 data
1419 2739 1630 2834 quibusdam

222 2863 408 2936 rebellibus
420 2862 545 2935 nostris
559 2883 631 2934 non
647 2862 785 2935 modica
803 2883 939 2936 summe
957 2863 1116 2958 pecunie,
1138 2861 1342 2935 seditionem
1366 2873 1485 2936 contra
1510 2885 1574 2937 nos
1594 2863 1630 2936 in

222 2986 312 3060 Urbe
331 2986 469 3058 molitus
486 2994 538 3057 est
560 2984 691 3080 pluries
708 3006 939 3075 commovere,
957 2993 997 3058 ut
1013 2986 1115 3058 nobis
1137 2993 1172 3058 et
1187 2985 1350 3060 iratribus
1371 2987 1495 3059 nostris
1513 2987 1633 3062 asede

222 3124 337 3184 nostra
354 3110 501 3207 repulsis
518 3119 553 3182 et
568 3130 737 3184 concusso
755 3111 866 3205 capite
882 3109 966 3184 fidei
986 3109 1084 3205 quod
1106 3131 1210 3204 super
1229 3109 1427 3183 bedilicuvit
1448 3111 1630 3199 Dominus,

224 3235 376 3330 impulsu
405 3233 562 3326 ejusdem
587 3233 758 3306 Frederici
788 3243 905 3307 rueret
928 3234 1063 3306 leviori.
1089 3233 1277 3306 Ferrariam
1300 3243 1334 3304 et
1356 3233 1525 3327 quasdam
1548 3235 1633 3306 alias

224 3367 330 3432 terras
346 3355 499 3430 Ecclesie
513 3357 550 3428 in
567 3357 809 3432 Lcmbardiam
828 3367 945 3430 contra
966 3358 1200 3449 juramentum
1217 3357 1398 3452 prestitum
1419 3366 1548 3454 temere
1565 3379 1633 3431 ve-

225 3481 326 3552 niens
346 3479 542 3574 occupavit.
555 3481 667 3575 Super
685 3500 757 3575 quo
773 3489 808 3555 et
824 3481 901 3553 aliis
916 3479 1061 3553 credens
1078 3501 1142 3552 uos
1160 3479 1313 3554 detinere
1325 3479 1487 3552 inanibus
1504 3482 1630 3574 verbis,

225 3601 335 3676 dictos
357 3602 638 3675 Panormitnnum
663 3602 961 3698 archiepiscopum
984 3612 1019 3674 et
1041 3602 1127 3674 alios
1143 3601 1289 3674 nuncios
1311 3623 1393 3674 suos
1415 3623 1495 3674 cum
1514 3604 1635 3678 litteris

229 3722 274 3797 de
290 3723 465 3798 medentia
485 3724 531 3797 ad
550 3734 703 3797 nostram
724 3725 827 3798 duxit
843 3725 1051 3819 presentiam
1077 3723 1312 3796 destinandos.
1333 3725 1467 3810 Quibus
1490 3725 1635 3799 oderen-

228 3846 320 3920 tibus
347 3848 447 3920 nobis
470 3847 735 3920 satisfactionem
763 3869 868 3944 super
892 3848 1135 3942 promissarum
1161 3845 1370 3920 offensarum
1396 3849 1636 3926 emendatione

228 3971 459 4044 venerabilem
477 3969 567 4068 (tic),
588 3981 667 4043 ante
680 3979 714 4043 et
733 3979 811 4066 post
832 3971 984 4065 ipsorum
1013 3991 1034 4042 a
1056 3969 1153 4041 curia
1177 3978 1293 4043 nostra
1315 3992 1491 4045 recessum
1513 3985 1636 4050 terram

228 4093 387 4168 Sardinia
407 4103 442 4166 et
457 4095 604 4168 Massam
626 4094 798 4168 Lunensis
815 4091 963 4168 diocesis
980 4113 1150 4187 occupare
1173 4091 1221 4166 ad
1239 4096 1427 4168 itomanam
1448 4098 1636 4174 Ecclesiam

230 4217 436 4309 pertinentes
459 4238 529 4289 non
552 4217 733 4307 omittens,
753 4217 828 4313 ipso
847 4217 937 4290 lacto
954 4237 999 4290 ne
1017 4217 1107 4288 ultra
1129 4217 1205 4310 ejnn
1222 4226 1482 4313 expectaremus
1506 4245 1638 4298 correc-

229 4339 356 4414 tionem
369 4339 521 4428 edocuit,
535 4361 578 4412 ac
593 4362 665 4412 non
680 4340 807 4416 debere
823 4339 929 4414 iidem
945 4339 1013 4412 sibi
1023 4339 1080 4412 vel
1096 4340 1170 4413 suis
1186 4341 1318 4412 nuntiis
1335 4341 1507 4438 adhiberi,
1523 4353 1638 4443 operis

230 4463 406 4538 evidentia
428 4463 691 4539 demonstravit.
715 4465 771 4538 Ex
797 4485 870 4559 quo
897 4463 983 4538 illud
1009 4465 1120 4538 solum
1142 4465 1180 4536 in
1202 4464 1409 4540 conscientia
1431 4491 1494 4542 sua
1517 4473 1637 4566 legens

231 4585 326 4681 quod
341 4609 401 4661 cor
417 4589 493 4680 ejus
512 4588 559 4664 ad
578 4589 805 4663 conterendas
822 4589 984 4662 ecclesias
1001 4599 1036 4663 et
1053 4588 1254 4662 catholicam
1276 4588 1380 4664 iidem
1398 4593 1570 4690 dirigitur,
1592 4599 1639 4672 de

232 4709 331 4784 nobis
347 4711 475 4807 quibus
494 4733 533 4786 se
547 4713 621 4806 jam
638 4733 860 4810 quocumque
875 4715 1006 4789 fraudis
1018 4715 1146 4789 vellere
1158 4715 1328 4789 occultare
1345 4738 1416 4791 non
1430 4729 1553 4818 potest,
1568 4745 1639 4799 ncn

167 4903 172 4912 ,
311 4833 349 4898 V.
1439 4852 1478 4904 ta
