<?xml version="1.0" encoding="UTF-8"?>
<!DOCTYPE html PUBLIC "-//W3C//DTD XHTML 1.0 Transitional//EN"
    "http://www.w3.org/TR/xhtml1/DTD/xhtml1-transitional.dtd">
<html xmlns="http://www.w3.org/1999/xhtml" xml:lang="en" lang="en">
 <head>
  <title>
</title>
<meta http-equiv="Content-Type" content="text/html;charset=utf-8" />
  <meta name='ocr-system' content='tesseract 3.04.00' />
  <meta name='ocr-capabilities' content='ocr_page ocr_carea ocr_par ocr_line ocrx_word'/>
</head>
<body>
  <div class='ocr_page' id='page_1' title='image "./historiadiploma02fredgoog_0617.png"; bbox 0 0 4262 5910; ppageno 0'>
   <div class='ocr_carea' id='block_1_1' title="bbox 494 589 1900 672">
    <p class='ocr_par' dir='ltr' id='par_1_1' title="bbox 494 589 1900 672">
     <span class='ocr_line' id='line_1_1' title="bbox 494 589 1900 672; baseline -0.007 -14"><span class='ocrx_word' id='word_1_1' title='bbox 494 593 556 658; x_wconf 74' lang='grc'>604</span> <span class='ocrx_word' id='word_1_2' title='bbox 994 593 1206 656; x_wconf 71' lang='lat' dir='ltr'>ratnsatct</span> <span class='ocrx_word' id='word_1_3' title='bbox 1232 593 1408 655; x_wconf 71' lang='lat' dir='ltr'>saccant</span> <span class='ocrx_word' id='word_1_4' title='bbox 1717 589 1797 672; x_wconf 79' lang='lat' dir='ltr'>[ltu.</span> <span class='ocrx_word' id='word_1_5' title='bbox 1815 589 1900 650; x_wconf 67' lang='lat' dir='ltr'>lm</span> 
     </span>
    </p>
   </div>
   <div class='ocr_carea' id='block_1_2' title="bbox 493 725 1901 1438">
    <p class='ocr_par' dir='ltr' id='par_1_2' title="bbox 493 725 1901 1447">
     <span class='ocr_line' id='line_1_2' title="bbox 496 725 1901 824; baseline -0.004 -21"><span class='ocrx_word' id='word_1_6' title='bbox 496 731 607 803; x_wconf 90' lang='lat' dir='ltr'>unciis</span> <span class='ocrx_word' id='word_1_7' title='bbox 626 729 703 802; x_wconf 89' lang='lat' dir='ltr'>anri</span> <span class='ocrx_word' id='word_1_8' title='bbox 723 728 877 820; x_wconf 81' lang='lat' dir='ltr'>OCCllll,</span> <span class='ocrx_word' id='word_1_9' title='bbox 901 727 948 801; x_wconf 91' lang='lat' dir='ltr'>ad</span> <span class='ocrx_word' id='word_1_10' title='bbox 969 731 1129 822; x_wconf 77' lang='lat' dir='ltr'>generale</span> <span class='ocrx_word' id='word_1_11' title='bbox 1154 729 1293 824; x_wconf 91' lang='lat' dir='ltr'>pondus</span> <span class='ocrx_word' id='word_1_12' title='bbox 1317 727 1434 821; x_wconf 75' lang='lat' dir='ltr'>regni,</span> <span class='ocrx_word' id='word_1_13' title='bbox 1460 727 1506 800; x_wconf 92' lang='lat' dir='ltr'>ad</span> <span class='ocrx_word' id='word_1_14' title='bbox 1527 728 1697 798; x_wconf 87' lang='lat' dir='ltr'>rationem</span> <span class='ocrx_word' id='word_1_15' title='bbox 1719 725 1766 798; x_wconf 91' lang='lat' dir='ltr'>de</span> <span class='ocrx_word' id='word_1_16' title='bbox 1786 725 1901 797; x_wconf 89' lang='lat' dir='ltr'>solidis</span> 
     </span>
     <span class='ocr_line' id='line_1_3' title="bbox 494 849 1900 948; baseline -0.003 -24"><span class='ocrx_word' id='word_1_17' title='bbox 494 855 648 948; x_wconf 90' lang='lat' dir='ltr'>quinque</span> <span class='ocrx_word' id='word_1_18' title='bbox 672 853 788 924; x_wconf 88' lang='lat' dir='ltr'>minus</span> <span class='ocrx_word' id='word_1_19' title='bbox 810 851 952 925; x_wconf 85' lang='lat' dir='ltr'>denario</span> <span class='ocrx_word' id='word_1_20' title='bbox 971 851 985 922; x_wconf 98' lang='grc'>1</span> <span class='ocrx_word' id='word_1_21' title='bbox 1002 873 1062 946; x_wconf 84' lang='lat' dir='ltr'>per</span> <span class='ocrx_word' id='word_1_22' title='bbox 1081 853 1241 942; x_wconf 73' lang='lat' dir='ltr'>nnciam,</span> <span class='ocrx_word' id='word_1_23' title='bbox 1268 851 1314 924; x_wconf 91' lang='lat' dir='ltr'>da</span> <span class='ocrx_word' id='word_1_24' title='bbox 1337 851 1467 944; x_wconf 88' lang='lat' dir='ltr'>quibus</span> <span class='ocrx_word' id='word_1_25' title='bbox 1494 850 1608 920; x_wconf 89' lang='lat' dir='ltr'>unciis</span> <span class='ocrx_word' id='word_1_26' title='bbox 1625 849 1844 944; x_wconf 82' lang='lat' dir='ltr'>promisimus</span> <span class='ocrx_word' id='word_1_27' title='bbox 1867 861 1900 920; x_wconf 92' lang='lat' dir='ltr'>et</span> 
     </span>
     <span class='ocr_line' id='line_1_4' title="bbox 494 971 1900 1068; baseline -0.005 -19"><span class='ocrx_word' id='word_1_28' title='bbox 494 977 719 1050; x_wconf 73' lang='lat' dir='ltr'><strong>convenimus</strong></span> <span class='ocrx_word' id='word_1_29' title='bbox 735 976 786 1048; x_wconf 89' lang='lat' dir='ltr'>eis</span> <span class='ocrx_word' id='word_1_30' title='bbox 804 975 899 1068; x_wconf 90' lang='lat' dir='ltr'>quod</span> <span class='ocrx_word' id='word_1_31' title='bbox 913 975 1067 1046; x_wconf 82' lang='lat' dir='ltr'>Marinus</span> <span class='ocrx_word' id='word_1_32' title='bbox 1082 974 1127 1046; x_wconf 93' lang='lat' dir='ltr'>de</span> <span class='ocrx_word' id='word_1_33' title='bbox 1144 975 1257 1062; x_wconf 84' lang='lat' dir='ltr'>Valle,</span> <span class='ocrx_word' id='word_1_34' title='bbox 1274 973 1430 1066; x_wconf 74' lang='lat' dir='ltr'>Angelus</span> <span class='ocrx_word' id='word_1_35' title='bbox 1445 971 1491 1045; x_wconf 94' lang='lat' dir='ltr'>de</span> <span class='ocrx_word' id='word_1_36' title='bbox 1504 973 1615 1045; x_wconf 80' lang='lat' dir='ltr'>llarra</span> <span class='ocrx_word' id='word_1_37' title='bbox 1633 983 1669 1043; x_wconf 92' lang='lat' dir='ltr'>et</span> <span class='ocrx_word' id='word_1_38' title='bbox 1683 972 1900 1043; x_wconf 84' lang='lat' dir='ltr'>llniranonus</span> 
     </span>
     <span class='ocr_line' id='line_1_5' title="bbox 494 1093 1899 1190; baseline -0.005 -16"><span class='ocrx_word' id='word_1_39' title='bbox 494 1100 539 1174; x_wconf 90' lang='lat' dir='ltr'>de</span> <span class='ocrx_word' id='word_1_40' title='bbox 556 1101 674 1186; x_wconf 83' lang='lat' dir='ltr'>Porta,</span> <span class='ocrx_word' id='word_1_41' title='bbox 697 1097 857 1170; x_wconf 73' lang='lat' dir='ltr'>custodes</span> <span class='ocrx_word' id='word_1_42' title='bbox 879 1097 980 1169; x_wconf 85' lang='lat' dir='ltr'>erarii</span> <span class='ocrx_word' id='word_1_43' title='bbox 1003 1097 1111 1169; x_wconf 79' lang='lat' dir='ltr'>nostri</span> <span class='ocrx_word' id='word_1_44' title='bbox 1136 1097 1324 1170; x_wconf 70' lang='lat' dir='ltr'>silvatoris</span> <span class='ocrx_word' id='word_1_45' title='bbox 1341 1095 1389 1170; x_wconf 88' lang='lat' dir='ltr'>ad</span> <span class='ocrx_word' id='word_1_46' title='bbox 1413 1095 1575 1169; x_wconf 85' lang='lat' dir='ltr'>maredo</span> <span class='ocrx_word' id='word_1_47' title='bbox 1598 1096 1758 1190; x_wconf 78' lang='lat' dir='ltr'>Neapoli,</span> <span class='ocrx_word' id='word_1_48' title='bbox 1780 1093 1899 1167; x_wconf 81' lang='lat' dir='ltr'>lideles</span> 
     </span>
     <span class='ocr_line' id='line_1_6' title="bbox 493 1219 1900 1316; baseline -0.003 -22"><span class='ocrx_word' id='word_1_49' title='bbox 493 1221 613 1312; x_wconf 89' lang='lat' dir='ltr'>nostri,</span> <span class='ocrx_word' id='word_1_50' title='bbox 635 1221 680 1294; x_wconf 90' lang='lat' dir='ltr'>de</span> <span class='ocrx_word' id='word_1_51' title='bbox 698 1221 844 1316; x_wconf 89' lang='lat' dir='ltr'>pecunia</span> <span class='ocrx_word' id='word_1_52' title='bbox 858 1219 1015 1311; x_wconf 86' lang='lat' dir='ltr'>ejusdem</span> <span class='ocrx_word' id='word_1_53' title='bbox 1031 1221 1132 1292; x_wconf 87' lang='lat' dir='ltr'>erarii</span> <span class='ocrx_word' id='word_1_54' title='bbox 1152 1221 1258 1292; x_wconf 80' lang='lat' dir='ltr'>nostri</span> <span class='ocrx_word' id='word_1_55' title='bbox 1272 1242 1342 1315; x_wconf 92' lang='lat' dir='ltr'>qne</span> <span class='ocrx_word' id='word_1_56' title='bbox 1357 1229 1409 1292; x_wconf 88' lang='lat' dir='ltr'>est</span> <span class='ocrx_word' id='word_1_57' title='bbox 1424 1241 1487 1315; x_wconf 90' lang='lat' dir='ltr'>por</span> <span class='ocrx_word' id='word_1_58' title='bbox 1504 1241 1627 1291; x_wconf 89' lang='lat' dir='ltr'>manns</span> <span class='ocrx_word' id='word_1_59' title='bbox 1648 1241 1766 1291; x_wconf 90' lang='lat' dir='ltr'>eornm</span> <span class='ocrx_word' id='word_1_60' title='bbox 1789 1219 1824 1289; x_wconf 93' lang='lat' dir='ltr'>in</span> <span class='ocrx_word' id='word_1_61' title='bbox 1842 1219 1900 1290; x_wconf 87' lang='lat' dir='ltr'>ka·</span> 
     </span>
     <span class='ocr_line' id='line_1_7' title="bbox 493 1341 1898 1438; baseline -0.002 -21"><span class='ocrx_word' id='word_1_62' title='bbox 493 1345 604 1418; x_wconf 91' lang='lat' dir='ltr'>lendis</span> <span class='ocrx_word' id='word_1_63' title='bbox 623 1344 752 1416; x_wconf 85' lang='lat' dir='ltr'>mensis</span> <span class='ocrx_word' id='word_1_64' title='bbox 768 1343 885 1438; x_wconf 80' lang='lat' dir='ltr'>aprilis</span> <span class='ocrx_word' id='word_1_65' title='bbox 905 1342 1010 1436; x_wconf 84' lang='lat' dir='ltr'>primi</span> <span class='ocrx_word' id='word_1_66' title='bbox 1029 1343 1135 1414; x_wconf 87' lang='lat' dir='ltr'>loturi</span> <span class='ocrx_word' id='word_1_67' title='bbox 1156 1343 1239 1416; x_wconf 91' lang='lat' dir='ltr'>anni</span> <span class='ocrx_word' id='word_1_68' title='bbox 1257 1343 1416 1416; x_wconf 87' lang='lat' dir='ltr'>instantis</span> <span class='ocrx_word' id='word_1_69' title='bbox 1436 1342 1513 1414; x_wconf 85' lang='lat' dir='ltr'>Xlll</span> <span class='ocrx_word' id='word_1_70' title='bbox 1532 1341 1748 1428; x_wconf 87' lang='lat' dir='ltr'>indictionis,</span> <span class='ocrx_word' id='word_1_71' title='bbox 1770 1363 1898 1414; x_wconf 85' lang='lat' dir='ltr'>merca·</span> 
     </span>
    </p>
   </div>
   <div class='ocr_carea' id='block_1_3' title="bbox 491 1465 1902 4774">
    <p class='ocr_par' dir='ltr' id='par_1_3' title="bbox 491 1465 1902 2420">
     <span class='ocr_line' id='line_1_8' title="bbox 493 1465 1902 1562; baseline -0.004 -21"><span class='ocrx_word' id='word_1_72' title='bbox 493 1478 583 1541; x_wconf 84' lang='lat' dir='ltr'>tores</span> <span class='ocrx_word' id='word_1_73' title='bbox 603 1465 773 1562; x_wconf 89' lang='lat' dir='ltr'>predictos</span> <span class='ocrx_word' id='word_1_74' title='bbox 794 1467 849 1538; x_wconf 92' lang='lat' dir='ltr'>vel</span> <span class='ocrx_word' id='word_1_75' title='bbox 872 1465 1016 1537; x_wconf 83' lang='lat' dir='ltr'>allorum</span> <span class='ocrx_word' id='word_1_76' title='bbox 1039 1487 1177 1556; x_wconf 89' lang='lat' dir='ltr'>eornm,</span> <span class='ocrx_word' id='word_1_77' title='bbox 1204 1467 1280 1538; x_wconf 87' lang='lat' dir='ltr'>aive</span> <span class='ocrx_word' id='word_1_78' title='bbox 1301 1475 1432 1537; x_wconf 73' lang='lat' dir='ltr'>cenum</span> <span class='ocrx_word' id='word_1_79' title='bbox 1460 1466 1626 1536; x_wconf 90' lang='lat' dir='ltr'>nuncium</span> <span class='ocrx_word' id='word_1_80' title='bbox 1651 1485 1713 1537; x_wconf 88' lang='lat' dir='ltr'>seu</span> <span class='ocrx_word' id='word_1_81' title='bbox 1735 1485 1902 1560; x_wconf 88' lang='lat' dir='ltr'>procura-</span> 
     </span>
     <span class='ocr_line' id='line_1_9' title="bbox 493 1587 1897 1683; baseline -0.001 -21"><span class='ocrx_word' id='word_1_82' title='bbox 493 1599 602 1663; x_wconf 90' lang='lat' dir='ltr'>torem</span> <span class='ocrx_word' id='word_1_83' title='bbox 626 1610 746 1661; x_wconf 88' lang='lat' dir='ltr'>eornm</span> <span class='ocrx_word' id='word_1_84' title='bbox 765 1589 841 1660; x_wconf 90' lang='lat' dir='ltr'>sino</span> <span class='ocrx_word' id='word_1_85' title='bbox 861 1587 997 1660; x_wconf 87' lang='lat' dir='ltr'>delectu</span> <span class='ocrx_word' id='word_1_86' title='bbox 1019 1597 1055 1660; x_wconf 91' lang='lat' dir='ltr'>et</span> <span class='ocrx_word' id='word_1_87' title='bbox 1077 1589 1216 1682; x_wconf 89' lang='lat' dir='ltr'>majoris</span> <span class='ocrx_word' id='word_1_88' title='bbox 1238 1611 1334 1662; x_wconf 90' lang='lat' dir='ltr'>moro</span> <span class='ocrx_word' id='word_1_89' title='bbox 1356 1588 1541 1683; x_wconf 88' lang='lat' dir='ltr'>dispendio</span> <span class='ocrx_word' id='word_1_90' title='bbox 1561 1588 1712 1660; x_wconf 69' lang='lat' dir='ltr'>debent</span> <span class='ocrx_word' id='word_1_91' title='bbox 1730 1589 1897 1682; x_wconf 82' lang='lat' dir='ltr'>quietare.</span> 
     </span>
     <span class='ocr_line' id='line_1_10' title="bbox 493 1711 1899 1807; baseline -0.001 -21"><span class='ocrx_word' id='word_1_92' title='bbox 493 1715 528 1786; x_wconf 90' lang='lat' dir='ltr'>Si</span> <span class='ocrx_word' id='word_1_93' title='bbox 545 1734 641 1800; x_wconf 90' lang='lat' dir='ltr'>vero,</span> <span class='ocrx_word' id='word_1_94' title='bbox 657 1711 752 1806; x_wconf 90' lang='lat' dir='ltr'>quod</span> <span class='ocrx_word' id='word_1_95' title='bbox 764 1712 904 1784; x_wconf 89' lang='lat' dir='ltr'>omnino</span> <span class='ocrx_word' id='word_1_96' title='bbox 919 1711 1093 1802; x_wconf 92' lang='lat' dir='ltr'>nolumus,</span> <span class='ocrx_word' id='word_1_97' title='bbox 1112 1713 1229 1807; x_wconf 86' lang='lat' dir='ltr'>aliquo</span> <span class='ocrx_word' id='word_1_98' title='bbox 1245 1712 1423 1786; x_wconf 86' lang='lat' dir='ltr'>accidente</span> <span class='ocrx_word' id='word_1_99' title='bbox 1439 1735 1521 1784; x_wconf 90' lang='lat' dir='ltr'>casn</span> <span class='ocrx_word' id='word_1_100' title='bbox 1536 1713 1712 1806; x_wconf 86' lang='lat' dir='ltr'>predictus</span> <span class='ocrx_word' id='word_1_101' title='bbox 1722 1712 1899 1784; x_wconf 83' lang='lat' dir='ltr'>solutionis</span> 
     </span>
     <span class='ocr_line' id='line_1_11' title="bbox 492 1833 1899 1930; baseline -0.003 -20"><span class='ocrx_word' id='word_1_102' title='bbox 492 1837 660 1910; x_wconf 85' lang='lat' dir='ltr'>terminus</span> <span class='ocrx_word' id='word_1_103' title='bbox 678 1835 914 1930; x_wconf 83' lang='lat' dir='ltr'>pertransiret,</span> <span class='ocrx_word' id='word_1_104' title='bbox 940 1833 1069 1905; x_wconf 91' lang='lat' dir='ltr'>deinde</span> <span class='ocrx_word' id='word_1_105' title='bbox 1093 1833 1130 1904; x_wconf 93' lang='lat' dir='ltr'>in</span> <span class='ocrx_word' id='word_1_106' title='bbox 1154 1848 1255 1906; x_wconf 87' lang='lat' dir='ltr'>antea</span> <span class='ocrx_word' id='word_1_107' title='bbox 1281 1834 1450 1929; x_wconf 88' lang='lat' dir='ltr'>quamdin</span> <span class='ocrx_word' id='word_1_108' title='bbox 1469 1835 1593 1906; x_wconf 88' lang='lat' dir='ltr'>solutio</span> <span class='ocrx_word' id='word_1_109' title='bbox 1615 1833 1825 1923; x_wconf 74' lang='lat' dir='ltr'>differetur,</span> <span class='ocrx_word' id='word_1_110' title='bbox 1854 1833 1899 1906; x_wconf 92' lang='lat' dir='ltr'>de</span> 
     </span>
     <span class='ocr_line' id='line_1_12' title="bbox 492 1955 1898 2052; baseline -0.003 -21"><span class='ocrx_word' id='word_1_111' title='bbox 492 1959 639 2050; x_wconf 77' lang='lat' dir='ltr'>singulis</span> <span class='ocrx_word' id='word_1_112' title='bbox 660 1969 798 2030; x_wconf 92' lang='lat' dir='ltr'>centum</span> <span class='ocrx_word' id='word_1_113' title='bbox 821 1955 934 2028; x_wconf 90' lang='lat' dir='ltr'>unciis</span> <span class='ocrx_word' id='word_1_114' title='bbox 961 1967 1029 2028; x_wconf 88' lang='lat' dir='ltr'>tres</span> <span class='ocrx_word' id='word_1_115' title='bbox 1053 1957 1175 2030; x_wconf 85' lang='lat' dir='ltr'>uncias</span> <span class='ocrx_word' id='word_1_116' title='bbox 1203 1957 1279 2028; x_wconf 90' lang='lat' dir='ltr'>auri</span> <span class='ocrx_word' id='word_1_117' title='bbox 1302 1956 1349 2030; x_wconf 89' lang='lat' dir='ltr'>ad</span> <span class='ocrx_word' id='word_1_118' title='bbox 1371 1958 1532 2050; x_wconf 80' lang='lat' dir='ltr'>generale</span> <span class='ocrx_word' id='word_1_119' title='bbox 1553 1957 1692 2052; x_wconf 90' lang='lat' dir='ltr'>pondus</span> <span class='ocrx_word' id='word_1_120' title='bbox 1716 1956 1813 2050; x_wconf 77' lang='lat' dir='ltr'>regni</span> <span class='ocrx_word' id='word_1_121' title='bbox 1839 1977 1898 2050; x_wconf 91' lang='lat' dir='ltr'>per</span> 
     </span>
     <span class='ocr_line' id='line_1_13' title="bbox 493 2078 1898 2176; baseline -0.001 -22"><span class='ocrx_word' id='word_1_122' title='bbox 493 2103 645 2156; x_wconf 89' lang='lat' dir='ltr'>mensem</span> <span class='ocrx_word' id='word_1_123' title='bbox 663 2079 809 2176; x_wconf 89' lang='lat' dir='ltr'>predicti</span> <span class='ocrx_word' id='word_1_124' title='bbox 825 2078 986 2152; x_wconf 87' lang='lat' dir='ltr'>custodes</span> <span class='ocrx_word' id='word_1_125' title='bbox 1001 2079 1100 2150; x_wconf 81' lang='lat' dir='ltr'>erarii</span> <span class='ocrx_word' id='word_1_126' title='bbox 1120 2081 1227 2152; x_wconf 89' lang='lat' dir='ltr'>nostri</span> <span class='ocrx_word' id='word_1_127' title='bbox 1244 2081 1296 2152; x_wconf 87' lang='lat' dir='ltr'>eis</span> <span class='ocrx_word' id='word_1_128' title='bbox 1312 2082 1446 2154; x_wconf 67' lang='lat' dir='ltr'>solvas</span> <span class='ocrx_word' id='word_1_129' title='bbox 1464 2091 1624 2154; x_wconf 77' lang='lat' dir='ltr'>tenemur</span> <span class='ocrx_word' id='word_1_130' title='bbox 1640 2091 1675 2151; x_wconf 87' lang='lat' dir='ltr'>et</span> <span class='ocrx_word' id='word_1_131' title='bbox 1692 2079 1822 2152; x_wconf 87' lang='lat' dir='ltr'>debent</span> <span class='ocrx_word' id='word_1_132' title='bbox 1838 2101 1898 2174; x_wconf 85' lang='lat' dir='ltr'>pro</span> 
     </span>
     <span class='ocr_line' id='line_1_14' title="bbox 492 2201 1899 2300; baseline -0.001 -22"><span class='ocrx_word' id='word_1_133' title='bbox 492 2205 652 2300; x_wconf 89' lang='lat' dir='ltr'>dampnis</span> <span class='ocrx_word' id='word_1_134' title='bbox 672 2214 708 2278; x_wconf 91' lang='lat' dir='ltr'>et</span> <span class='ocrx_word' id='word_1_135' title='bbox 735 2203 920 2290; x_wconf 82' lang='lat' dir='ltr'>interesse,</span> <span class='ocrx_word' id='word_1_136' title='bbox 947 2211 983 2274; x_wconf 89' lang='lat' dir='ltr'>et</span> <span class='ocrx_word' id='word_1_137' title='bbox 1009 2201 1251 2275; x_wconf 87' lang='lat' dir='ltr'>nichilominus</span> <span class='ocrx_word' id='word_1_138' title='bbox 1276 2204 1410 2296; x_wconf 70' lang='lat' dir='ltr'>integra</span> <span class='ocrx_word' id='word_1_139' title='bbox 1434 2213 1469 2276; x_wconf 87' lang='lat' dir='ltr'>et</span> <span class='ocrx_word' id='word_1_140' title='bbox 1495 2227 1575 2275; x_wconf 93' lang='lat' dir='ltr'>cum</span> <span class='ocrx_word' id='word_1_141' title='bbox 1607 2204 1701 2275; x_wconf 91' lang='lat' dir='ltr'>omni</span> <span class='ocrx_word' id='word_1_142' title='bbox 1730 2204 1899 2276; x_wconf 79' lang='lat' dir='ltr'>celeritate</span> 
     </span>
     <span class='ocr_line' id='line_1_15' title="bbox 491 2325 1436 2420; baseline -0.002 -18"><span class='ocrx_word' id='word_1_143' title='bbox 491 2329 624 2402; x_wconf 90' lang='lat' dir='ltr'>solvere</span> <span class='ocrx_word' id='word_1_144' title='bbox 640 2327 760 2398; x_wconf 89' lang='lat' dir='ltr'>uncias</span> <span class='ocrx_word' id='word_1_145' title='bbox 776 2325 1003 2420; x_wconf 82' lang='lat' dir='ltr'>supradictas.</span> <span class='ocrx_word' id='word_1_146' title='bbox 1025 2325 1081 2398; x_wconf 82' lang='lat' dir='ltr'>Ad</span> <span class='ocrx_word' id='word_1_147' title='bbox 1096 2325 1201 2418; x_wconf 86' lang='lat' dir='ltr'>hujus</span> <span class='ocrx_word' id='word_1_148' title='bbox 1218 2337 1348 2415; x_wconf 70' lang='lat' dir='ltr'>anoem,</span> <span class='ocrx_word' id='word_1_149' title='bbox 1368 2337 1436 2400; x_wconf 88' lang='lat' dir='ltr'>etc.</span> 
     </span>
    </p>

    <p class='ocr_par' dir='ltr' id='par_1_4' title="bbox 540 2447 1458 2542">
     <span class='ocr_line' id='line_1_16' title="bbox 540 2447 1458 2542; baseline -0.003 -17"><span class='ocrx_word' id='word_1_150' title='bbox 540 2455 665 2525; x_wconf 84' lang='lat' dir='ltr'>Datum</span> <span class='ocrx_word' id='word_1_151' title='bbox 684 2451 784 2542; x_wconf 90' lang='lat' dir='ltr'>Pisis,</span> <span class='ocrx_word' id='word_1_152' title='bbox 804 2450 914 2522; x_wconf 87' lang='lat' dir='ltr'>XXIV</span> <span class='ocrx_word' id='word_1_153' title='bbox 928 2447 1131 2540; x_wconf 85' lang='lat' dir='ltr'>decembris,</span> <span class='ocrx_word' id='word_1_154' title='bbox 1152 2451 1231 2522; x_wconf 85' lang='lat' dir='ltr'>Xlll</span> <span class='ocrx_word' id='word_1_155' title='bbox 1249 2451 1458 2524; x_wconf 88' lang='lat' dir='ltr'>indictionis.</span> 
     </span>
    </p>

    <p class='ocr_par' dir='ltr' id='par_1_5' title="bbox 491 2573 1897 4646">
     <span class='ocr_line' id='line_1_17' title="bbox 540 2573 1897 2669; baseline -0.001 -21"><span class='ocrx_word' id='word_1_156' title='bbox 540 2577 624 2648; x_wconf 87' lang='lat' dir='ltr'>ltem</span> <span class='ocrx_word' id='word_1_157' title='bbox 643 2573 780 2669; x_wconf 90' lang='lat' dir='ltr'>scripsit</span> <span class='ocrx_word' id='word_1_158' title='bbox 796 2573 933 2646; x_wconf 78' lang='lat' dir='ltr'>lictores</span> <span class='ocrx_word' id='word_1_159' title='bbox 954 2574 1091 2646; x_wconf 88' lang='lat' dir='ltr'>clausas</span> <span class='ocrx_word' id='word_1_160' title='bbox 1110 2573 1157 2646; x_wconf 93' lang='lat' dir='ltr'>ad</span> <span class='ocrx_word' id='word_1_161' title='bbox 1176 2573 1348 2668; x_wconf 89' lang='lat' dir='ltr'>predictos</span> <span class='ocrx_word' id='word_1_162' title='bbox 1368 2573 1529 2648; x_wconf 89' lang='lat' dir='ltr'>custodes</span> <span class='ocrx_word' id='word_1_163' title='bbox 1549 2573 1650 2646; x_wconf 84' lang='lat' dir='ltr'>erarii</span> <span class='ocrx_word' id='word_1_164' title='bbox 1666 2575 1702 2646; x_wconf 94' lang='lat' dir='ltr'>in</span> <span class='ocrx_word' id='word_1_165' title='bbox 1724 2593 1766 2646; x_wconf 89' lang='lat' dir='ltr'>oa</span> <span class='ocrx_word' id='word_1_166' title='bbox 1792 2573 1897 2646; x_wconf 78' lang='lat' dir='ltr'>forma</span> 
     </span>
     <span class='ocr_line' id='line_1_18' title="bbox 491 2695 1896 2794; baseline -0.001 -24"><span class='ocrx_word' id='word_1_167' title='bbox 491 2721 553 2794; x_wconf 90' lang='lat' dir='ltr'>per</span> <span class='ocrx_word' id='word_1_168' title='bbox 580 2697 697 2770; x_wconf 91' lang='lat' dir='ltr'>omnia</span> <span class='ocrx_word' id='word_1_169' title='bbox 723 2718 837 2789; x_wconf 91' lang='lat' dir='ltr'>usque</span> <span class='ocrx_word' id='word_1_170' title='bbox 860 2695 911 2768; x_wconf 80' lang='lat' dir='ltr'>Ad</span> <span class='ocrx_word' id='word_1_171' title='bbox 936 2697 1039 2789; x_wconf 74' lang='lat' dir='ltr'>tejas</span> <span class='ocrx_word' id='word_1_172' title='bbox 1065 2707 1189 2768; x_wconf 68' lang='lat' dir='ltr'>mem.</span> <span class='ocrx_word' id='word_1_173' title='bbox 1214 2697 1330 2782; x_wconf 88' lang='lat' dir='ltr'>Quare</span> <span class='ocrx_word' id='word_1_174' title='bbox 1353 2695 1509 2770; x_wconf 84' lang='lat' dir='ltr'>fidelilati</span> <span class='ocrx_word' id='word_1_175' title='bbox 1538 2705 1652 2770; x_wconf 90' lang='lat' dir='ltr'>vestre</span> <span class='ocrx_word' id='word_1_176' title='bbox 1680 2695 1896 2791; x_wconf 79' lang='lat' dir='ltr'>precipiendo</span> 
     </span>
     <span class='ocr_line' id='line_1_19' title="bbox 491 2819 1896 2915; baseline -0.002 -21"><span class='ocrx_word' id='word_1_177' title='bbox 491 2821 697 2894; x_wconf 86' lang='lat' dir='ltr'>mandamns</span> <span class='ocrx_word' id='word_1_178' title='bbox 712 2828 900 2915; x_wconf 84' lang='lat' dir='ltr'>qnatenus,</span> <span class='ocrx_word' id='word_1_179' title='bbox 921 2819 1129 2893; x_wconf 86' lang='lat' dir='ltr'>adveniente</span> <span class='ocrx_word' id='word_1_180' title='bbox 1150 2821 1295 2894; x_wconf 86' lang='lat' dir='ltr'>termino</span> <span class='ocrx_word' id='word_1_181' title='bbox 1312 2819 1529 2915; x_wconf 87' lang='lat' dir='ltr'>supradicto,</span> <span class='ocrx_word' id='word_1_182' title='bbox 1551 2819 1714 2914; x_wconf 87' lang='lat' dir='ltr'>predictis</span> <span class='ocrx_word' id='word_1_183' title='bbox 1734 2828 1896 2892; x_wconf 66' lang='lat' dir='ltr'>macalo-</span> 
     </span>
     <span class='ocr_line' id='line_1_20' title="bbox 492 2942 1896 3040; baseline -0.004 -22"><span class='ocrx_word' id='word_1_184' title='bbox 492 2945 590 3018; x_wconf 88' lang='lat' dir='ltr'>ribns</span> <span class='ocrx_word' id='word_1_185' title='bbox 611 2945 667 3017; x_wconf 91' lang='lat' dir='ltr'>vel</span> <span class='ocrx_word' id='word_1_186' title='bbox 691 2943 787 3017; x_wconf 86' lang='lat' dir='ltr'>alteri</span> <span class='ocrx_word' id='word_1_187' title='bbox 809 2964 929 3016; x_wconf 90' lang='lat' dir='ltr'>eorum</span> <span class='ocrx_word' id='word_1_188' title='bbox 952 2943 1028 3016; x_wconf 91' lang='lat' dir='ltr'>sive</span> <span class='ocrx_word' id='word_1_189' title='bbox 1051 2952 1145 3016; x_wconf 90' lang='lat' dir='ltr'>certo</span> <span class='ocrx_word' id='word_1_190' title='bbox 1167 2943 1295 3017; x_wconf 95' lang='lat' dir='ltr'>nuncio</span> <span class='ocrx_word' id='word_1_191' title='bbox 1315 2953 1351 3016; x_wconf 87' lang='lat' dir='ltr'>st</span> <span class='ocrx_word' id='word_1_192' title='bbox 1370 2943 1585 3040; x_wconf 84' lang='lat' dir='ltr'>procuratori</span> <span class='ocrx_word' id='word_1_193' title='bbox 1606 2942 1758 3038; x_wconf 81' lang='lat' dir='ltr'>ipsonnn</span> <span class='ocrx_word' id='word_1_194' title='bbox 1780 2962 1896 3037; x_wconf 90' lang='lat' dir='ltr'>snpra·</span> 
     </span>
     <span class='ocr_line' id='line_1_21' title="bbox 492 3063 1895 3164; baseline -0.005 -22"><span class='ocrx_word' id='word_1_195' title='bbox 492 3069 602 3142; x_wconf 88' lang='lat' dir='ltr'>dictas</span> <span class='ocrx_word' id='word_1_196' title='bbox 627 3067 747 3140; x_wconf 90' lang='lat' dir='ltr'>uncias</span> <span class='ocrx_word' id='word_1_197' title='bbox 770 3067 847 3140; x_wconf 86' lang='lat' dir='ltr'>anri</span> <span class='ocrx_word' id='word_1_198' title='bbox 864 3065 999 3138; x_wconf 90' lang='lat' dir='ltr'>CCCllll</span> <span class='ocrx_word' id='word_1_199' title='bbox 1023 3065 1070 3140; x_wconf 91' lang='lat' dir='ltr'>ad</span> <span class='ocrx_word' id='word_1_200' title='bbox 1097 3067 1257 3160; x_wconf 79' lang='lat' dir='ltr'>generale</span> <span class='ocrx_word' id='word_1_201' title='bbox 1279 3065 1417 3164; x_wconf 89' lang='lat' dir='ltr'>pondus</span> <span class='ocrx_word' id='word_1_202' title='bbox 1436 3066 1535 3160; x_wconf 80' lang='lat' dir='ltr'>regui</span> <span class='ocrx_word' id='word_1_203' title='bbox 1559 3065 1605 3140; x_wconf 90' lang='lat' dir='ltr'>de</span> <span class='ocrx_word' id='word_1_204' title='bbox 1629 3065 1777 3160; x_wconf 85' lang='lat' dir='ltr'>pecnnia</span> <span class='ocrx_word' id='word_1_205' title='bbox 1799 3063 1895 3136; x_wconf 84' lang='lat' dir='ltr'>erarii</span> 
     </span>
     <span class='ocr_line' id='line_1_22' title="bbox 492 3184 1894 3286; baseline -0.006 -22"><span class='ocrx_word' id='word_1_206' title='bbox 492 3192 685 3286; x_wconf 71' lang='lat' dir='ltr'>noscique</span> <span class='ocrx_word' id='word_1_207' title='bbox 702 3201 831 3286; x_wconf 88' lang='lat' dir='ltr'>estper</span> <span class='ocrx_word' id='word_1_208' title='bbox 848 3212 971 3263; x_wconf 90' lang='lat' dir='ltr'>manns</span> <span class='ocrx_word' id='word_1_209' title='bbox 991 3200 1123 3264; x_wconf 88' lang='lat' dir='ltr'>vestras</span> <span class='ocrx_word' id='word_1_210' title='bbox 1138 3191 1214 3264; x_wconf 89' lang='lat' dir='ltr'>sino</span> <span class='ocrx_word' id='word_1_211' title='bbox 1231 3189 1366 3264; x_wconf 84' lang='lat' dir='ltr'>defectu</span> <span class='ocrx_word' id='word_1_212' title='bbox 1387 3198 1423 3262; x_wconf 88' lang='lat' dir='ltr'>ct</span> <span class='ocrx_word' id='word_1_213' title='bbox 1444 3189 1583 3282; x_wconf 86' lang='lat' dir='ltr'>majoris</span> <span class='ocrx_word' id='word_1_214' title='bbox 1602 3209 1698 3261; x_wconf 88' lang='lat' dir='ltr'>more</span> <span class='ocrx_word' id='word_1_215' title='bbox 1716 3184 1894 3282; x_wconf 90' lang='lat' dir='ltr'>dispendio</span> 
     </span>
     <span class='ocr_line' id='line_1_23' title="bbox 493 3308 1893 3411; baseline -0.006 -23"><span class='ocrx_word' id='word_1_216' title='bbox 493 3315 707 3411; x_wconf 83' lang='lat' dir='ltr'>persolvatis,</span> <span class='ocrx_word' id='word_1_217' title='bbox 726 3323 761 3387; x_wconf 91' lang='lat' dir='ltr'>el</span> <span class='ocrx_word' id='word_1_218' title='bbox 772 3314 802 3386; x_wconf 89' lang='lat' dir='ltr'>si</span> <span class='ocrx_word' id='word_1_219' title='bbox 816 3314 901 3387; x_wconf 89' lang='lat' dir='ltr'>lortc</span> <span class='ocrx_word' id='word_1_220' title='bbox 914 3323 954 3385; x_wconf 94' lang='lat' dir='ltr'>ut</span> <span class='ocrx_word' id='word_1_221' title='bbox 972 3313 1165 3410; x_wconf 88' lang='lat' dir='ltr'>predictum</span> <span class='ocrx_word' id='word_1_222' title='bbox 1179 3323 1250 3406; x_wconf 92' lang='lat' dir='ltr'>est,</span> <span class='ocrx_word' id='word_1_223' title='bbox 1268 3315 1385 3409; x_wconf 89' lang='lat' dir='ltr'>aliquo</span> <span class='ocrx_word' id='word_1_224' title='bbox 1401 3311 1580 3386; x_wconf 89' lang='lat' dir='ltr'>accidente</span> <span class='ocrx_word' id='word_1_225' title='bbox 1598 3333 1699 3402; x_wconf 88' lang='lat' dir='ltr'>casu,</span> <span class='ocrx_word' id='word_1_226' title='bbox 1713 3308 1809 3404; x_wconf 91' lang='lat' dir='ltr'>qnod</span> <span class='ocrx_word' id='word_1_227' title='bbox 1822 3330 1893 3381; x_wconf 92' lang='lat' dir='ltr'>om·</span> 
     </span>
     <span class='ocr_line' id='line_1_24' title="bbox 492 3433 1896 3532; baseline -0.006 -22"><span class='ocrx_word' id='word_1_228' title='bbox 492 3439 576 3510; x_wconf 93' lang='lat' dir='ltr'>nino</span> <span class='ocrx_word' id='word_1_229' title='bbox 596 3439 775 3528; x_wconf 89' lang='lat' dir='ltr'>nolumus,</span> <span class='ocrx_word' id='word_1_230' title='bbox 793 3437 973 3510; x_wconf 90' lang='lat' dir='ltr'>solutionis</span> <span class='ocrx_word' id='word_1_231' title='bbox 992 3437 1101 3532; x_wconf 89' lang='lat' dir='ltr'>ipsius</span> <span class='ocrx_word' id='word_1_232' title='bbox 1116 3437 1284 3510; x_wconf 90' lang='lat' dir='ltr'>terminus</span> <span class='ocrx_word' id='word_1_233' title='bbox 1300 3435 1512 3526; x_wconf 80' lang='lat' dir='ltr'>didenetnr,</span> <span class='ocrx_word' id='word_1_234' title='bbox 1538 3433 1584 3508; x_wconf 91' lang='lat' dir='ltr'>de</span> <span class='ocrx_word' id='word_1_235' title='bbox 1599 3434 1745 3528; x_wconf 79' lang='lat' dir='ltr'>singulis</span> <span class='ocrx_word' id='word_1_236' title='bbox 1763 3441 1896 3504; x_wconf 85' lang='lat' dir='ltr'>centnm</span> 
     </span>
     <span class='ocr_line' id='line_1_25' title="bbox 492 3553 1896 3654; baseline -0.007 -20"><span class='ocrx_word' id='word_1_237' title='bbox 492 3561 606 3634; x_wconf 91' lang='lat' dir='ltr'>unciis</span> <span class='ocrx_word' id='word_1_238' title='bbox 627 3569 695 3632; x_wconf 84' lang='lat' dir='ltr'>tres</span> <span class='ocrx_word' id='word_1_239' title='bbox 714 3559 835 3632; x_wconf 88' lang='lat' dir='ltr'>uncias</span> <span class='ocrx_word' id='word_1_240' title='bbox 855 3560 932 3631; x_wconf 90' lang='lat' dir='ltr'>auri</span> <span class='ocrx_word' id='word_1_241' title='bbox 953 3557 1000 3632; x_wconf 87' lang='lat' dir='ltr'>ad</span> <span class='ocrx_word' id='word_1_242' title='bbox 1023 3559 1183 3652; x_wconf 78' lang='lat' dir='ltr'>generale</span> <span class='ocrx_word' id='word_1_243' title='bbox 1200 3557 1336 3654; x_wconf 89' lang='lat' dir='ltr'>pondus</span> <span class='ocrx_word' id='word_1_244' title='bbox 1354 3581 1415 3654; x_wconf 89' lang='lat' dir='ltr'>per</span> <span class='ocrx_word' id='word_1_245' title='bbox 1436 3578 1606 3648; x_wconf 88' lang='lat' dir='ltr'>mensem,</span> <span class='ocrx_word' id='word_1_246' title='bbox 1628 3555 1673 3629; x_wconf 92' lang='lat' dir='ltr'>de</span> <span class='ocrx_word' id='word_1_247' title='bbox 1697 3553 1819 3628; x_wconf 88' lang='lat' dir='ltr'>eadem</span> <span class='ocrx_word' id='word_1_248' title='bbox 1837 3573 1896 3648; x_wconf 92' lang='lat' dir='ltr'>pe·</span> 
     </span>
     <span class='ocr_line' id='line_1_26' title="bbox 493 3679 1895 3780; baseline -0.006 -24"><span class='ocrx_word' id='word_1_249' title='bbox 493 3685 596 3757; x_wconf 92' lang='lat' dir='ltr'>cunin</span> <span class='ocrx_word' id='word_1_250' title='bbox 614 3683 748 3758; x_wconf 89' lang='lat' dir='ltr'>solvere</span> <span class='ocrx_word' id='word_1_251' title='bbox 764 3679 946 3780; x_wconf 86' lang='lat' dir='ltr'>[debeatis]</span> <span class='ocrx_word' id='word_1_252' title='bbox 959 3681 1090 3756; x_wconf 86' lang='lat' dir='ltr'>eisdem</span> <span class='ocrx_word' id='word_1_253' title='bbox 1106 3703 1169 3778; x_wconf 91' lang='lat' dir='ltr'>pro</span> <span class='ocrx_word' id='word_1_254' title='bbox 1187 3682 1349 3778; x_wconf 87' lang='lat' dir='ltr'>dampnis</span> <span class='ocrx_word' id='word_1_255' title='bbox 1365 3693 1401 3754; x_wconf 89' lang='lat' dir='ltr'>et</span> <span class='ocrx_word' id='word_1_256' title='bbox 1416 3682 1590 3754; x_wconf 71' lang='lat' dir='ltr'>interoese.</span> <span class='ocrx_word' id='word_1_257' title='bbox 1607 3679 1676 3752; x_wconf 81' lang='lat' dir='ltr'>vos</span> <span class='ocrx_word' id='word_1_258' title='bbox 1690 3687 1802 3750; x_wconf 90' lang='lat' dir='ltr'>tamen</span> <span class='ocrx_word' id='word_1_259' title='bbox 1818 3695 1895 3772; x_wconf 85' lang='lat' dir='ltr'>pro-</span> 
     </span>
     <span class='ocr_line' id='line_1_27' title="bbox 492 3798 1896 3902; baseline -0.008 -22"><span class='ocrx_word' id='word_1_260' title='bbox 492 3807 640 3882; x_wconf 90' lang='lat' dir='ltr'>videatis</span> <span class='ocrx_word' id='word_1_261' title='bbox 653 3816 688 3879; x_wconf 90' lang='lat' dir='ltr'>et</span> <span class='ocrx_word' id='word_1_262' title='bbox 703 3805 892 3902; x_wconf 88' lang='lat' dir='ltr'>procuretis</span> <span class='ocrx_word' id='word_1_263' title='bbox 904 3805 999 3900; x_wconf 92' lang='lat' dir='ltr'>quod</span> <span class='ocrx_word' id='word_1_264' title='bbox 1018 3805 1141 3878; x_wconf 85' lang='lat' dir='ltr'>eodem</span> <span class='ocrx_word' id='word_1_265' title='bbox 1154 3807 1300 3878; x_wconf 89' lang='lat' dir='ltr'>termino</span> <span class='ocrx_word' id='word_1_266' title='bbox 1314 3805 1512 3902; x_wconf 85' lang='lat' dir='ltr'>quietantur</span> <span class='ocrx_word' id='word_1_267' title='bbox 1524 3825 1569 3876; x_wconf 91' lang='lat' dir='ltr'>ne</span> <span class='ocrx_word' id='word_1_268' title='bbox 1583 3823 1644 3898; x_wconf 89' lang='lat' dir='ltr'>per</span> <span class='ocrx_word' id='word_1_269' title='bbox 1658 3821 1787 3874; x_wconf 89' lang='lat' dir='ltr'>moram</span> <span class='ocrx_word' id='word_1_270' title='bbox 1802 3798 1896 3871; x_wconf 87' lang='lat' dir='ltr'>curia</span> 
     </span>
     <span class='ocr_line' id='line_1_28' title="bbox 493 3923 1892 4026; baseline -0.008 -23"><span class='ocrx_word' id='word_1_271' title='bbox 493 3941 608 4004; x_wconf 85' lang='lat' dir='ltr'>nostra</span> <span class='ocrx_word' id='word_1_272' title='bbox 632 3930 853 4026; x_wconf 88' lang='lat' dir='ltr'>dispendium</span> <span class='ocrx_word' id='word_1_273' title='bbox 875 3951 1059 4001; x_wconf 89' lang='lat' dir='ltr'>usurarum</span> <span class='ocrx_word' id='word_1_274' title='bbox 1080 3929 1243 4001; x_wconf 86' lang='lat' dir='ltr'>incurrat.</span> <span class='ocrx_word' id='word_1_275' title='bbox 1264 3931 1334 4002; x_wconf 84' lang='lat' dir='ltr'>Vos</span> <span class='ocrx_word' id='word_1_276' title='bbox 1356 3939 1471 4002; x_wconf 87' lang='lat' dir='ltr'>aulem</span> <span class='ocrx_word' id='word_1_277' title='bbox 1494 3925 1642 4024; x_wconf 91' lang='lat' dir='ltr'>pecunia</span> <span class='ocrx_word' id='word_1_278' title='bbox 1666 3925 1738 4019; x_wconf 89' lang='lat' dir='ltr'>ipsa</span> <span class='ocrx_word' id='word_1_279' title='bbox 1766 3923 1892 4004; x_wconf 81' lang='lat' dir='ltr'>soluta,</span> 
     </span>
     <span class='ocr_line' id='line_1_29' title="bbox 492 4043 1895 4150; baseline -0.009 -22"><span class='ocrx_word' id='word_1_280' title='bbox 492 4053 666 4150; x_wconf 90' lang='lat' dir='ltr'>recipiatis</span> <span class='ocrx_word' id='word_1_281' title='bbox 688 4054 733 4126; x_wconf 90' lang='lat' dir='ltr'>ab</span> <span class='ocrx_word' id='word_1_282' title='bbox 750 4054 800 4126; x_wconf 90' lang='lat' dir='ltr'>eis</span> <span class='ocrx_word' id='word_1_283' title='bbox 817 4061 970 4148; x_wconf 89' lang='lat' dir='ltr'>patentes</span> <span class='ocrx_word' id='word_1_284' title='bbox 985 4053 1120 4127; x_wconf 81' lang='lat' dir='ltr'>lictores</span> <span class='ocrx_word' id='word_1_285' title='bbox 1141 4063 1292 4140; x_wconf 88' lang='lat' dir='ltr'>nostras,</span> <span class='ocrx_word' id='word_1_286' title='bbox 1310 4053 1500 4148; x_wconf 83' lang='lat' dir='ltr'>quaeipsis</span> <span class='ocrx_word' id='word_1_287' title='bbox 1522 4049 1567 4124; x_wconf 91' lang='lat' dir='ltr'>de</span> <span class='ocrx_word' id='word_1_288' title='bbox 1589 4057 1710 4120; x_wconf 91' lang='lat' dir='ltr'>mutuo</span> <span class='ocrx_word' id='word_1_289' title='bbox 1734 4047 1809 4140; x_wconf 87' lang='lat' dir='ltr'>ipso</span> <span class='ocrx_word' id='word_1_290' title='bbox 1826 4043 1895 4116; x_wconf 81' lang='lat' dir='ltr'>lieri</span> 
     </span>
     <span class='ocr_line' id='line_1_30' title="bbox 495 4169 1896 4274; baseline -0.009 -22"><span class='ocrx_word' id='word_1_291' title='bbox 495 4179 655 4269; x_wconf 89' lang='lat' dir='ltr'>lecimus,</span> <span class='ocrx_word' id='word_1_292' title='bbox 688 4186 723 4250; x_wconf 91' lang='lat' dir='ltr'>et</span> <span class='ocrx_word' id='word_1_293' title='bbox 750 4176 992 4249; x_wconf 89' lang='lat' dir='ltr'>nichilominus</span> <span class='ocrx_word' id='word_1_294' title='bbox 1018 4175 1114 4250; x_wconf 90' lang='lat' dir='ltr'>aliud</span> <span class='ocrx_word' id='word_1_295' title='bbox 1140 4177 1303 4274; x_wconf 90' lang='lat' dir='ltr'>scriptum</span> <span class='ocrx_word' id='word_1_296' title='bbox 1330 4185 1530 4272; x_wconf 89' lang='lat' dir='ltr'>competens</span> <span class='ocrx_word' id='word_1_297' title='bbox 1555 4171 1600 4246; x_wconf 90' lang='lat' dir='ltr'>dc</span> <span class='ocrx_word' id='word_1_298' title='bbox 1631 4169 1800 4244; x_wconf 92' lang='lat' dir='ltr'>solutione</span> <span class='ocrx_word' id='word_1_299' title='bbox 1824 4169 1896 4264; x_wconf 87' lang='lat' dir='ltr'>ipsa</span> 
     </span>
     <span class='ocr_line' id='line_1_31' title="bbox 493 4293 1894 4392; baseline -0.01 -16"><span class='ocrx_word' id='word_1_300' title='bbox 493 4301 566 4376; x_wconf 88' lang='lat' dir='ltr'>lieri</span> <span class='ocrx_word' id='word_1_301' title='bbox 585 4300 716 4374; x_wconf 90' lang='lat' dir='ltr'>laciatis</span> <span class='ocrx_word' id='word_1_302' title='bbox 736 4299 783 4373; x_wconf 93' lang='lat' dir='ltr'>ad</span> <span class='ocrx_word' id='word_1_303' title='bbox 800 4301 971 4373; x_wconf 90' lang='lat' dir='ltr'>cantelam</span> <span class='ocrx_word' id='word_1_304' title='bbox 988 4302 1083 4374; x_wconf 89' lang='lat' dir='ltr'>curie</span> <span class='ocrx_word' id='word_1_305' title='bbox 1099 4311 1233 4392; x_wconf 92' lang='lat' dir='ltr'>nostre,</span> <span class='ocrx_word' id='word_1_306' title='bbox 1254 4311 1290 4373; x_wconf 87' lang='lat' dir='ltr'>et</span> <span class='ocrx_word' id='word_1_307' title='bbox 1305 4301 1335 4374; x_wconf 92' lang='lat' dir='ltr'>ai</span> <span class='ocrx_word' id='word_1_308' title='bbox 1353 4302 1438 4374; x_wconf 92' lang='lat' dir='ltr'>lorte</span> <span class='ocrx_word' id='word_1_309' title='bbox 1459 4321 1521 4372; x_wconf 90' lang='lat' dir='ltr'>vos</span> <span class='ocrx_word' id='word_1_310' title='bbox 1541 4317 1660 4370; x_wconf 90' lang='lat' dir='ltr'>omnes</span> <span class='ocrx_word' id='word_1_311' title='bbox 1674 4293 1721 4366; x_wconf 92' lang='lat' dir='ltr'>ad</span> <span class='ocrx_word' id='word_1_312' title='bbox 1739 4293 1805 4366; x_wconf 91' lang='lat' dir='ltr'>hoc</span> <span class='ocrx_word' id='word_1_313' title='bbox 1820 4311 1894 4386; x_wconf 85' lang='lat' dir='ltr'>pre·</span> 
     </span>
     <span class='ocr_line' id='line_1_32' title="bbox 492 4417 1893 4524; baseline -0.01 -22"><span class='ocrx_word' id='word_1_314' title='bbox 492 4437 607 4502; x_wconf 89' lang='lat' dir='ltr'>sentes</span> <span class='ocrx_word' id='word_1_315' title='bbox 627 4448 696 4500; x_wconf 94' lang='lat' dir='ltr'>non</span> <span class='ocrx_word' id='word_1_316' title='bbox 724 4425 838 4518; x_wconf 89' lang='lat' dir='ltr'>eritis,</span> <span class='ocrx_word' id='word_1_317' title='bbox 860 4426 1075 4523; x_wconf 87' lang='lat' dir='ltr'>quicumque</span> <span class='ocrx_word' id='word_1_318' title='bbox 1097 4437 1251 4500; x_wconf 87' lang='lat' dir='ltr'>vestrum</span> <span class='ocrx_word' id='word_1_319' title='bbox 1272 4447 1412 4524; x_wconf 84' lang='lat' dir='ltr'>presens</span> <span class='ocrx_word' id='word_1_320' title='bbox 1436 4424 1538 4498; x_wconf 89' lang='lat' dir='ltr'>luerit</span> <span class='ocrx_word' id='word_1_321' title='bbox 1559 4430 1712 4495; x_wconf 87' lang='lat' dir='ltr'>nostrum</span> <span class='ocrx_word' id='word_1_322' title='bbox 1732 4417 1893 4514; x_wconf 88' lang='lat' dir='ltr'>benepla-</span> 
     </span>
     <span class='ocr_line' id='line_1_33' title="bbox 493 4553 817 4646; baseline -0.006 -22"><span class='ocrx_word' id='word_1_323' title='bbox 493 4553 598 4624; x_wconf 87' lang='lat' dir='ltr'>citum</span> <span class='ocrx_word' id='word_1_324' title='bbox 613 4559 817 4646; x_wconf 86' lang='lat' dir='ltr'>exequatur.</span> 
     </span>
    </p>

    <p class='ocr_par' dir='ltr' id='par_1_6' title="bbox 540 4669 881 4774">
     <span class='ocr_line' id='line_1_34' title="bbox 540 4669 881 4774; baseline 0.003 -28"><span class='ocrx_word' id='word_1_325' title='bbox 540 4675 665 4746; x_wconf 87' lang='lat' dir='ltr'>Datum</span> <span class='ocrx_word' id='word_1_326' title='bbox 684 4669 734 4772; x_wconf 82' lang='lat' dir='ltr'>[ot</span> <span class='ocrx_word' id='word_1_327' title='bbox 749 4672 881 4774; x_wconf 71' lang='lat' dir='ltr'>suprcl.</span> 
     </span>
    </p>
   </div>
   <div class='ocr_carea' id='block_1_4' title="bbox 0 0 2136 5910">
    <p class='ocr_par' dir='ltr' id='par_1_7' title="bbox 0 0 2136 5910">
     <span class='ocr_line' id='line_1_35' title="bbox 0 0 2136 5910; baseline 0 0"><span class='ocrx_word' id='word_1_328' title='bbox 0 0 2136 5910; x_wconf 95' lang='lat' dir='ltr'> </span> 
     </span>
    </p>
   </div>
  </div>
 </body>
</html>
