4350 5922
469 665 490 727 6
970 662 1184 726 Fuluuulul
1206 665 1380 726 SECUNlll
1699 665 1779 746 [aar.
1797 666 1884 730 1237.

470 797 589 889 vilegii
611 797 666 869 sui
684 794 847 892 predictis
864 794 1028 870 fidelibus
1051 798 1175 871 nostris
1191 799 1228 871 in
1246 809 1349 873 antea
1372 819 1468 872 more
1491 799 1590 874 solito
1616 801 1831 876 conservetis
1847 811 1888 874 ut

466 925 596 1016 justam
614 921 660 994 de
675 921 774 994 vobis
786 943 855 995 non
871 921 1022 994 habeant
1035 923 1213 995 materiam
1235 923 1484 1018 conquerendi.

520 1049 645 1118 Datum
661 1045 755 1143 apud
768 1046 971 1136 Wionuam,
987 1047 1076 1122 vllll
1091 1047 1259 1122 kalendas
1272 1047 1454 1140 februarii,
1470 1045 1714 1121 Xindictione.

684 1336 958 1349 u—n-—n-——na—

284 1601 426 1660 uuue-
524 1583 760 1690 ludurium,
796 1581 1057 1664 Romanorum
1101 1579 1326 1688 imperator,
1370 1577 1549 1662 abbatem
1584 1587 1622 1661 et
1660 1589 1889 1664 conventum

279 1668 340 1710 uam,
356 1659 384 1700 κ
395 1656 433 1710 ja·

318 1711 398 1754 '⁰⁸¹¹‘
472 1719 633 1803 Sanctae
654 1713 793 1800 Mariae
819 1712 860 1793 iu
880 1711 1141 1795 Seitonstetteu
1166 1737 1256 1794 cum
1274 1710 1385 1794 bouis
1413 1736 1512 1820 quae
1535 1710 1639 1821 juste
1669 1721 1798 1796 tenent
1824 1723 1891 1796 aut

471 1849 642 1935 obtinere
659 1853 860 1956 poterunt,
882 1844 955 1928 sub
974 1870 1044 1927 sua
1062 1843 1216 1953 speciali
1234 1843 1465 1954 protectione
1482 1843 1629 1953 recipit.

553 2093 658 2176 (euru.
673 2093 840 2166 liumus,
855 2087 1027 2170 Arelliusr'tr
1040 2087 1211 2167 Guclriclrte,
1225 2095 1296 2166 etc„
1311 2107 1384 2152 aun.
1402 2098 1491 2168 tuae,
1506 2107 1538 2169 p.
1555 2090 1638 2170 800.)

521 2316 732 2407 Friderieus,
752 2314 814 2386 Dei
837 2313 945 2408 gratia
962 2314 1196 2386 Romanorum
1219 2313 1405 2408 imperator
1426 2335 1562 2409 semper
1579 2323 1768 2408 augustus,
1795 2316 1892 2389 Jeru-

473 2447 581 2520 salem
596 2451 631 2516 et
644 2439 760 2513 Sicilie
771 2461 848 2511 rex.
864 2439 929 2510 Per
939 2458 1082 2532 presens
1095 2437 1262 2532 scriptum
1274 2445 1394 2510 notum
1410 2438 1556 2510 iacimus
1572 2437 1742 2512 universis
1758 2439 1893 2534 imperil

474 2569 635 2643 fidelibus
660 2573 732 2636 tam
753 2560 972 2658 presentibus
997 2581 1102 2656 quam
1129 2560 1254 2633 lutaris
1274 2561 1371 2655 quod
1389 2561 1597 2635 venerabilis
1619 2561 1728 2635 abbas
1745 2571 1780 2636 et
1807 2585 1894 2636 oon-

474 2700 600 2768 ventus
615 2686 812 2762 monasterii
828 2687 953 2760 Sancta
968 2685 1076 2759 blarie
1093 2685 1129 2756 iu
1148 2685 1393 2778 Saitensteten,
1412 2683 1534 2760 fideles
1550 2685 1676 2778 nostri,
1697 2687 1893 2761 celsitudini

474 2827 591 2892 nostre
610 2812 786 2886 humiliter
807 2810 1047 2907 supplicarunt
1069 2819 1243 2905 quatenus
1270 2830 1330 2883 eos
1353 2819 1387 2883 et
1412 2809 1657 2884 monasterinm
1681 2810 1893 2886 antedictum

475 2953 511 3017 et
536 2941 629 3012 bona
655 2937 810 3032 ipsorum
837 2955 907 3030 que
925 2934 1018 3027 juste
1047 2942 1165 3007 tenent
1190 2943 1225 3007 et
1242 2933 1420 3029 possident
1440 2943 1475 3008 et
1498 2935 1536 3007 iu
1558 2944 1660 3009 autea
1676 2936 1771 3028 justo
1794 2936 1894 3009 titulo

475 3069 637 3164 poterunt
657 3059 830 3148 obtinere,
860 3058 898 3130 in
921 3066 1037 3131 nostra
1056 3065 1092 3129 et
1116 3058 1252 3154 imperii
1275 3059 1486 3154 pmtectione
1504 3059 1728 3152 dignaremur
1742 3060 1895 3156 recipere

476 3187 629 3288 speciali.
648 3184 717 3257 Nos
735 3183 852 3278 itaque
866 3181 929 3277 qui
940 3183 1016 3255 luca
1028 3183 1100 3254 Deo
1112 3182 1226 3256 dicata
1238 3189 1272 3254 et
1284 3183 1463 3277 religiosus
1477 3205 1639 3278 personas
1656 3184 1764 3280 digno
1778 3187 1895 3259 lavore

475 3309 731 3411 prosequimur,
745 3309 900 3402 ipsorum
915 3305 984 3401 piis
1000 3305 1311 3400 supplicationibus
1327 3307 1521 3402 benigniter
1536 3307 1706 3403 inclinati,
1724 3309 1896 3406 predictos

476 3435 635 3512 abbatem
657 3441 693 3505 et
716 3439 925 3504 conventum
944 3450 986 3502 ac
1009 3429 1256 3502 monasterium
1277 3429 1496 3526 sepedictum
1520 3440 1555 3505 et
1579 3453 1701 3505 eorum
1716 3434 1896 3528 bonaque

473 3562 567 3654 justa
583 3564 700 3629 tenent
717 3563 753 3626 et
768 3553 947 3649 possident
964 3561 999 3624 et
1015 3551 1050 3624 in
1069 3563 1173 3626 antea
1195 3555 1288 3646 juste
1303 3563 1465 3648 poterunt
1482 3555 1647 3651 adipisci,
1668 3557 1705 3628 in
1728 3569 1843 3632 nostra
1861 3568 1901 3632 etw

477 3683 612 3778 imperii
627 3679 838 3776 protectione
851 3677 1038 3771 recipimus
1053 3677 1209 3772 speciali.
1226 3677 1339 3761 Quare
1351 3677 1557 3752 mandamus
1570 3687 1604 3752 et
1620 3679 1774 3754 districte
1785 3683 1896 3777 preci-

476 3809 593 3904 pimus
607 3813 779 3900 quatenus
797 3801 912 3872 nullus
930 3800 975 3872 sit
993 3801 1054 3895 qui
1068 3801 1242 3897 predictus
1257 3801 1431 3894 abbatem,
1449 3813 1658 3878 conventum
1676 3813 1711 3878 et
1725 3815 1897 3880 monaste-

475 3931 568 4004 rium
594 3937 699 4022 atqua
723 3925 813 3998 bona
839 3922 994 4019 predicta
1019 3932 1137 3997 contra
1163 3923 1267 4016 hujus
1297 3927 1517 4020 protectionis
1541 3935 1693 4000 tenorem
1714 3929 1895 4002 molestare

476 4061 664 4151 presumat.
679 4049 781 4137 Quod
796 4048 859 4143 qui
876 4050 989 4122 lacera
999 4049 1247 4145 presumpserit
1260 4049 1534 4144 indignationem
1542 4061 1694 4124 nostram
1709 4073 1747 4124 se
1762 4053 1897 4126 noverit

477 4179 708 4251 incursurum.
729 4171 787 4246 Ad
810 4171 910 4264 cujus
925 4171 975 4246 rei
994 4173 1193 4247 memoriam
1209 4193 1352 4269 presens
1368 4173 1535 4270 scriptum
1551 4174 1625 4248 fieri
1637 4175 1805 4269 jussimus
1822 4197 1895 4248 ma·

472 4301 608 4397 jestatis
626 4309 740 4372 nostre
757 4296 871 4389 sigillo
889 4297 1074 4369 munitum.

526 4427 651 4501 Datum
666 4419 762 4519 apud
776 4419 979 4514 Wiennam,
998 4419 1164 4494 uicesimo
1180 4426 1281 4493 sexto
1292 4419 1462 4512 ianuarii,
1480 4421 1615 4496 decime
1632 4421 1845 4502 indictionis.
