4278 5920
213 611 312 674 bora.
331 609 391 692 lb]
660 607 858 670 HISTORIA
883 608 1179 670 btrncntartca
1570 609 1628 670 lat

214 747 331 820 elimat
358 754 393 819 at
419 745 595 818 elimatum
615 745 754 818 exacuit
782 753 821 816 ut
846 745 984 818 Terram
1007 747 1168 818 Sanctam
1194 741 1239 816 de
1260 743 1421 816 manibus
1443 743 1628 839 impicrnm

213 870 337 965 eripiat
359 891 400 942 ac
426 867 595 963 unigeniti
620 867 674 940 sni
693 866 842 963 pedibus
866 869 1025 942 inimicos
1049 867 1159 964 ipsius
1185 889 1247 962 pro
1273 867 1422 940 scabello
1441 879 1626 964 supponat.

213 991 318 1064 Porro
336 993 450 1088 ipsum
464 991 540 1086 qni,
555 990 617 1063 etsi
638 989 884 1088 principaliter,
901 1013 971 1064 non
990 999 1104 1064 tamrm
1120 992 1215 1064 solus
1231 989 1297 1062 hcc
1314 998 1485 1062 certamen
1506 1013 1629 1086 aggre-

216 1113 323 1206 ditur,
343 1115 522 1197 comitum,
539 1113 723 1206 baronum,
737 1115 884 1186 militnm
901 1125 935 1186 et
950 1114 1096 1188 aliorum
1112 1113 1425 1208 crucesignatorum
1439 1114 1580 1186 Francia
1594 1125 1630 1187 et

203 1237 432 1312 ¹diversarum
458 1238 714 1334 provinciarum
740 1238 1001 1311 innumerabilis
1025 1237 1199 1312 exercitus
1226 1237 1424 1325 comitatur,
1452 1237 1630 1312 vindicare

215 1362 454 1459 Redemptoris
483 1363 547 1458 qni
564 1363 696 1436 effusus
719 1373 772 1436 ast
801 1363 1007 1456 sangninem
1032 1373 1067 1435 et
1093 1383 1156 1457 pru
1188 1361 1311 1434 Christi
1337 1361 1462 1454 injuria
1490 1371 1630 1457 paratus

216 1507 352 1560 sumere
370 1487 416 1562 dc
431 1487 554 1560 Christi
571 1487 728 1560 hostibus
745 1487 929 1578 ultionem
944 1488 1005 1580 qni
1027 1508 1072 1560 no
1088 1508 1109 1560 a
1124 1495 1194 1560 tam
1210 1486 1340 1558 salubri
1355 1486 1529 1580 proposito
1547 1509 1630 1560 con-

216 1611 320 1684 traria
341 1621 376 1683 et
391 1632 556 1706 perversa
575 1622 716 1706 possent
736 1609 895 1686 demonis
912 1611 967 1684 vel
986 1611 1135 1684 hominis
1154 1611 1374 1704 suggestione
1394 1612 1571 1698 subverti,
1592 1633 1630 1684 se

216 1735 260 1808 ad
288 1734 539 1807 transeundum
566 1735 601 1805 in
628 1743 752 1807 terram
777 1733 964 1829 predictam
992 1735 1028 1806 in
1055 1736 1142 1808 lento
1168 1733 1259 1808 beati
1290 1733 1455 1806 iohannis
1480 1735 1631 1829 Baptista

215 1857 375 1952 proximo
386 1860 514 1949 laturo,
526 1859 562 1930 in
576 1858 814 1932 necessitatem
824 1860 1000 1932 voluntate
1012 1859 1196 1943 transfusa,
1210 1857 1339 1952 duplici
1349 1857 1630 1952 obligaruntvin·

217 1982 295 2054 culo
306 1982 513 2075 juramenta
534 1981 781 2078 propterquod
806 2003 827 2056 a
845 1981 946 2054 nohis
963 1982 1130 2054 instanter
1152 1982 1372 2077 expostulant
1395 1991 1433 2053 ut
1450 1982 1496 2054 ad
1510 2005 1630 2056 eorum

216 2105 251 2176 in
261 2105 407 2178 termino
417 2104 570 2200 prediolo
581 2105 776 2200 passagium
787 2105 984 2202 apostolice
993 2105 1094 2178 Sedis
1102 2105 1308 2178 inclinemus
1321 2117 1355 2178 et
1363 2114 1461 2178 tuum
1471 2107 1632 2202 precibus

217 2227 1632 2324 inducamnsasaensnm.flabetantemlavoramillornmpetitiocomitametaxsua

218 2360 314 2445 parta
331 2353 368 2424 in
381 2375 484 2426 snum
500 2351 644 2426 adducit
659 2353 887 2450 patrocinium
907 2353 1075 2426 rationem
1090 2352 1186 2446 qnod
1205 2361 1336 2446 quanto
1350 2353 1461 2447 magis
1476 2349 1634 2426 differtur

218 2473 475 2569 predictaterre
491 2475 703 2568 subsidium,
728 2485 822 2550 tanto
838 2477 948 2572 ipsam
967 2475 1190 2571 periculosius
1214 2475 1378 2570 opprimit
1392 2485 1428 2548 ct
1450 2476 1543 2550 vires
1561 2479 1634 2550 icr-

217 2599 320 2671 tiores
347 2600 451 2671 sumit
478 2601 635 2697 impietas
662 2619 897 2696 paganorum
925 2599 1152 2692 crucesignati
1184 2599 1288 2670 etiam
1314 2619 1462 2692 quornm
1489 2601 1632 2694 quidam

219 2723 452 2817 possessiones
469 2745 550 2798 snas
575 2743 638 2820 pro
662 2733 830 2820 apparatu
855 2744 920 2797 suo
942 2733 1024 2795 snnt
1043 2722 1211 2818 compulsi
1237 2722 1447 2814 distrahere,
1476 2728 1632 2799 nonnulli

219 2863 302 2916 veru
315 2846 453 2941 inopem
474 2845 606 2918 rictum
624 2847 719 2942 longi
735 2846 899 2942 temporis
912 2846 949 2918 in
965 2845 1246 2920 sustentationem
1268 2847 1487 2918 transmarini
1504 2849 1634 2922 itineris

220 2967 396 3042 effundere
416 2979 498 3042 sunt
517 2971 648 3063 coacti,
667 2969 868 3065 hujusmodi
888 2981 1092 3066 apparatum
1108 2969 1142 3040 in
1160 2969 1361 3042 necessariis
1379 2981 1547 3066 cogentur
1563 2976 1634 3048 vita

220 3113 441 3182 consumare,
458 3095 577 3192 sicque
594 3117 641 3168 ex
661 3094 729 3168 boc
744 3094 791 3170 ad
806 3096 976 3192 prefatum
995 3094 1190 3168 subsidium
1209 3093 1398 3166 reddentur
1417 3093 1585 3168 inhabiles
1600 3109 1633 3170 et

221 3215 411 3288 efficientur
426 3239 473 3290 ax
495 3240 591 3291 mora
608 3239 677 3313 qne
694 3239 829 3314 semper
846 3220 972 3314 paratis
988 3219 1124 3306 nocuit,
1149 3217 1194 3290 ad
1209 3218 1387 3290 transitum
1407 3219 1629 3315 impotentes,

220 3340 300 3412 etsi
320 3363 415 3413 nunc
437 3341 590 3415 oblatum
615 3343 794 3416 renuimus
808 3341 1025 3416 ordinatione
1042 3343 1162 3415 divina
1183 3341 1399 3436 subsidium,
1419 3365 1499 3416 cnm
1513 3346 1634 3419 iterato

222 3463 439 3538 invocabitur
469 3467 635 3540 Dominus
661 3467 774 3541 forsan
801 3467 959 3562 precibus
985 3468 1110 3540 nostris
1128 3465 1247 3540 divina
1273 3465 1450 3542 subtrahet
1475 3445 1634 3564 majestas

223 3607 418 3660 assensum.
437 3589 617 3685 Numquid
632 3611 702 3663 non
717 3591 839 3665 merito
852 3591 953 3664 nobis
967 3591 1126 3663 irascitur
1143 3589 1321 3678 Dominus,
1342 3593 1372 3664 si
1389 3595 1465 3684 ejus
1480 3593 1634 3688 gladium

224 3731 405 3784 asnorum
429 3713 579 3786 bostium
607 3716 779 3810 sangnine
805 3715 1050 3812 prohibemus?
1065 3715 1244 3810 Numquid
1268 3717 1298 3788 si
1322 3738 1369 3788 ex
1395 3719 1497 3813 culpa
1520 3729 1634 3792 nostra

225 3833 419 3910 dominicus
437 3837 574 3934 gladius
589 3839 626 3910 in
645 3841 807 3934 vaginam
824 3841 1024 3932 revertitur,
1045 3841 1167 3912 iterum
1182 3838 1372 3912 secundum
1391 3841 1541 3915 hnmana
1563 3842 1634 3916 dis·

225 3959 402 4052 positionis
423 3961 678 4059 beneplaoitnm
706 3970 888 4037 exaretur?
903 3962 1065 4058 [egnum
1082 3963 1173 4035 enim
1199 3961 1296 4057 qnod
1316 3984 1442 4057 sponsa
1464 3987 1533 4059 qne
1556 3967 1634 4060 pnt-

225 4083 311 4153 santi
334 4105 463 4179 sponso
486 4088 664 4181 possulum
692 4088 770 4160 ostii
796 4107 865 4160 non
889 4088 1002 4159 statim
1026 4086 1179 4182 aperuit,
1204 4105 1246 4158 eo
1270 4085 1463 4160 declinante
1485 4089 1636 4183 quesivit

226 4203 320 4276 illum
347 4207 565 4300 postmodam
593 4211 825 4284 necinvenit.
854 4210 1046 4296 Quocirca
1076 4209 1291 4283 serenitatem
1322 4221 1416 4283 tuam
1446 4210 1636 4306 rogandam

227 4325 392 4401 dommus
409 4332 573 4404 attentius
595 4343 631 4406 at
650 4333 860 4407 monendam
878 4343 1050 4429 quatenns
1066 4332 1104 4406 id
1123 4333 1168 4407 ad
1184 4353 1333 4406 examen
1352 4335 1540 4430 imperialis
1557 4357 1637 4432 pro·

228 4449 379 4524 ridentia
398 4455 550 4527 reterens
567 4465 602 4528 et
617 4479 859 4552 prooessumm
873 4478 920 4530 ex
940 4458 1104 4531 dilatione
1122 4457 1342 4552 dispendium
1360 4469 1395 4531 et
1410 4481 1457 4531 ax
1475 4483 1636 4554 processu

229 4575 444 4650 commodum
459 4590 706 4673 proventurum
728 4583 764 4654 in
779 4581 867 4654 libra
881 4582 1024 4654 rationis
1040 4581 1242 4678 appendens
1260 4583 1296 4654 in
1310 4583 1376 4656 bac
1389 4593 1502 4678 parta,
1519 4605 1636 4656 cruce·

230 4697 367 4792 signatis
384 4699 515 4774 eisdem
533 4705 747 4778 assentisset
769 4705 820 4777 eis
840 4705 876 4776 in
891 4704 1060 4800 navigiis,
1079 4704 1266 4800 portubus,
1286 4705 1492 4778 victualibus
1510 4715 1544 4778 et
1562 4705 1638 4778 aliis
