4246 5906
207 640 305 698 lrnrcr.
324 632 388 716 ld]
646 631 844 692 fflsrottta
871 629 1169 694 utrtouautcrt.
1563 633 1621 692 557

208 783 340 868 genter.
361 767 465 855 Quod
489 776 603 840 autem
626 767 828 862 significasti
847 789 908 864 per
926 789 1003 853 aas,
1023 765 1121 861 quud
1141 765 1187 840 ad
1203 765 1339 838 lieteras
1359 774 1492 838 nostras
1514 768 1624 839 conti·

208 905 328 968 nentes
342 902 381 965 ut
394 890 572 964 residuum
585 892 785 985 quantitatis
797 892 1058 986 pecuniaquam
1070 889 1201 962 Cintius
1214 887 1380 982 Stephani
1392 888 1621 986 dePhilippo,

207 1016 412 1090 Tbomasius
428 1014 591 1108 Sarsigna
604 1024 638 1087 et
654 1016 693 1087 Ρ.
711 1013 936 1106 bonfiliosus,
955 1023 1159 1086 mercatores
1176 1014 1335 1102 Romani,
1360 1025 1474 1086 nostra
1488 1034 1624 1088 camere

208 1149 477 1229 mutuaverunt,
493 1141 596 1231 juxta
613 1139 839 1231 quantitatem
856 1138 1009 1233 ipsorum
1027 1136 1078 1210 eis
1096 1137 1269 1226 solveres,
1289 1135 1334 1209 de
1350 1157 1419 1230 qua
1434 1137 1623 1230 quantitate

208 1263 348 1338 residua
373 1285 436 1358 per
460 1261 596 1334 lictores
619 1261 870 1335 venerabiiium
898 1261 1052 1355 Capuani
1082 1261 1327 1356 archiepiscopi
1356 1268 1390 1334 et
1412 1261 1622 1335 Ravellensis

209 1387 362 1484 episcopi
386 1385 540 1460 fidelium
564 1393 758 1458 nostrorum
783 1385 847 1458 tibi
873 1383 1044 1458 certitudo
1069 1383 1185 1458 debita
1211 1383 1327 1476 fieret,
1354 1393 1393 1456 tn
1415 1385 1461 1458 ad
1488 1385 1622 1459 licteras

210 1513 317 1585 solius
332 1512 543 1585 Ravellensis
559 1511 712 1607 episcopi
730 1533 800 1584 non
820 1511 987 1584 habentes
1006 1511 1159 1603 sigillum
1174 1509 1422 1605 archiepiscopi
1446 1511 1618 1608 Capuani,

209 1636 297 1708 sieut
311 1645 426 1708 nostre
441 1636 558 1707 lictere
571 1635 811 1726 continebant,
830 1634 1023 1708 satisfecisti
1042 1633 1204 1729 predictis
1226 1635 1473 1708 mercatoribus
1491 1635 1536 1710 de
1552 1647 1622 1711 tote

210 1759 402 1854 quantitate
418 1757 524 1832 debiti
542 1779 620 1830 cum
644 1759 695 1832 eis
714 1759 927 1831 satisfactum
943 1759 979 1829 in
1002 1768 1098 1852 parte
1114 1759 1228 1852 aliqua
1243 1781 1311 1830 non
1330 1759 1470 1850 fuisset,
1490 1762 1621 1856 etquis

210 1885 378 1957 cautelam
407 1883 573 1956 adbibere
602 1883 748 1973 curasti,
781 1883 925 1954 mictens
952 1881 1133 1976 pecuniam
1164 1892 1199 1954 et
1227 1891 1430 1956 mercatores
1454 1885 1547 1979 ipsos
1574 1886 1621 1959 ad

209 2007 342 2080 curiam
359 2017 506 2080 nostram
519 2029 599 2080 cum
618 2017 677 2080 tuo
689 2005 811 2078 nuntio
826 2005 981 2100 spetiali,
1000 2027 1062 2100 pro
1075 2028 1118 2079 eo
1132 2004 1228 2100 quod
1244 2005 1445 2080 mandatum
1466 2019 1620 2083 nostrum

210 2129 256 2205 de
279 2130 446 2205 solvendo
472 2131 604 2205 eisdem
622 2131 850 2226 quantitatem
872 2130 1001 2204 residui
1024 2131 1151 2220 debiti,
1176 2141 1210 2202 et
1233 2121 1350 2203 lictere
1371 2132 1478 2204 solius
1499 2135 1620 2228 prefati

209 2253 419 2328 Ravallensis
440 2255 590 2350 episcopi
609 2263 714 2327 totam
735 2254 959 2348 quantitatem
980 2253 1182 2328 solvendam
1203 2253 1248 2328 de
1272 2255 1349 2349 ipso
1369 2255 1487 2330 debito
1510 2261 1619 2332 conti-

210 2377 356 2469 nebant,
383 2399 463 2450 cum
493 2399 553 2472 per
577 2379 713 2451 lieteras
741 2377 941 2472 utriusque,
970 2378 1099 2451 scilicet
1129 2377 1284 2474 Capuani
1310 2379 1559 2478 archiepiscopi
1586 2395 1622 2458 et

209 2501 422 2574 Ravellensis
448 2501 619 2596 episcopi,
644 2502 707 2574 tibi
734 2499 821 2574 tides
840 2499 914 2572 beri
936 2500 1131 2593 debuisset3
1159 2503 1268 2598 placet
1295 2504 1395 2576 nobis
1420 2507 1516 2599 quod
1540 2509 1622 2582 inde

210 2625 339 2714 fecisti,
366 2635 401 2698 et
424 2633 630 2699 mercatores
659 2625 753 2719 ipsos
778 2633 813 2696 et
839 2624 1000 2696 nuntium
1023 2635 1121 2698 tuum
1147 2626 1182 2697 in
1211 2627 1309 2699 curia
1339 2639 1457 2702 nostra
1481 2631 1623 2705 fecimus

210 2747 383 2844 expediri,
400 2749 523 2823 dantes
537 2751 662 2822 nostris
677 2749 803 2821 licterie
824 2747 860 2820 in
877 2747 1050 2821 mandatis
1063 2751 1104 2822 R.
1128 2750 1173 2823 de
1188 2751 1330 2844 Amicis,
1346 2761 1429 2843 etc,
1448 2765 1486 2826 ut
1503 2775 1624 2829 omnes

211 2873 346 2946 lieteras
364 2881 400 2944 et
416 2875 596 2947 cautiones
617 2875 726 2946 factas
743 2873 833 2944 inter
851 2883 885 2944 te
905 2881 940 2944 et
956 2873 1125 2947 Romanos
1146 2875 1335 2969 predictos,
1355 2888 1389 2948 et
1414 2899 1520 2972 penes
1543 2901 1624 2953 eum

211 2994 256 3067 de
274 2997 450 3069 communi
470 2997 644 3070 voluntate
661 2996 834 3092 depositas
861 2997 922 3068 tibi
945 2997 991 3070 ad
1008 3000 1176 3073 cautelam
1193 2999 1288 3073 curie
1309 3010 1423 3073 nostre
1440 3013 1474 3075 et
1494 3005 1624 3076 securi·

212 3127 316 3191 tatem
335 3119 387 3192 tui
405 3119 530 3194 debeat
547 3121 735 3214 resignare.

259 3248 385 3318 Datum
404 3245 498 3340 apud
516 3249 722 3335 Sarranum,
741 3247 802 3318 XV
817 3245 1030 3337 derembris,
1050 3247 1126 3319 Xlli
1139 3248 1348 3322 indictionis.

262 3369 346 3441 item
363 3370 498 3465 scripsit
522 3368 615 3440 idem
634 3370 780 3463 Rogerio
798 3369 843 3442 de
860 3369 1008 3462 Amicis,
1027 3380 1117 3462 etc.,
1138 3383 1178 3445 ut
1198 3394 1317 3447 omnes
1336 3375 1470 3449 lieteras
1492 3389 1526 3451 et
1545 3401 1624 3450 cau-

211 3493 323 3565 tiones
345 3493 451 3566 iactas
475 3494 565 3565 inter
586 3491 748 3565 eumdem
768 3493 932 3565 Obertum
952 3493 1250 3568 Fallamonacbum
1277 3509 1311 3570 et
1335 3511 1537 3574 mercatores
1560 3503 1626 3576 Ro·

212 3636 332 3688 manos
357 3637 461 3710 penes
485 3621 565 3688 eum
586 3617 630 3689 de
659 3619 831 3688 communi
857 3620 1034 3691 voluntate
1056 3617 1207 3714 ipsorum
1233 3621 1422 3717 depositas,
1443 3647 1627 3722 quousque

212 3739 339 3810 iactum
369 3739 483 3834 ipsum
503 3739 548 3812 ad
570 3749 719 3812 nostram
747 3743 902 3814 notitiam
920 3741 1116 3834 deveniret,
1141 3744 1207 3838 ipsi
1234 3746 1360 3820 Oberto
1384 3749 1430 3822 ad
1456 3752 1626 3826 cautelam

211 3861 309 3934 curie
325 3871 359 3935 et
372 3863 590 3936 securitatem
603 3865 657 3936 sui
671 3864 795 3939 debeat
811 3867 999 3961 assignare.
1574 3863 1576 3868 ⁴

265 4425 487 4516 Mandatum
512 4429 561 4511 ad
580 4429 773 4512 Andream
791 4432 839 4513 de
858 4432 986 4515 Cicala
1003 4435 1051 4516 de
1071 4446 1196 4519 castro
1215 4439 1312 4522 inter
1336 4442 1449 4526 Reate
1466 4455 1504 4528 et
1526 4447 1629 4556 Spo-
1679 4472 1811 4573 8333,

211 4556 331 4640 letum
351 4561 383 4642 si
401 4560 482 4642 fieri
496 4560 615 4669 possit
633 4561 856 4670 obtinendo,
877 4565 925 4647 de
944 4565 1069 4650 Monte
1089 4569 1225 4654 Casino
1243 4583 1279 4654 et
1298 4572 1552 4688 Pontecurvo,
1580 4585 1628 4668 de
1665 4577 1827 4622 ΝΜ*

213 4691 347 4773 castris
365 4717 479 4802 super
503 4693 771 4803 introducam,
792 4697 841 4780 de
859 4697 1009 4782 civitate
1028 4700 1205 4809 Reatina,
1225 4706 1273 4788 de
1291 4708 1474 4817 capiendo
1492 4725 1627 4824 nepote
