4278 5920
239 514 333 574 horca
352 509 418 588 ll.]
683 500 878 562 HISTORIA
902 499 1193 562 nlruouitilct.
1583 497 1640 558 ltu

448 768 1430 791 ——ffl—m———u—-u-*n—-n—-u-

291 1064 426 1148 Petrus
443 1063 492 1146 de
513 1061 631 1146 Vinea
651 1059 887 1171 principibus
906 1059 1153 1143 Alemanniae
1174 1059 1304 1144 scribit
1330 1085 1444 1170 super
1465 1059 1644 1144 conflictu
1689 1089 1831 1146 masau

240 1197 590 1304 Mediolanensium,
605 1195 778 1304 captione
795 1193 973 1278 camoenii
990 1218 1123 1277 eorum
1141 1193 1248 1276 missi
1267 1194 1316 1275 ad
1333 1191 1487 1300 Urbem,
1506 1203 1543 1276 et
1560 1193 1644 1275 im-

240 1340 450 1442 peratorem
477 1327 683 1412 rebellibus
721 1325 1019 1410 misericordiam
1045 1325 1336 1436 implorantibus
1365 1325 1513 1409 nullam
1548 1353 1646 1410 oon-

240 1489 435 1549 oessurum
452 1487 535 1546 esse
553 1460 703 1544 reniam
719 1459 883 1543 nuntiat.

320 1681 415 1760 (lidii.
433 1697 483 1758 ap.
505 1679 590 1740 Petri
605 1675 641 1738 dc
659 1677 724 1738 Vin
739 1675 850 1756 Epist,
864 1677 917 1739 iib.
937 1677 981 1756 11,
995 1693 1061 1755 cap.
1083 1676 1141 1748 1113
1162 1675 1229 1738 coll.
1249 1691 1318 1737 cum
1337 1675 1488 1738 codicibus
1505 1675 1643 1738 biblioth.

360 1782 895 1865 casm.1>arts.,sondsitotrc·iiaau,
910 1791 982 1859 roa,
993 1779 1119 1862 cisoa&
1130 1780 1373 1846 saar-demate
1382 1779 1506 1863 Baby,
1522 1787 1604 1858 css.)

289 1989 378 2075 Quia
406 1995 520 2060 vestre
549 1987 638 2060 nitor
668 1985 877 2059 conscientie
908 1985 1057 2080 postulat
1082 1992 1117 2057 et
1145 1983 1287 2058 allectus
1317 1985 1535 2079 integerrime
1565 1984 1646 2058 fidei

242 2119 453 2208 representat
467 2119 506 2182 nt
520 2109 566 2184 de
583 2109 754 2206 prosperis
767 2107 931 2204 auspiciis
947 2108 1091 2181 Romani
1109 2107 1294 2204 principis,
1314 2108 1445 2182 domini
1461 2109 1644 2202 Frideriei,

242 2236 379 2330 possitis
402 2235 568 2309 relatione
594 2231 749 2308 veridica
773 2231 958 2324 noscitari,
981 2253 1022 2304 ea
1046 2253 1115 2326 que
1138 2231 1205 2304 sub
1230 2232 1306 2322 ejus
1332 2231 1421 2304 notis
1446 2233 1571 2328 aquiiis
1592 2234 1647 2307 his

243 2357 365 2432 diebus
383 2360 419 2430 in
436 2358 534 2432 ltalia
550 2357 726 2447 effulsere,
748 2355 902 2430 evidenti
924 2354 1135 2429 ostendimus
1150 2354 1306 2428 veritate.
1326 2355 1455 2428 Verum
1473 2378 1553 2429 cum
1575 2359 1649 2430 im-

242 2484 380 2578 perialis
394 2486 554 2577 majestas
570 2483 625 2554 sui
643 2481 850 2555 diadematis
860 2483 940 2574 jura
956 2479 1180 2575 perquireret,
1197 2487 1232 2552 et
1244 2478 1380 2574 imperii
1395 2480 1450 2552 sui
1464 2481 1650 2574 vectigalia

244 2607 461 2696 vendicaret,
481 2605 773 2696 lombardorum,
791 2606 956 2700 precipue
974 2604 1281 2678 Mediolanensinm
1306 2602 1456 2676 neianda
1478 2605 1650 2678 temeritas

243 2739 277 2802 et
293 2729 441 2802 audacia
463 2727 665 2802 detestanda
686 2749 754 2799 una
780 2750 859 2799 cnm
878 2727 952 2799 suis
980 2726 1294 2800 ooniederatoribus
1314 2727 1391 2801 ausi
1415 2735 1495 2800 sunt
1516 2736 1650 2802 vertere

244 2855 365 2926 iaeiem
384 2861 501 2927 eontra
521 2853 628 2924 solem
644 2877 652 2922 ε
668 2850 729 2922 lilii
746 2851 848 2924 Belial
863 2858 994 2923 secreta
1008 2850 1073 2922 sibi
1088 2850 1290 2946 proditionis
1306 2849 1527 2943 confingunt,
1547 2851 1651 2925 disci·

244 2977 342 3072 pulos
360 2976 427 3047 eibi
443 2984 650 3068 congerunt,
672 2995 742 3047 non
767 2983 882 3047 tamen
904 2982 1110 3068 congregata
1132 2982 1348 3048 conservant.
1370 2975 1594 3068 Egredientes
1611 2982 1652 3046 ut

244 3123 360 3174 mures
380 3097 518 3174 ridiculi
540 3099 586 3173 de
608 3100 784 3191 cavernis,
801 3099 990 3172 moliuntur
1013 3099 1157 3172 insidias
1181 3121 1309 3194 ponere
1334 3100 1371 3171 in
1400 3099 1551 3192 leonem,
1577 3101 1651 3174 ine-

245 3227 346 3300 briati
365 3235 446 3299 sunt
462 3226 632 3320 sanguine
651 3246 716 3297 neo
735 3225 780 3297 ab
803 3225 960 3298 ubertate
984 3223 1108 3297 domus
1125 3233 1296 3297 venerunt
1316 3223 1429 3296 ebrii:
1448 3245 1519 3298 non
1535 3234 1651 3298 tamen

246 3350 350 3446 adipe
373 3357 454 3421 sunt
476 3349 658 3444 pinguium
684 3347 836 3421 saturati.
863 3348 905 3420 Et
933 3347 1018 3420 dum
1043 3349 1271 3420 castrametati
1294 3357 1375 3420 sunt
1395 3349 1498 3441 juxta
1517 3350 1652 3422 Lolinm

245 3471 448 3568 perditionis
467 3471 542 3560 tilii,
561 3481 600 3542 ut
613 3471 755 3543 rationis
766 3480 916 3565 segetem
934 3471 1129 3566 perderent,
1145 3472 1274 3544 zizanio
1286 3493 1355 3566 qne
1367 3493 1388 3543 a
1400 3474 1507 3567 vulgo
1520 3475 1652 3546 lelium

247 3593 388 3684 dieitur,
409 3595 541 3668 semina
567 3594 790 3666 seminarunt.
820 3595 1001 3688 Oquanta
1023 3605 1096 3668 erat
1121 3595 1305 3669 multitudo
1330 3594 1494 3670 militumi
1523 3607 1653 3692 quanta

247 3717 474 3790 numerositas
487 3724 522 3790 et
538 3716 743 3789 universitas
758 3716 979 3790 bellatorumi
1008 3719 1059 3790 lbi
1076 3720 1237 3814 superbia
1260 3721 1413 3814 pulsavit
1428 3729 1651 3816 tympanum,
1682 3737 1688 3750 ·

248 3842 409 3937 voluptas
433 3841 517 3913 tuba
533 3842 697 3928 concinit,
722 3851 858 3914 resonat
875 3841 1039 3938 cythara,
1062 3841 1195 3938 plaudit
1219 3844 1294 3939 lyra
1315 3870 1324 3913 ε
1343 3852 1378 3916 et
1397 3845 1448 3916 sic
1468 3846 1654 3940 voluptatis

248 3983 328 4056 ager
354 3985 435 4036 cum
458 3963 615 4059 pudendi
633 3964 766 4038 decoris
784 3966 981 4060 insignibus
1000 3967 1194 4062 pullulavit.
1215 3966 1284 4040 Sed
1303 3966 1388 4040 dum
1405 3970 1593 4062 gloriantur
1617 3971 1653 4041 in

248 4087 406 4160 curribus
422 4088 509 4176 etin
526 4087 642 4182 equis,
661 4111 741 4184 pars
756 4089 855 4162 electi
880 4089 1045 4186 principis
1066 4112 1113 4163 ex
1134 4091 1281 4164 adverso
1304 4092 1433 4187 incepit
1454 4093 1489 4164 in
1515 4094 1653 4166 nomine

247 4210 383 4282 Domini
404 4211 554 4306 gloriari.
573 4213 617 4284 Et
635 4213 717 4307 quia
732 4210 832 4286 facile
847 4222 899 4286 est
917 4216 988 4286 Deo
1006 4214 1070 4286 oeli
1090 4215 1216 4287 multos
1232 4216 1267 4286 in
1283 4237 1413 4310 paucos
1426 4217 1650 4306 concludere,

247 4333 403 4429 princeps
429 4334 638 4408 tortitudinis
664 4336 825 4409 dominus
850 4338 1044 4410 Friderions
1071 4338 1200 4412 dimisit
1221 4361 1242 4412 a
1265 4361 1303 4412 se
1330 4360 1416 4434 quos
1441 4340 1591 4415 habebat
1618 4344 1653 4414 in

250 4457 467 4552 expeditione
483 4457 529 4531 de
541 4461 843 4534 communitatibus
856 4463 1077 4550 lombardie;
1096 4463 1179 4556 quia
1192 4463 1267 4556 ipse
1278 4464 1374 4536 velut
1388 4464 1473 4537 alter
1487 4487 1549 4539 rex
1564 4467 1654 4540 Salo·

250 4599 328 4652 mon
346 4579 524 4676 pacificus,
541 4581 640 4656 lieres
652 4583 758 4679 pacis,
776 4585 872 4679 quod
888 4594 1079 4658 enumerat
1096 4583 1238 4680 pacifice
1247 4585 1421 4680 exigebat,
1438 4598 1473 4662 et
1489 4610 1568 4660 oum
1584 4610 1652 4662 non
