4242 5904
212 642 308 700 tmrcr.
328 638 389 714 la]
658 635 855 696 lltsuoltla
881 635 1171 698 utuuoltltulcll.
1559 632 1618 694 243

214 786 264 846 ter
274 771 432 846 Ricarius
444 769 614 860 notarius,
629 769 753 841 sindici
767 779 800 842 ct
812 781 1051 866 procuratores
1059 771 1250 845 eommunis
1264 769 1412 842 civitatis
1423 769 1625 864 Iustinopo·

213 896 336 984 litane,
354 893 476 968 fideles
487 892 617 984 nostri,
635 892 681 964 de
696 892 1073 987 quorumsindicatuet
1085 893 1324 988 procuratione
1342 895 1430 964 iacta
1441 899 1493 964 est
1507 900 1622 964 nostre

215 1019 309 1092 curie
329 1019 431 1113 plena
452 1015 557 1102 tides,
582 1036 627 1088 ex
653 1023 750 1110 purte
776 1016 901 1102 altera,
927 1016 1094 1108 majestati
1112 1025 1227 1088 nostre
1248 1015 1423 1087 humiliter
1449 1014 1622 1109 supplica·

215 1153 294 1216 runt
311 1151 352 1214 nt
373 1140 622 1236 infrascripnm
639 1141 783 1211 formam
799 1139 893 1235 pacis
909 1149 944 1212 et
959 1139 1141 1213 concordie
1156 1139 1245 1212 inter
1265 1140 1380 1234 ipsum
1396 1136 1624 1233 patriarcham

217 1277 250 1340 et
263 1267 413 1362 prelatos
425 1264 576 1338 sindicus
591 1272 627 1336 et
639 1273 878 1359 procuratores
894 1285 960 1359 pro
978 1273 1075 1358 parte
1093 1264 1248 1358 ejusdem
1262 1263 1455 1336 communis
1469 1260 1514 1334 de
1529 1283 1624 1335 com·

220 1390 317 1462 muni
334 1390 512 1462 uoluntate
528 1395 721 1471 tractatam,
745 1398 780 1460 et
804 1388 1113 1482 utriusquepartis
1132 1407 1302 1460 consensu
1318 1385 1504 1471 firmatam,
1525 1385 1627 1457 robo-

218 1535 294 1588 rare
308 1535 453 1586 assensn
466 1520 582 1584 nostre
596 1511 807 1584 excellencie
819 1510 1054 1602 dignaremur.

266 1638 388 1708 Forma
402 1645 517 1707 autem
533 1634 788 1728 compositionis
808 1643 842 1706 et
860 1636 951 1729 pacis
966 1635 1043 1706 talis
1058 1643 1134 1706 est:
1158 1633 1270 1705 Primo
1288 1653 1392 1727 super
1408 1631 1496 1703 iacto
1503 1631 1627 1723 judicii

220 1759 385 1847 civitatis,
408 1759 503 1853 quod
520 1759 551 1831 si
568 1756 709 1852 quando
722 1767 853 1830 rectore
868 1757 987 1828 civitas
1002 1757 1223 1852 Iustinopolis
1237 1755 1427 1848 indigeret,
1444 1755 1509 1850 ipsi
1525 1757 1542 1826 J
1546 1757 1628 1828 usti·

220 1883 408 1977 nopolitaui
428 1881 559 1954 debent
573 1891 641 1952 tres
657 1881 827 1954 deYstria
843 1880 898 1950 vel
913 1880 958 1951 de
975 1880 1060 1952 Foru
1078 1879 1158 1951 Iulii
1179 1879 1415 1952 tantummodo
1433 1881 1624 1970 nominare,

219 2028 328 2078 unum
351 2006 498 2078 lihcmm
518 2015 553 2078 et
574 2004 658 2076 alios
682 2003 771 2076 duos
795 2003 1031 2076 ministeriales
1050 2003 1193 2076 ecclesie
1216 2002 1476 2098 aquilegensis,
1504 2003 1564 2096 qui
1592 2005 1628 2075 in

221 2129 313 2202 bona
330 2130 506 2201 voluntate
522 2127 632 2222 ipsius
646 2125 837 2222 patriarche
853 2137 888 2198 et
904 2125 1013 2219 gratia
1028 2125 1234 2214 habeantur,
1255 2135 1289 2197 et
1312 2127 1464 2221 ipsorum
1481 2147 1573 2198 unus
1592 2127 1629 2199 in

220 2261 385 2325 rectorem
405 2251 473 2339 eis,
496 2271 598 2345 quem
617 2259 732 2324 mmen
750 2250 943 2345 patriarcha
967 2250 1162 2322 nominatus
1182 2251 1340 2344 elegerit,
1360 2249 1577 2324 concedetur.
1594 2251 1629 2322 Si

222 2397 304 2449 vero
319 2375 394 2448 illos
410 2384 497 2465 trec,
514 2375 575 2469 qui
593 2375 704 2470 primo
725 2376 900 2448 extiterint
916 2375 1101 2466 nominati,
1126 2374 1239 2447 dictus
1258 2373 1448 2470 patriarcha
1466 2375 1502 2446 in
1519 2375 1631 2470 gratia

222 2523 284 2574 sna
299 2507 338 2572 et'
350 2501 442 2572 bona
456 2500 633 2572 voluntate
649 2521 717 2573 non
735 2499 878 2591 habeat,
896 2500 1020 2572 iterum
1038 2499 1314 2594 Iustinopolitani
1330 2507 1399 2571 tres
1415 2499 1499 2571 alios
1513 2499 1632 2572 nomi-

225 2624 373 2715 nabunt,
389 2633 423 2696 et
439 2623 489 2696 sic
504 2622 637 2695 tamdiu
654 2623 830 2696 electionis
847 2622 975 2696 modus
992 2624 1056 2695 iste
1068 2622 1281 2717 probabitur,
1302 2639 1484 2716 quousque
1502 2623 1580 2694 talis
1597 2623 1632 2694 in

225 2751 377 2845 ipsorum
394 2747 628 2819 nominatione
644 2746 825 2839 deveniat,
842 2769 946 2842 quem
963 2747 1155 2843 patriarcha
1174 2747 1297 2841 ipsein
1314 2755 1478 2818 rectorem
1496 2746 1634 2819 duxerit

225 2869 496 2944 concedendurn.
514 2871 691 2942 Provisum
711 2881 762 2942 est
779 2871 882 2944 etiam
897 2881 933 2944 et
945 2871 980 2942 in
998 2872 1073 2966 ipsa
1089 2872 1195 2942 lorma
1215 2878 1397 2958 statutum,
1416 2869 1512 2962 quod
1526 2870 1634 2966 ipsius

225 2993 418 3091 patriarche
430 2995 595 3068 castaldio
608 2995 645 3068 in
657 2995 794 3069 ciuitate
807 2997 881 3090 ipsa
898 2997 1033 3091 plenam
1047 2997 1173 3068 habeat
1186 3003 1386 3090 potestatem
1402 2996 1551 3068 faciendi
1563 3019 1635 3069 om·

226 3119 341 3211 nibus,
359 3119 575 3215 presentibus
590 3119 662 3192 suis
675 3118 865 3212 judicibus,
882 3121 1068 3210 rationem,
1085 3119 1244 3193 videlicet
1262 3117 1307 3191 de
1320 3118 1456 3190 allodiis
1470 3120 1631 3214 propriis,

227 3243 271 3316 de
293 3242 500 3338 suspendio,
520 3243 779 3334 exoculatione,
799 3243 1008 3316 abscissione
1024 3245 1277 3331 membrorum,
1299 3241 1344 3314 de
1365 3243 1571 3337 latrociniis,
1590 3243 1636 3317 de

227 3367 326 3438 furtis
344 3365 620 3458 contingentibus
637 3367 855 3456 sanguinem,
875 3365 920 3437 de
937 3367 1100 3438 omnihus
1116 3367 1213 3460 penis
1228 3365 1478 3461 corporalibus,
1499 3387 1567 3462 que
1584 3367 1635 3441 vi·

228 3487 353 3561 dentur
368 3487 414 3560 ad
432 3510 555 3582 penam
570 3489 939 3582 sanguinispertinere,
956 3498 1100 3584 excepta
1117 3488 1337 3583 instigatione
1346 3511 1451 3583 quam
1468 3511 1530 3585 pro
1541 3491 1634 3565 blas·

228 3613 329 3688 lcmia
341 3613 418 3684 sive
435 3613 557 3705 injuria
576 3612 698 3685 rectori
716 3613 774 3685 vol
790 3613 989 3684 oonsulibus
1007 3613 1109 3686 illatis
1127 3623 1186 3686 aut
1205 3614 1306 3686 etiam
1323 3635 1386 3709 pro
1402 3615 1491 3688 furto
1506 3615 1636 3690 herba·

231 3758 306 3808 rum
325 3735 381 3808 vel
404 3737 576 3808 fructuum
594 3737 672 3829 quis
688 3746 854 3827 meretur,
877 3737 961 3807 dum
982 3738 1100 3830 nequit
1117 3740 1219 3827 Juxta
1232 3745 1359 3810 statuta
1377 3739 1526 3811 civitatis
1545 3741 1635 3813 lurta

229 3859 429 3952 hujusmodi
447 3858 647 3950 emendare,
664 3869 698 3931 et
713 3859 852 3931 demum
867 3859 912 3932 de
932 3861 1093 3932 omnibus
1106 3860 1183 3932 aliis
1202 3882 1271 3954 que
1280 3870 1434 3956 spectare
1443 3860 1489 3933 ad
1501 3883 1634 3934 merum

229 3996 263 4060 et
280 3987 428 4059 mixtum
438 3985 618 4080 imperium
636 4007 676 4058 ac
690 3987 819 4078 regalia
831 3985 1092 4080 dignoscuntur.
1108 3986 1276 4060 Additum
1289 3998 1341 4060 est
1358 3989 1461 4060 etiam
1477 3989 1511 4060 in
1527 3989 1635 4062 torma

229 4111 321 4204 ipsa,
348 4111 442 4204 quod
464 4111 554 4183 circa
570 4110 694 4182 testum
715 4110 894 4180 beatorum
916 4111 1004 4180 Petri
1025 4119 1060 4180 et
1080 4110 1174 4181 Pauli
1191 4111 1348 4204 proxime
1369 4122 1555 4184 venturum
1575 4135 1635 4208 pa·

228 4235 376 4308 triarcha
396 4235 571 4330 predictus
589 4235 762 4306 civitatem
787 4235 896 4329 ipsam
919 4235 1057 4306 intrabit
1078 4245 1112 4307 et
1133 4235 1178 4308 de
1202 4235 1410 4329 prudentum
1434 4259 1575 4310 suornm
1601 4247 1635 4310 et

229 4360 426 4433 officialium
437 4359 599 4432 conscilio
615 4368 740 4430 statuta
751 4359 899 4430 civitatis
915 4359 1135 4442 examinum,
1153 4358 1182 4430 si
1199 4380 1269 4453 qua
1283 4359 1454 4432 invenerit
1468 4363 1634 4434 contraria

227 4483 363 4575 juribus
381 4481 635 4554 marchionatus
656 4481 710 4552 sui
736 4491 770 4554 et
788 4481 977 4576 regalium,
999 4483 1055 4554 illa
1075 4481 1317 4576 pronunciabit
1337 4483 1431 4555 irrita
1453 4492 1487 4555 et
1510 4495 1636 4558 statuet

231 4627 300 4678 non
319 4605 455 4695 valere,
477 4603 579 4676 dictis
596 4604 731 4676 statutis
746 4605 993 4699 adjiciensque
1008 4604 1127 4676 honori
1149 4626 1213 4676 suo
1235 4615 1270 4678 ct
1292 4605 1441 4678 civitatis
1455 4607 1635 4680 commodo

230 4727 356 4800 viderit
374 4727 550 4824 expedire.
571 4727 606 4800 Si
626 4749 708 4801 vero
725 4749 887 4823 processu
907 4729 1068 4822 temporis
1088 4729 1363 4824 Iustinopolitani
1383 4730 1448 4825 ipsi
1470 4741 1634 4806 rectorem
