4242 5904
242 538 343 600 lsurcr.
362 533 421 620 ll.]
695 537 891 600 HISTORIA
916 535 1209 600 utruouartca
1596 535 1657 596 219

242 677 408 751 rato'rcm
428 667 605 778 dirigitur
626 669 856 777 responsalis
880 669 1037 777 aPapa.
1058 668 1159 752 Hrcc.
1179 695 1225 749 nn
1249 667 1290 750 S.
1319 667 1515 774 Granico,
1537 668 1659 749 Claro-

243 799 319 882 ru'c.
341 801 391 882 ad
408 827 572 904 annum,
595 826 656 909 ap.
678 801 885 908 Macaron,
905 800 1111 911 Scriptum,
1134 810 1164 882 t.
1181 799 1268 906 VII,
1287 825 1327 907 p.
1352 800 1470 880 1059.

297 1333 372 1431 Qui
390 1333 624 1444 [imperator]
644 1333 796 1417 veniens
814 1359 893 1416 non
911 1332 1025 1443 longe
1044 1332 1093 1415 ab
1118 1359 1251 1416 eorum
1269 1334 1365 1417 urbe
1383 1335 1487 1441 (scil.
1508 1334 1656 1446 Brixia)
1711 1363 1833 1418 aaron.

242 1465 282 1547 in
301 1466 577 1576 campestribus
596 1469 697 1576 apud
720 1466 865 1549 flumen
888 1467 1017 1549 Sancti
1039 1465 1182 1573 Lucae,
1202 1467 1276 1550 hoc
1297 1477 1356 1550 est
1382 1467 1432 1550 ad
1458 1467 1657 1551 occiduam

241 1610 390 1707 partem
408 1599 568 1682 civitatis
586 1609 874 1682 castrametatus
891 1608 949 1681 est
966 1600 1028 1682 die
1046 1600 1180 1681 martis
1206 1601 1316 1682 tertia
1338 1601 1481 1683 mensis
1504 1602 1657 1711 augusti

243 1731 334 1813 anni
366 1732 417 1816 M.
434 1732 506 1815 CC.
520 1732 717 1816 XXXVIII.
748 1733 796 1818 Et
817 1733 949 1816 erectis
979 1732 1094 1814 variis
1121 1732 1311 1816 bellorum
1342 1734 1529 1816 machinis
1555 1735 1656 1818 civi-

243 1874 360 1947 tatem
378 1865 501 1974 ipsam
522 1866 763 1950 vehementer
786 1866 1017 1978 expugnavit
1035 1865 1110 1976 (1).
1131 1866 1249 1949 lacos.
1275 1867 1458 1974 mursa,
1483 1868 1652 1950 Clrouic.

243 1997 373 2105 Bria„
394 2024 456 2108 ap.
477 1998 683 2097 Muaarou„
706 1998 912 2108 Scriptor.,
943 2008 973 2081 t.
994 1998 1091 2108 xlv,
1111 2025 1151 2108 p.
1173 2001 1267 2082 911.

472 2319 951 2331 ——u--ovn-n—m——u—-u
957 2322 976 2330 ι-
982 2320 1425 2334 *ffi-

295 2595 523 2704 Fridericus,
540 2598 801 2682 Romanorum
818 2599 1037 2708 imperator,
1057 2598 1264 2684 Gottelrido
1282 2601 1331 2682 de
1349 2597 1570 2682 Hohenloch
1588 2599 1656 2709 qui
1697 2597 1850 2693 „batilla

243 2727 316 2812 sibi
343 2730 661 2814 mundiburdium
688 2731 756 2812 filii
778 2758 824 2814 ac
845 2732 1036 2816 bonorum
1058 2733 1254 2840 quondam
1281 2731 1432 2816 Rudolfi
1454 2733 1503 2815 de
1521 2733 1655 2815 Kisse—
1723 2702 1828 2809 PHH’.

242 2861 339 2949 lowe
360 2889 449 2946 cum
468 2864 655 2948 eventuali
679 2865 914 2948 successione
935 2864 1159 2975 resignavit,
1179 2865 1220 2944 in
1238 2863 1479 2948 excambium
1499 2865 1602 2947 bona
1619 2873 1657 2946 et

243 2993 418 3078 homines
436 2998 634 3106 quondam
652 2996 799 3080 Alberti
816 2998 864 3080 de
889 2996 1008 3107 Tylen
1030 2997 1070 3078 in
1089 2995 1203 3080 leudo
1221 2996 1451 3105 possidenda
1468 2997 1652 3082 concedit.

325 3214 460 3294 (Edlder.
480 3217 651 3289 Lunswre,
672 3213 821 3298 Reliquiae
833 3217 1038 3296 marceat,
1055 3223 1079 3277 t.
1094 3219 1140 3291 11,
1154 3235 1182 3294 p
1200 3226 1271 3278 rao.
1284 3247 1325 3263 -
1339 3217 1580 3298 umssmmaa,
1599 3217 1656 3280 bt-

358 3319 543 3400 ploructirclt.
560 3323 682 3383 amnas
699 3321 747 3383 der
764 3321 876 3384 Haurer
890 3321 1027 3402 nebu,
1045 3329 1071 3384 t.
1085 3323 1116 3402 I,
1131 3339 1162 3400 p.
1178 3331 1249 3400 ⁴03,
1270 3331 1304 3384 n·
1317 3323 1429 3396 XXIX,
1443 3340 1481 3384 cx
1493 3323 1654 3405 originali.)

290 3513 504 3606 Fridericus,
522 3515 586 3588 Ilei
603 3517 712 3608 gratia
728 3517 959 3588 llomanorum
980 3517 1164 3610 imperator
1185 3536 1322 3610 semper
1343 3525 1530 3609 augustus,
1555 3519 1655 3590 Jeru-

243 3637 348 3710 salem
364 3647 399 3710 et
418 3639 535 3711 Sicilie
551 3660 627 3711 rex.
653 3640 717 3712 Per
734 3661 874 3734 presens
895 3641 1061 3734 scriptum
1084 3647 1205 3710 notum
1228 3638 1371 3710 tacimus
1393 3639 1566 3712 universis
1589 3640 1654 3711 im-

278 3968 317 4042 (t)
336 3969 461 4028 «Comes
475 3969 634 4028 Gaboardus
646 3970 691 4044 [de
706 3970 841 4045 Amsteinl
859 3986 921 4026 cunr
941 3984 1038 4044 magna
1054 3969 1167 4026 militum
1181 3969 1307 4028 comitiva
1323 3971 1438 4028 Tusciae
1451 3977 1480 4027 et
1498 3970 1612 4044 Apuliae
1626 3980 1654 4030 et

244 4066 437 4125 &arenarum
449 4071 483 4126 ad
496 4069 585 4143 ipsum
597 4069 833 4127 exercitumvenit.
845 4068 969 4126 Habebat
981 4073 1070 4124 autem
1084 4067 1228 4140 Imperator
1239 4068 1268 4124 in
1281 4068 1420 4126 obsidione
1429 4070 1563 4144 praedicta
1578 4087 1653 4126 exer·

242 4164 322 4221 citum
341 4181 470 4239 maguum
489 4167 727 4236 Theotonicorum,
742 4167 965 4235 lombardorum,
980 4165 1095 4221 militum
1110 4165 1302 4236 Romanorum,
1319 4165 1480 4238 Apulorum,
1494 4167 1652 4237 Tuscorum,

243 4261 376 4333 llarcbae,
390 4263 555 4338 Romagnae.
572 4265 657 4322 Erant
669 4263 741 4321 euim
759 4279 822 4320 cum
835 4278 867 4320 eo
888 4262 1040 4336 patriarcha
1054 4261 1264 4334 Aquilegieusis,
1279 4262 1470 4336 amblepiscopi
1489 4263 1613 4321 Coloniae
1626 4269 1653 4318 et

243 4357 401 4432 Hagnntiae,
420 4360 521 4419 milites
539 4361 611 4433 regis
622 4361 747 4433 Angliae,
767 4361 894 4417 Franciae
906 4365 933 4416 et
951 4359 1103 4432 Hispaniae,
1118 4373 1209 4415 comes
1218 4358 1372 4416 Provinciae
1388 4374 1451 4416 cum
1462 4364 1569 4416 eentum
1583 4359 1652 4416 mili·

243 4453 326 4526 tibus,
340 4455 440 4513 militas
456 4472 565 4531 quoque
577 4457 680 4515 soldani
693 4463 721 4514 et
736 4457 839 4514 Vatacii
857 4457 1022 4514 Graecorum
1039 4456 1207 4528 imperatoria
1229 4455 1394 4530 aliarumque
1409 4456 1575 4513 diversarum
1588 4471 1651 4530 gen·

243 4549 314 4609 tium
339 4553 462 4610 Habebat
479 4555 551 4611 enim
569 4555 766 4611 multitudinem
785 4553 934 4624 mulorum,
949 4552 1129 4624 camelorum,
1150 4553 1376 4610 dromedariorum
1395 4552 1572 4610 deferentium
1593 4553 1651 4610 the·

244 4661 350 4708 sacrum
364 4657 392 4708 et
402 4667 537 4710 cameram
549 4652 682 4712 exercicia
694 4653 762 4725 ejus.
777 4670 790 4705 r
807 4651 933 4710 Cironic.
944 4649 976 4708 de
988 4649 1044 4708 reb.
1060 4651 1093 4706 ia
1105 4649 1162 4707 Ital
1173 4656 1252 4724 pest,
1266 4667 1294 4724 p.
1310 4651 1362 4705 lia
1376 4653 1404 4706 et
1417 4651 1479 4706 l'll.
