4224 5898
480 541 541 604 aaa
980 540 1192 604 rnrurrrcr
1214 539 1387 604 sucuunr
1703 537 1886 618 [turma.

480 696 622 748 manum
638 675 694 746 vel
718 673 842 768 padam
858 675 992 768 absque
1012 677 1087 767 ejus
1110 685 1228 749 movet
1247 675 1406 772 imperio,
1425 673 1460 744 iu
1480 671 1585 745 tidem
1609 671 1813 745 catholicam
1830 674 1889 745 ba·

480 799 566 871 rasis
586 797 689 870 latius
711 818 845 870 venena
864 797 1074 871 diffunderet
1095 809 1129 871 at
1147 800 1286 873 libertas
1302 795 1453 870 Ecclesia
1469 795 1569 890 quasi
1588 793 1724 890 penitus
1745 796 1888 868 concul-

481 929 558 994 cata
567 921 711 1013 jaceret,
731 943 801 994 non
815 921 1021 994 credebatur
1038 923 1142 1016 capiti
1162 923 1281 996 salutis
1297 920 1466 994 adhibere
1480 915 1671 992 remedium
1689 918 1751 1012 qui
1764 917 1888 1013 pedem

481 1066 546 1117 suo
566 1043 764 1116 reddiderat
788 1053 946 1117 contactu
966 1045 1176 1118 morbosum.
1202 1045 1328 1140 Sicqua
1347 1063 1551 1139 responsum
1575 1037 1775 1134 hujusmodi
1792 1042 1890 1136 lapsu

481 1167 609 1239 modici
622 1169 785 1263 temporis
799 1169 1023 1262 approbante,
1047 1167 1168 1241 audito
1187 1169 1283 1263 quod
1299 1168 1443 1264 qnidam
1457 1187 1566 1262 pravo
1581 1165 1713 1239 seducti
1731 1166 1887 1253 oonsilio,

480 1289 633 1363 Ecclesia
651 1300 774 1363 terram
797 1291 925 1364 intrare
940 1291 1117 1390 volebant,
1138 1293 1173 1364 in
1193 1293 1344 1364 Siciliam
1363 1291 1464 1385 quasi
1489 1292 1570 1382 loga
1589 1297 1702 1384 capta,
1723 1309 1769 1360 ua
1788 1297 1890 1383 rupta

481 1413 661 1508 promissio
675 1435 755 1486 enm
770 1414 926 1488 salsitatis
938 1423 1117 1509 argueret,
1138 1415 1294 1510 protinus
1307 1415 1405 1504 abiit,
1424 1434 1467 1486 ac
1482 1423 1598 1486 contra
1617 1412 1694 1484 illos
1708 1411 1818 1483 verbo
1833 1413 1889 1484 vel

480 1555 585 1630 opere
606 1535 641 1606 iu
665 1537 782 1630 aliquo
805 1559 875 1610 non
899 1539 1080 1633 prooessit,
1103 1537 1206 1611 uobis
1232 1539 1469 1634 improperans
1491 1535 1586 1630 quod
1607 1542 1819 1608 revertentes
1844 1533 1891 1606 ad

480 1656 604 1730 Urbem
623 1659 794 1732 Romanos
818 1659 907 1734 filios
930 1660 1096 1754 speciales
1111 1660 1263 1734 Ecclesia
1286 1662 1332 1734 ad
1358 1661 1478 1733 matris
1502 1658 1723 1732 devotionem
1749 1665 1889 1752 paterna

481 1779 680 1853 curavimus
709 1781 888 1875 diligentia
911 1805 1089 1857 revocare.
1118 1784 1214 1857 ldem
1240 1785 1398 1879 iusuper,
1427 1783 1598 1854 intellecto
1622 1778 1718 1874 quod
1741 1779 1818 1851 illos
1844 1777 1889 1850 ab

480 1902 633 1976 Ecclesia
646 1903 812 1976 charitate
830 1906 1170 2000 seJungare‘quidam
1185 1907 1376 2001 iniquitatis
1393 1904 1455 1978 filii
1475 1905 1686 1992 nitebantur,
1700 1910 1735 1974 at
1750 1901 1891 1994 maugi-

480 2036 551 2100 tato
571 2026 667 2119 quod
691 2027 826 2100 facilius
851 2028 941 2102 hano
956 2039 990 2101 at
1012 2031 1088 2101 illos
1114 2031 1324 2125 opprimeret
1342 2029 1371 2101 si
1395 2030 1560 2124 prolatam
1576 2026 1778 2098 charitatem
1795 2043 1890 2096 acer-

480 2149 559 2220 bius
575 2147 697 2222 fraude
715 2152 814 2223 solita
835 2152 1049 2240 vulneraret,
1075 2153 1176 2225 nobis
1202 2161 1285 2224 tunc
1308 2153 1412 2224 Reate
1441 2151 1668 2246 presentibus,
1693 2145 1741 2220 ad
1766 2146 1888 2219 Sedam

480 2273 631 2344 cucurrit
648 2271 883 2367 Apostolicam
910 2275 1013 2347 etiam
1035 2297 1106 2348 non
1127 2285 1284 2369 rogatus,
1301 2275 1363 2346 ubi
1382 2275 1451 2346 sub
1473 2274 1580 2345 multa
1597 2271 1791 2343 humilitate
1810 2289 1890 2363 pro-

480 2395 618 2468 mittens
643 2396 739 2490 quod
763 2408 889 2470 terram
912 2397 1066 2470 Ecclesia
1090 2399 1257 2493 perditam
1277 2399 1313 2470 iu
1334 2399 1482 2492 primum
1509 2405 1635 2468 statum
1654 2394 1833 2466 reduceret
1857 2402 1891 2464 at

480 2519 590 2613 ipsam
609 2541 671 2613 pro
688 2521 822 2594 viribus
839 2521 1048 2608 defensaret,
1069 2523 1105 2592 iu
1122 2523 1247 2594 Tuscia
1264 2523 1310 2595 ad
1327 2542 1431 2616 qnam
1447 2521 1540 2593 viras
1558 2541 1640 2592 suas
1659 2518 1820 2606 contulit,
1836 2537 1890 2588 ra-

480 2644 736 2736 cuperationam
761 2645 942 2737 cujusdam
966 2646 1095 2718 castelli
1121 2647 1216 2740 quod
1236 2647 1354 2739 adjus
1370 2645 1523 2718 Ecclesia
1540 2643 1676 2716 modico
1699 2639 1820 2714 reduci
1839 2641 1890 2711 ta·

480 2765 563 2838 bora
576 2775 726 2860 potarat,
745 2767 937 2862 impedivit.
959 2770 1001 2840 Et
1016 2792 1096 2842 cum
1112 2769 1229 2842 adhuc
1247 2791 1367 2841 manus
1389 2766 1555 2840 tradentis
1573 2767 1752 2840 nobiscum
1776 2769 1892 2835 esseut

479 2888 517 2960 in
541 2910 678 2978 mansa,
703 2911 781 2962 cunr
801 2891 957 2965 hostibus
975 2893 1138 2983 Ecclesia,
1159 2893 1249 2966 siout
1270 2913 1316 2965 ax
1343 2890 1588 2986 consequentia
1612 2888 1692 2960 iacti
1717 2895 1752 2960 et
1769 2884 1891 2956 litteris

479 3011 645 3106 suisque
669 3035 691 3086 a
719 3014 818 3086 nobis
843 3015 879 3088 iu
909 3025 1002 3088 tante
1026 3016 1228 3110 proditionis
1256 3015 1490 3088 testimonium
1514 3020 1751 3096 reservantur,
1775 3013 1891 3101 aperta

480 3135 709 3228 convincitur,
725 3137 791 3210 hoc
805 3137 905 3232 signo
919 3139 1000 3212 dato
1014 3139 1096 3212 inda
1109 3140 1262 3212 vicarius
1277 3138 1406 3234 pepigit
1420 3138 1456 3208 in
1471 3137 1561 3230 ipso,
1577 3141 1670 3206 carto
1686 3129 1744 3204 die
1760 3127 1891 3202 exinde

480 3257 677 3350 recedente,
696 3259 744 3331 illi
763 3260 809 3333 ad
832 3283 928 3334 arma
952 3263 1016 3334 iste
1040 3285 1140 3336 mons
1164 3263 1303 3359 pestifer
1329 3259 1522 3336 devotionis
1543 3255 1709 3350 obsequia
1730 3251 1886 3348 prestitit.

479 3379 655 3456 Attendite
679 3383 799 3476 quales
820 3385 971 3459 Ecclesia
987 3387 1173 3459 famulatus
1189 3386 1345 3460 occultus
1361 3383 1469 3458 hostis
1492 3379 1675 3476 impendit,
1699 3377 1760 3472 qui
1779 3377 1816 3447 in
1833 3395 1891 3446 ac-

480 3501 710 3576 clesiasticum
736 3508 968 3580 transformari
990 3529 1058 3582 nou
1085 3509 1224 3582 erubuit
1247 3507 1414 3580 famulum
1442 3515 1480 3578 ut
1502 3503 1602 3578 nobis
1623 3501 1670 3574 ad
1693 3497 1890 3573 nocendum

480 3623 577 3698 flaret
596 3627 779 3701 efficacior.
800 3631 864 3703 Pro
884 3629 983 3704 firmo
1005 3641 1119 3704 tamen
1140 3655 1204 3705 vos
1227 3641 1344 3706 tenera
1367 3629 1527 3726 cupimus
1542 3625 1638 3722 quod
1656 3645 1719 3698 nos
1742 3621 1799 3693 bis
1824 3619 1890 3692 sub

480 3747 751 3824 dissimulatione
777 3755 964 3847 preteritis,
985 3756 1077 3829 circa
1104 3779 1185 3830 eum
1214 3755 1330 3829 adbuc
1359 3775 1428 3826 uon
1457 3751 1692 3848 permittentes
1715 3725 1890 3817 immutari

480 3871 640 3944 affectum
656 3877 842 3969 apostolice
860 3879 1032 3973 puritatis,
1050 3901 1111 3974 per
1130 3880 1262 3953 dictum
1287 3877 1603 3973 archiepiscopum,
1624 3869 1807 3943 commisso
1824 3864 1889 3938 sibi

480 3994 663 4088 legationis
681 3997 809 4092 officio,
826 4001 905 4091 jnra
926 4001 959 4075 ai
982 4013 1017 4075 at
1035 4005 1168 4099 prefato
1193 4000 1350 4076 Comado
1367 4001 1403 4073 iu
1427 3998 1549 4074 eodem
1568 4015 1675 4090 ragno
1697 3989 1891 4083 Hierosoly·

479 4116 610 4190 mitauo
629 4119 871 4194 mandavimus
898 4124 1070 4199 subtracta
1094 4126 1240 4199 restitui.
1264 4125 1332 4211 Qui
1354 4124 1433 4197 licet
1457 4122 1495 4194 id
1520 4108 1758 4210 lecerit,i1uia
1775 4123 1890 4185 tamen

480 4239 625 4312 formam
644 4242 711 4314 sibi
729 4243 845 4317 datam
868 4249 1116 4342 propterquod
1134 4249 1179 4322 ab
1198 4269 1241 4322 ao
1262 4248 1309 4321 ad
1326 4267 1390 4320 uos
1414 4245 1529 4320 extitit
1551 4241 1762 4340 appellatum
1786 4253 1889 4308 axae·

481 4359 584 4454 daus,
598 4345 736 4438 Terram
756 4368 934 4463 Sanctam,
958 4371 1053 4465 quod
1069 4380 1121 4444 ast
1137 4371 1334 4444 inauditum
1351 4391 1372 4443 a
1389 4367 1517 4460 seculo,
1532 4373 1608 4462 post
1624 4357 1889 4458 appellationem

480 4484 585 4577 hujus
600 4490 768 4564 sententia
782 4494 966 4591 supposuit
986 4494 1179 4586 interdicto,
1195 4517 1259 4568 nos
1275 4492 1489 4570 attendentes
1503 4487 1599 4584 quod
1613 4486 1659 4560 ob
1672 4484 1711 4558 id
1726 4483 1764 4555 iu
1779 4477 1890 4554 maxi·

480 4628 575 4680 mum
603 4608 757 4700 ejusdem
782 4622 870 4690 terre
891 4618 1083 4714 periculum
1108 4619 1284 4715 peregrini
1313 4639 1359 4692 ax
1382 4617 1458 4714 ipsa
1480 4613 1684 4688 recederent
1701 4617 1736 4682 at
1759 4603 1818 4680 alii
1839 4603 1889 4673 iu·
