4246 5906
506 561 568 626 sus
1009 572 1224 638 sarcarum
1250 573 1423 636 saeuum
1734 572 1813 657 [nn.
1834 574 1919 636 rano.

505 701 598 774 niam
618 701 664 774 ad
688 703 811 778 milites
833 713 969 780 nostros
995 707 1032 780 in
1054 709 1206 784 diarchia
1236 709 1472 786 deferendam.
1492 707 1595 794 Quod
1618 717 1735 782 antem
1759 710 1921 804 scripsisti

505 823 608 898 nobis
622 824 668 899 de
684 826 794 921 galeis
811 829 936 904 nostris
952 853 1021 926 qne
1039 842 1121 906 snut
1139 833 1235 930 apud
1250 833 1363 924 Pisas,
1378 831 1475 929 quod
1491 831 1575 905 inde
1590 839 1747 906 mesoent
1763 842 1921 928 sumptos

506 947 536 1020 si
554 947 644 1021 bene
660 959 695 1022 et
711 951 868 1026 studiose
891 964 1067 1028 armentur
1087 965 1122 1030 ct
1143 957 1205 1030 tibi
1229 958 1360 1030 bonum
1380 955 1521 1030 videtur
1542 965 1578 1028 et
1602 956 1685 1029 utile
1710 955 1807 1049 quod
1834 956 1921 1030 bene

506 1080 681 1164 parentur,
700 1077 902 1152 excellentie
921 1088 1038 1152 nostre
1052 1080 1176 1174 placet.

555 1196 680 1270 Datum
699 1199 796 1294 apud
812 1200 968 1294 Burgum
985 1203 1139 1296 Somni,
1160 1203 1237 1278 XIV
1253 1203 1464 1287 decembris,
1489 1202 1567 1276 Xlll
1583 1201 1795 1276 indictionis.

559 1761 719 1846 Litterae
746 1763 984 1874 responsales
1003 1765 1052 1846 ad
1071 1775 1255 1848 secretum
1278 1765 1457 1850 Panormi
1475 1766 1524 1848 de
1548 1765 1685 1848 idoneo
1703 1765 1786 1847 viro
1809 1790 1920 1872 super

505 1893 629 1978 officio
660 1905 841 2003 pomunm
869 1905 1033 2002 statuto,
1057 1897 1106 1978 de
1137 1895 1248 1979 bonis
1279 1897 1458 1980 ecclesiae
1488 1895 1767 2006 Montisregalis
1796 1894 1921 1978 illicito

505 2027 686 2130 detentis,
718 2028 767 2110 de
796 2027 970 2136 expensis
1002 2028 1264 2135 minorandis,
1295 2029 1345 2112 de
1376 2029 1564 2112 solutione
1592 2029 1849 2131 decimarum,
1874 2027 1921 2109 de

506 2159 808 2268 bajulationibus
831 2160 881 2242 ad
899 2159 1084 2243 cabellum
1104 2160 1295 2268 locandis,
1321 2163 1370 2244 de
1391 2159 1705 2271 quaternionibus
1726 2160 1920 2268 quondum

505 2289 723 2402 Raymundi
756 2290 889 2374 secreti
925 2291 1246 2402 transcribendis,
1278 2293 1327 2376 de
1360 2291 1437 2375 alio
1473 2302 1588 2402 gayto
1627 2291 1807 2374 Panormi
1840 2302 1921 2372 sta-

506 2424 662 2507 tuendo.

588 2631 717 2714 (liopert.
730 2633 834 2712 smper.
848 2629 968 2693 stodor.
982 2633 1022 2708 11,
1037 2633 1090 2694 iol.
1110 2640 1147 2698 tt
1162 2651 1266 2710 verso3
1280 2637 1312 2696 in
1325 2633 1396 2697 odit.
1412 2635 1550 2708 mucan,
1565 2650 1596 2712 p.
1613 2632 1695 2713 sss)

557 2817 735 2888 liccdnnto
746 2815 877 2886 doutirw
891 2817 1088 2910 imperatore
1097 2839 1161 2914 por
1173 2819 1339 2890 murium
1351 2817 1552 2890 lliocordum
1566 2815 1606 2887 de
1622 2819 1772 2910 Prcjccto
1791 2817 1919 2912 scripsit

508 2941 654 3014 nonnos
672 2940 832 3033 sopato
848 2939 888 3010 dc
903 2939 1064 3012 Sclcrno:

557 3063 777 3152 Fredericus‚
802 3072 891 3154 etc,
919 3063 1071 3136 Obberto
1092 3063 1355 3137 Fallamonaoho
1381 3073 1515 3136 secreto
1539 3064 1717 3154 Panormi,
1740 3073 1808 3136 etc.
1836 3063 1921 3136 Con·

509 3198 609 3262 sueta
634 3187 848 3278 benignitate
877 3187 1071 3282 recepimus
1098 3188 1347 3280 lieterastuas,
1369 3187 1474 3261 etad
1499 3189 1730 3282 singulaque
1758 3187 1921 3283 scripsisti

509 3311 711 3384 benivolum
741 3309 952 3406 prestitimus
979 3309 1202 3384 intellectum.
1232 3310 1334 3396 Quod
1361 3319 1477 3382 autem
1505 3309 1606 3383 nobis
1632 3309 1832 3404 significasti
1864 3333 1922 3408 per

509 3457 569 3508 eas
589 3433 686 3528 quod
710 3443 848 3528 recepto
867 3431 1031 3506 mandato
1053 3433 1231 3506 unstrode
1251 3431 1446 3506 ordinando
1467 3431 1585 3527 aliquo
1605 3431 1698 3507 fideli
1720 3433 1870 3508 discreto
1890 3443 1923 3508 et

510 3557 647 3654 ydoneo
666 3558 742 3630 viro
760 3578 864 3652 super
882 3555 995 3628 officio
1020 3563 1183 3652 portuum
1203 3554 1299 3650 quod
1323 3555 1491 3628 hactenus
1513 3576 1736 3648 exercueras,
1758 3567 1924 3631 statueras

510 3683 547 3753 in
565 3682 640 3777 ipso
655 3681 768 3756 officio
792 3682 933 3754 Petrum
951 3679 997 3754 de
1018 3677 1220 3776 Agerentia,
1238 3681 1378 3752 noveris
1403 3680 1501 3774 quod
1519 3681 1550 3754 si
1569 3680 1664 3754 idem
1678 3682 1799 3756 Petrus
1816 3681 1924 3756 tidelis

507 3813 626 3878 noster
639 3815 692 3877 est
711 3815 745 3878 et
763 3804 885 3898 legalis
903 3825 968 3876 nec
985 3824 1055 3876 uon
1079 3801 1262 3900 providus,
1283 3803 1444 3899 diligens,
1462 3803 1622 3902 ydoneus
1639 3815 1673 3878 et
1690 3805 1866 3877 sufficiens
1880 3805 1923 3878 ad

512 3929 626 4024 ipsum
642 3927 793 4000 officium
816 3925 1069 4020 exercendum,
1091 3936 1129 3998 nt
1145 3937 1206 4000 tue
1227 3927 1344 4000 lietera
1366 3927 1608 4014 continebant,
1633 3927 1680 4000 ad
1705 3927 1925 4000 commodum

512 4060 548 4125 et
568 4049 750 4122 utilitatem
767 4050 863 4122 curie
880 4059 1013 4141 nostre,
1035 4049 1147 4145 placet
1163 4049 1264 4123 nobis
1288 4059 1323 4122 et
1344 4059 1441 4122 tunm
1465 4050 1548 4122 inde
1571 4049 1724 4123 studium
1748 4070 1926 4123 commen-

513 4173 658 4259 damos;
689 4173 735 4246 de
764 4175 832 4246 alio
859 4173 963 4246 etiam
986 4195 1091 4268 quem
1124 4173 1319 4268 subrogasti
1351 4175 1426 4246 loco
1454 4173 1609 4265 ejusdem
1636 4172 1797 4247 Petriad
1824 4193 1926 4246 exer-

513 4299 663 4372 cendum
679 4297 832 4370 officium
848 4296 1026 4390 iustitinrii
1043 4297 1139 4369 curie
1157 4305 1272 4370 nostre
1285 4295 1381 4392 quod
1400 4296 1491 4370 idem
1509 4297 1630 4369 Petrus
1645 4297 1801 4368 exercuit
1817 4314 1925 4390 usqne

514 4423 630 4512 modo,
647 4423 676 4494 si
693 4421 801 4512 utilis,
815 4420 975 4518 ydoneus
986 4429 1021 4493 et
1037 4420 1212 4493 sufficiens
1229 4419 1341 4492 estad
1356 4422 1466 4516 ipsum
1483 4421 1664 4494 servitium
1676 4421 1922 4504 exercendum,

514 4545 671 4618 similiter
693 4546 805 4640 placet
828 4543 942 4618 nobis.
963 4545 1012 4616 Dc
1035 4543 1248 4617 extractione
1265 4565 1348 4616 vem
1366 4544 1565 4616 victualium
1590 4545 1751 4616 volumus
1773 4551 1812 4613 ut
1826 4543 1924 4635 juxta

514 4667 610 4762 quod
626 4667 688 4740 tibi
707 4689 767 4763 per
787 4669 872 4740 alias
890 4667 1025 4740 lictaras
1041 4675 1174 4740 nostras
1197 4664 1461 4758 mandavimus,
1482 4664 1650 4762 procedas
1666 4675 1701 4738 et
1722 4665 1828 4738 incias
1842 4663 1922 4760 qnia
