4262 5910
503 543 564 608 eoa
1006 548 1220 612 snrnsnrcr
1245 549 1419 612 ssuuuur
1725 550 1804 636 [aas.
1823 552 1908 616 rasa.

552 681 591 752 ln
608 682 747 756 nomine
763 691 879 758 sanate
896 693 930 758 et
948 682 1130 756 individue
1148 683 1335 774 Trinitatis,
1356 681 1481 756 Amen.
1499 681 1707 772 Friderions,
1725 685 1789 758 Dei
1805 687 1913 779 pade

503 801 580 877 dux
601 802 740 878 Austris
760 815 795 880 et
815 807 943 903 Styrie,
964 807 1125 880 omnibns
1147 805 1271 880 Christi
1290 803 1468 896 fidelibus,
1488 815 1554 880 eto.
1574 807 1659 880 Cum
1681 807 1747 882 virt
1762 809 1912 903 religiosi

502 928 623 1000 trabes
640 927 817 1025 hospitalis
836 933 959 1004 Sancte
981 931 1088 1006 Maria
1106 930 1372 1004 Teutonieornm
1391 930 1650 1007 ierosolimitani
1672 932 1747 1004 suis
1766 933 1912 1024 exigen-

502 1051 596 1123 tibus
609 1053 737 1125 meritis
753 1064 822 1126 tam
836 1053 957 1128 aSede
971 1053 1169 1150 Apostolioa
1184 1075 1288 1149 quam
1302 1073 1432 1128 asuero
1447 1055 1591 1150 imperio
1604 1063 1672 1128 eta
1686 1054 1912 1132 dilectissimo

500 1187 597 1272 patre
621 1185 737 1250 nostro
763 1177 870 1250 ieiieis
895 1180 1060 1252 memorie
1080 1177 1256 1274 Leupoldo
1278 1177 1368 1252 duee
1384 1175 1535 1252 'dustria
1556 1180 1742 1252 multorum
1763 1180 1913 1274 privile-

501 1299 637 1394 giorum
653 1299 828 1392 gaudeant
847 1301 1021 1398 libertate,
1041 1309 1109 1376 ato.

549 1425 673 1496 Datum
692 1431 727 1496 et
741 1437 857 1496 aetum
869 1425 1036 1512 Wienne,
1056 1425 1092 1496 in
1106 1423 1293 1496 Nativitate
1309 1423 1463 1515 Domini,
1481 1432 1559 1519 post
1573 1424 1860 1520 oompositionem
1877 1435 1912 1499 et

500 1544 719 1619 oonoordiem
738 1547 827 1620 inter
847 1546 1027 1620 dominnm
1043 1555 1201 1620 nostrum
1221 1545 1460 1642 imperatorem
1475 1555 1511 1620 et
1533 1568 1596 1620 nos
1615 1547 1799 1621 solennitas
1815 1549 1910 1622 oete-

499 1669 633 1742 bratam
648 1669 678 1766 (t
688 1669 715 1764 ),
732 1691 824 1742 anno
844 1669 1088 1744 incarnationis
1105 1669 1278 1744 dominica
1291 1669 1454 1760 Mcctx,
1470 1669 1660 1744 indictione
1676 1671 1775 1762 XIII,
1794 1681 1909 1744 eoram

498 1793 644 1866 testibus
664 1793 877 1884 subnotatis,
896 1793 1059 1867 videlieet
1078 1793 1268 1866 venerabili
1293 1803 1388 1889 patra
1408 1794 1569 1868 Heinrioo
1593 1794 1754 1890 episeopo
1778 1797 1910 1870 Saeuo-

499 1917 612 1990 viensi
635 1925 671 1990 at
694 1916 835 1990 domino
862 1916 1029 1990 Leutoido
1056 1915 1298 1990 archidianono
1320 1917 1513 2007 Corinthia,
1540 1917 1705 2011 magistro
1727 1917 1844 1992 Utrioo·
1862 1919 1909 1992 de

498 2039 690 2135 Kirnbberg
711 2049 745 2113 et
767 2041 944 2116 nobilibus
967 2041 1050 2112 viris
1070 2040 1253 2114 Cbnnrado
1277 2039 1322 2114 de
1339 2040 1521 2114 Hardeklre
1542 2051 1577 2114 et
1595 2041 1709 2114 Uirieo
1730 2040 1776 2114 da
1801 2043 1908 2114 Peeea

499 2163 699 2250 nomitibus,
721 2163 885 2236 Leutotdo
908 2173 943 2236 et
960 2163 1074 2236 Utrioo
1096 2163 1258 2236 iratribus
1279 2163 1324 2236 de
1343 2163 1520 2255 Viidonia,
1540 2163 1725 2239 Cbunrado
1740 2166 1787 2238 de
1806 2167 1908 2238 ilint-

498 2286 622 2377 berob,
641 2285 816 2361 Friderieo
833 2295 867 2360 at
885 2287 1051 2360 Hertnido
1071 2287 1234 2360 iratribus
1257 2287 1302 2360 de
1321 2287 1479 2379 Patowe,
1502 2287 1662 2362 fleinuoo
1685 2287 1732 2362 de
1751 2287 1907 2364 flecken-

495 2409 602 2503 ¹berla,
621 2409 748 2482 statiis
764 2431 870 2504 quam
888 2411 1050 2504 pluribus¹
1065 2409 1135 2484 fide
1151 2408 1279 2504 dignis.

715 2715 1028 2730 n—-u-—onna-u-u
1036 2719 1098 2730 ..σοι
1105 2721 1207 2730 υ-ιιια-
1213 2721 1274 2730 ιιι-ι-
1281 2719 1521 2730 —u—--ue-nu-
1530 2717 1689 2730 u--u--nuuo

433 3033 456 3075 ι.
551 2997 728 3083 Mandata
749 2998 854 3080 varia
876 2997 925 3079 de
948 2997 1106 3106 captivis
1132 2995 1357 3082 Lombardis
1384 2999 1423 3078 in
1447 3023 1610 3108 regnum
1634 2995 1845 3080 deserendis
1870 3005 1907 3076 et

359 3087 394 3174 ’ἶ
441 3159 447 3172 ·
497 3155 565 3238 per
586 3128 812 3213 Riceardum
839 3131 888 3212 de
916 3129 1211 3237 Monteiuseulo,
1237 3129 1484 3240 justitiarium
1513 3129 1778 3240 Capitanatae,
1811 3129 1907 3212 inter

497 3261 659 3348 barones
676 3261 785 3372 regni
802 3261 1030 3345 diuidendis.

579 3463 706 3546 (Repeto
719 3463 823 3544 imper.
838 3459 957 3524 meta.
972 3461 1013 3543 11,
1028 3461 1081 3524 iol.
1097 3469 1132 3526 tt
1150 3467 1244 3538 raoto;
1256 3463 1289 3522 in
1302 3461 1375 3525 edit.
1389 3460 1527 3542 Carnam,
1541 3479 1572 3540 p.
1590 3469 1644 3524 tot
1661 3467 1692 3522 et
1703 3461 1802 3540 seqq.)

545 3643 592 3712 De
607 3641 763 3714 mandato
777 3639 948 3736 imperiali
963 3643 1051 3734 [noto
1061 3662 1126 3735 per
1136 3641 1334 3736 muporrum
1345 3639 1545 3714 Ricoardom
1558 3640 1599 3712 de
1614 3641 1763 3732 Treiecto
1774 3641 1907 3733 scripsit

496 3767 537 3836 P.
556 3763 597 3835 de
610 3764 726 3859 Capeto
739 3789 750 3834 .·

532 4064 569 4138 (t)
589 4061 776 4134 «Fridarious,
793 4061 847 4119 dux
861 4061 984 4118 austriae
994 4065 1023 4118 et
1035 4060 1152 4135 Styriae,
1168 4066 1278 4136 propter
1293 4060 1446 4134 ireqateotes
1458 4059 1583 4120 victorias
1595 4059 1693 4134 qttinus
1703 4073 1768 4118 snos
1782 4061 1911 4120 adseme-

496 4161 551 4220 rios
561 4160 658 4218 crebro
670 4159 780 4230 attrivit,
795 4163 890 4216 anetus
901 4159 1013 4230 uiribus,
1028 4159 1173 4216 wiennam
1184 4163 1308 4232 potanta
1321 4158 1440 4229 obsedit;
1454 4173 1524 4232 quaa
1539 4173 1632 4215 rerum
1645 4155 1716 4214 iesse
1727 4171 1761 4215 ao
1772 4155 1808 4214 de
1821 4155 1910 4216 miste

497 4257 636 4332 trepidans
652 4271 683 4314 se
698 4255 823 4314 reddidit.
841 4255 904 4312 Post
915 4255 993 4328 cujus
1010 4254 1188 4312 redditionem
1209 4253 1346 4328 praedicto
1361 4253 1425 4312 duni
1445 4253 1583 4328 prosperis
1598 4251 1819 4323 subsedentibus,
1838 4253 1911 4327 opti·

495 4363 583 4416 nastes
595 4357 631 4414 ad
644 4371 706 4412 eum
720 4354 848 4426 redeunt,
864 4353 942 4426 iegati
958 4353 1126 4427 imperatoris
1139 4351 1249 4410 veniunt
1261 4351 1363 4412 laetum
1380 4351 1504 4409 nuntium
1517 4351 1643 4409 videlieet
1655 4351 1772 4423 gratiam
1790 4350 1909 4424 impera·

495 4455 560 4512 toris
571 4457 706 4528 portantes
718 4451 814 4508 eidem.
829 4469 843 4504 s
858 4449 986 4507 Obroatis.
1002 4447 1116 4518 Mettio,
1132 4449 1168 4506 ad
1182 4465 1246 4506 ann.
1260 4449 1339 4520 tato,
1353 4465 1398 4521 ap.
1412 4450 1481 4520 Ρη,
1496 4455 1517 4506 t.
1536 4449 1563 4519 l,
1576 4465 1605 4522 p.
1619 4451 1681 4507 239.
1695 4447 1735 4505 De
1749 4448 1911 4506 renoncilia-

494 4551 566 4609 tinne
579 4550 631 4608 iste
642 4550 686 4606 eoi
699 4549 798 4606 trustra
808 4563 876 4622 papa
886 4547 988 4604 obstitit
999 4553 1030 4602 ut
1046 4561 1130 4620 snpra
1141 4546 1272 4617 vidimus,
1283 4563 1312 4620 p.
1328 4549 1392 4616 tto,
1405 4543 1565 4604 eonferenda
1577 4549 1642 4602 aaut
1654 4543 1765 4617 insuper
1777 4543 1906 4604 Obsonia.

493 4646 607 4720 satra,
620 4663 665 4722 ap.
679 4647 744 4719 Pan,
759 4651 780 4702 t.
791 4645 813 4720 1,
829 4662 857 4720 p.
874 4647 936 4716 356,
949 4651 977 4701 et
991 4642 1117 4703 curonis.
1128 4642 1275 4718 Erpborrt,
1291 4658 1336 4718 ap.
1349 4643 1495 4716 Bouana,
1509 4643 1617 4714 Fontes,
1630 4647 1651 4700 t.
1665 4641 1700 4714 11,
1713 4657 1744 4716 p.
1759 4642 1822 4700 too.
