<?xml version="1.0" encoding="UTF-8"?>
<!DOCTYPE html PUBLIC "-//W3C//DTD XHTML 1.0 Transitional//EN"
    "http://www.w3.org/TR/xhtml1/DTD/xhtml1-transitional.dtd">
<html xmlns="http://www.w3.org/1999/xhtml" xml:lang="en" lang="en">
 <head>
  <title>
</title>
<meta http-equiv="Content-Type" content="text/html;charset=utf-8" />
  <meta name='ocr-system' content='tesseract 3.04.00' />
  <meta name='ocr-capabilities' content='ocr_page ocr_carea ocr_par ocr_line ocrx_word'/>
</head>
<body>
  <div class='ocr_page' id='page_1' title='image "./historiadiploma02fredgoog_0392.png"; bbox 0 0 4228 5892; ppageno 0'>
   <div class='ocr_carea' id='block_1_1' title="bbox 236 567 1646 646">
    <p class='ocr_par' dir='ltr' id='par_1_1' title="bbox 236 567 1646 646">
     <span class='ocr_line' id='line_1_1' title="bbox 236 567 1646 646; baseline -0.001 -16"><span class='ocrx_word' id='word_1_1' title='bbox 236 569 337 630; x_wconf 68' lang='lat' dir='ltr'>tanim</span> <span class='ocrx_word' id='word_1_2' title='bbox 356 567 417 646; x_wconf 78' lang='lat'>12]</span> <span class='ocrx_word' id='word_1_3' title='bbox 687 567 883 640; x_wconf 75' lang='lat' dir='ltr'>HISTORIA</span> <span class='ocrx_word' id='word_1_4' title='bbox 907 568 1200 636; x_wconf 53' lang='lat' dir='ltr'>biritoutl&#39;tca,</span> <span class='ocrx_word' id='word_1_5' title='bbox 1585 567 1646 630; x_wconf 77' lang='lat'>³¹19</span> 
     </span>
    </p>
   </div>
   <div class='ocr_carea' id='block_1_2' title="bbox 236 699 1645 942">
    <p class='ocr_par' dir='ltr' id='par_1_2' title="bbox 236 699 1645 942">
     <span class='ocr_line' id='line_1_2' title="bbox 236 699 1645 808; baseline -0.001 -26"><span class='ocrx_word' id='word_1_6' title='bbox 236 700 323 782; x_wconf 89' lang='lat' dir='ltr'>ebio</span> <span class='ocrx_word' id='word_1_7' title='bbox 342 699 538 783; x_wconf 85' lang='lat' dir='ltr'>Terrisina</span> <span class='ocrx_word' id='word_1_8' title='bbox 553 699 604 781; x_wconf 89' lang='lat' dir='ltr'>ad</span> <span class='ocrx_word' id='word_1_9' title='bbox 621 699 951 808; x_wconf 85' lang='lat' dir='ltr'>depopulationem</span> <span class='ocrx_word' id='word_1_10' title='bbox 968 701 1161 784; x_wconf 82' lang='lat' dir='ltr'><strong>Bononiae</strong></span> <span class='ocrx_word' id='word_1_11' title='bbox 1179 700 1394 804; x_wconf 70' lang='lat' dir='ltr'>necessisse,</span> <span class='ocrx_word' id='word_1_12' title='bbox 1408 709 1446 783; x_wconf 90' lang='lat' dir='ltr'>et</span> <span class='ocrx_word' id='word_1_13' title='bbox 1466 699 1585 782; x_wconf 93' lang='lat' dir='ltr'>misso</span> <span class='ocrx_word' id='word_1_14' title='bbox 1605 699 1645 780; x_wconf 94' lang='lat' dir='ltr'>in</span> 
     </span>
     <span class='ocr_line' id='line_1_3' title="bbox 236 829 1554 942; baseline -0.002 -25"><span class='ocrx_word' id='word_1_15' title='bbox 236 829 503 917; x_wconf 82' lang='lat' dir='ltr'>Romaniolam</span> <span class='ocrx_word' id='word_1_16' title='bbox 525 831 687 915; x_wconf 88' lang='lat' dir='ltr'>Henrico</span> <span class='ocrx_word' id='word_1_17' title='bbox 703 831 783 916; x_wconf 92' lang='lat' dir='ltr'>filio</span> <span class='ocrx_word' id='word_1_18' title='bbox 801 858 886 941; x_wconf 91' lang='lat' dir='ltr'>suo,</span> <span class='ocrx_word' id='word_1_19' title='bbox 905 833 1171 918; x_wconf 79' lang='lat' dir='ltr'>contritionem</span> <span class='ocrx_word' id='word_1_20' title='bbox 1187 832 1388 918; x_wconf 85' lang='lat' dir='ltr'>Mediolani</span> <span class='ocrx_word' id='word_1_21' title='bbox 1406 857 1554 942; x_wconf 89' lang='lat' dir='ltr'>parare.</span> 
     </span>
    </p>
   </div>
   <div class='ocr_carea' id='block_1_3' title="bbox 320 1031 1646 1217">
    <p class='ocr_par' dir='ltr' id='par_1_3' title="bbox 320 1031 1646 1217">
     <span class='ocr_line' id='line_1_4' title="bbox 320 1031 1646 1115; baseline 0.002 -23"><span class='ocrx_word' id='word_1_22' title='bbox 320 1031 444 1112; x_wconf 89' lang='lat' dir='ltr'>(lnedtt.</span> <span class='ocrx_word' id='word_1_23' title='bbox 464 1049 502 1094; x_wconf 86' lang='lat' dir='ltr'>ex</span> <span class='ocrx_word' id='word_1_24' title='bbox 522 1033 623 1093; x_wconf 89' lang='lat' dir='ltr'>oodlee</span> <span class='ocrx_word' id='word_1_25' title='bbox 638 1033 716 1093; x_wconf 89' lang='lat' dir='ltr'>Btbl.</span> <span class='ocrx_word' id='word_1_26' title='bbox 738 1033 832 1096; x_wconf 65' lang='lat' dir='ltr'>feam.</span> <span class='ocrx_word' id='word_1_27' title='bbox 856 1035 965 1114; x_wconf 78' lang='lat' dir='ltr'>Paris,</span> <span class='ocrx_word' id='word_1_28' title='bbox 978 1033 1071 1115; x_wconf 76' lang='lat' dir='ltr'>fonds</span> <span class='ocrx_word' id='word_1_29' title='bbox 1091 1036 1125 1098; x_wconf 89' lang='lat' dir='ltr'>S.</span> <span class='ocrx_word' id='word_1_30' title='bbox 1146 1035 1243 1099; x_wconf 80' lang='lat' dir='ltr'>Germ.</span> <span class='ocrx_word' id='word_1_31' title='bbox 1266 1031 1390 1114; x_wconf 76' lang='lat' dir='ltr'>Borloy,</span> <span class='ocrx_word' id='word_1_32' title='bbox 1416 1043 1491 1109; x_wconf 77' lang='lat' dir='ltr'>tes,</span> <span class='ocrx_word' id='word_1_33' title='bbox 1510 1049 1579 1112; x_wconf 85' lang='lat' dir='ltr'>pars</span> <span class='ocrx_word' id='word_1_34' title='bbox 1598 1033 1646 1108; x_wconf 88' lang='lat'>11,</span> 
     </span>
     <span class='ocr_line' id='line_1_5' title="bbox 357 1136 889 1217; baseline 0.002 -20"><span class='ocrx_word' id='word_1_35' title='bbox 357 1145 391 1196; x_wconf 82' lang='lat' dir='ltr'>u·</span> <span class='ocrx_word' id='word_1_36' title='bbox 404 1136 499 1213; x_wconf 83' lang='lat' dir='ltr'>LXII,</span> <span class='ocrx_word' id='word_1_37' title='bbox 513 1141 576 1198; x_wconf 90' lang='lat' dir='ltr'>sine</span> <span class='ocrx_word' id='word_1_38' title='bbox 588 1138 675 1197; x_wconf 84' lang='lat' dir='ltr'>titulo</span> <span class='ocrx_word' id='word_1_39' title='bbox 689 1137 736 1198; x_wconf 84' lang='lat' dir='ltr'>rel</span> <span class='ocrx_word' id='word_1_40' title='bbox 750 1137 889 1217; x_wconf 76' lang='lat' dir='ltr'>rubrica.)</span> 
     </span>
    </p>
   </div>
   <div class='ocr_carea' id='block_1_4' title="bbox 237 1306 1649 1776">
    <p class='ocr_par' dir='ltr' id='par_1_4' title="bbox 237 1306 1649 1776">
     <span class='ocr_line' id='line_1_6' title="bbox 286 1306 1648 1404; baseline 0.003 -26"><span class='ocrx_word' id='word_1_41' title='bbox 286 1306 489 1380; x_wconf 79' lang='lat' dir='ltr'>Frederioos</span> <span class='ocrx_word' id='word_1_42' title='bbox 503 1308 694 1400; x_wconf 89' lang='lat' dir='ltr'>justiciario</span> <span class='ocrx_word' id='word_1_43' title='bbox 711 1307 764 1404; x_wconf 88' lang='lat' dir='ltr'>(l)</span> <span class='ocrx_word' id='word_1_44' title='bbox 782 1311 886 1382; x_wconf 89' lang='lat' dir='ltr'>Terre</span> <span class='ocrx_word' id='word_1_45' title='bbox 900 1310 1053 1382; x_wconf 89' lang='lat' dir='ltr'>Laboris.</span> <span class='ocrx_word' id='word_1_46' title='bbox 1074 1311 1313 1384; x_wconf 83' lang='lat' dir='ltr'>Intelleximus</span> <span class='ocrx_word' id='word_1_47' title='bbox 1330 1331 1392 1386; x_wconf 89' lang='lat' dir='ltr'>vos</span> <span class='ocrx_word' id='word_1_48' title='bbox 1408 1309 1452 1384; x_wconf 89' lang='lat' dir='ltr'>ad</span> <span class='ocrx_word' id='word_1_49' title='bbox 1469 1330 1648 1404; x_wconf 85' lang='lat' dir='ltr'>novaque</span> 
     </span>
     <span class='ocr_line' id='line_1_7' title="bbox 238 1412 1648 1530; baseline 0 -26"><span class='ocrx_word' id='word_1_50' title='bbox 238 1431 364 1504; x_wconf 80' lang='lat' dir='ltr'>relator</span> <span class='ocrx_word' id='word_1_51' title='bbox 377 1440 491 1504; x_wconf 84' lang='lat' dir='ltr'>vestre</span> <span class='ocrx_word' id='word_1_52' title='bbox 508 1429 683 1504; x_wconf 91' lang='lat' dir='ltr'>fidelitatis</span> <span class='ocrx_word' id='word_1_53' title='bbox 701 1432 837 1504; x_wconf 92' lang='lat' dir='ltr'>emulus</span> <span class='ocrx_word' id='word_1_54' title='bbox 850 1432 961 1527; x_wconf 91' lang='lat' dir='ltr'>potuit</span> <span class='ocrx_word' id='word_1_55' title='bbox 981 1433 1194 1506; x_wconf 89' lang='lat' dir='ltr'>mendaciter</span> <span class='ocrx_word' id='word_1_56' title='bbox 1209 1433 1410 1530; x_wconf 87' lang='lat' dir='ltr'>dispersisse</span> <span class='ocrx_word' id='word_1_57' title='bbox 1429 1433 1484 1506; x_wconf 91' lang='lat' dir='ltr'>vel</span> <span class='ocrx_word' id='word_1_58' title='bbox 1506 1454 1553 1505; x_wconf 81' lang='lat' dir='ltr'>ex</span> <span class='ocrx_word' id='word_1_59' title='bbox 1568 1412 1648 1528; x_wconf 37' lang='lat' dir='ltr'>opi*-</span> 
     </span>
     <span class='ocr_line' id='line_1_8' title="bbox 238 1555 1649 1652; baseline 0 -25"><span class='ocrx_word' id='word_1_60' title='bbox 238 1555 343 1628; x_wconf 89' lang='lat' dir='ltr'>nione</span> <span class='ocrx_word' id='word_1_61' title='bbox 358 1555 514 1649; x_wconf 81' lang='lat' dir='ltr'>vulgaris</span> <span class='ocrx_word' id='word_1_62' title='bbox 531 1556 621 1628; x_wconf 85' lang='lat' dir='ltr'>lame</span> <span class='ocrx_word' id='word_1_63' title='bbox 638 1578 709 1650; x_wconf 88' lang='lat' dir='ltr'>qua</span> <span class='ocrx_word' id='word_1_64' title='bbox 726 1578 794 1628; x_wconf 94' lang='lat' dir='ltr'>uon</span> <span class='ocrx_word' id='word_1_65' title='bbox 813 1566 865 1628; x_wconf 93' lang='lat' dir='ltr'>est</span> <span class='ocrx_word' id='word_1_66' title='bbox 878 1557 1006 1628; x_wconf 93' lang='lat' dir='ltr'>malum</span> <span class='ocrx_word' id='word_1_67' title='bbox 1024 1557 1177 1630; x_wconf 89' lang='lat' dir='ltr'>velocius</span> <span class='ocrx_word' id='word_1_68' title='bbox 1196 1558 1326 1642; x_wconf 89' lang='lat' dir='ltr'>ullum,</span> <span class='ocrx_word' id='word_1_69' title='bbox 1343 1558 1471 1631; x_wconf 88' lang='lat' dir='ltr'>variari</span> <span class='ocrx_word' id='word_1_70' title='bbox 1491 1565 1649 1652; x_wconf 89' lang='lat' dir='ltr'>poterant</span> 
     </span>
     <span class='ocr_line' id='line_1_9' title="bbox 237 1676 1649 1776; baseline 0.001 -26"><span class='ocrx_word' id='word_1_71' title='bbox 237 1679 295 1752; x_wconf 85' lang='lat' dir='ltr'>vel</span> <span class='ocrx_word' id='word_1_72' title='bbox 311 1678 449 1773; x_wconf 78' lang='lat' dir='ltr'>gravari</span> <span class='ocrx_word' id='word_1_73' title='bbox 470 1676 534 1774; x_wconf 86' lang='lat' dir='ltr'>(a),</span> <span class='ocrx_word' id='word_1_74' title='bbox 559 1699 605 1751; x_wconf 84' lang='lat' dir='ltr'>ex</span> <span class='ocrx_word' id='word_1_75' title='bbox 627 1679 747 1752; x_wconf 92' lang='lat' dir='ltr'>intime</span> <span class='ocrx_word' id='word_1_76' title='bbox 770 1678 943 1752; x_wconf 87' lang='lat' dir='ltr'>fidelitatis</span> <span class='ocrx_word' id='word_1_77' title='bbox 960 1681 1033 1752; x_wconf 87' lang='lat' dir='ltr'>zelo</span> <span class='ocrx_word' id='word_1_78' title='bbox 1056 1679 1211 1754; x_wconf 89' lang='lat' dir='ltr'>turbatos</span> <span class='ocrx_word' id='word_1_79' title='bbox 1232 1689 1271 1753; x_wconf 92' lang='lat' dir='ltr'>ut</span> <span class='ocrx_word' id='word_1_80' title='bbox 1295 1683 1407 1776; x_wconf 89' lang='lat' dir='ltr'>majus</span> <span class='ocrx_word' id='word_1_81' title='bbox 1428 1679 1532 1754; x_wconf 87' lang='lat' dir='ltr'>vobis</span> <span class='ocrx_word' id='word_1_82' title='bbox 1550 1679 1649 1752; x_wconf 89' lang='lat' dir='ltr'>daret</span> 
     </span>
    </p>
   </div>
   <div class='ocr_carea' id='block_1_5' title="bbox 98 1801 1648 1896">
    <p class='ocr_par' dir='ltr' id='par_1_5' title="bbox 98 1801 1648 1896">
     <span class='ocr_line' id='line_1_10' title="bbox 98 1801 1648 1896; baseline -0.001 -22"><span class='ocrx_word' id='word_1_83' title='bbox 98 1817 102 1823; x_wconf 86' lang='grc'><strong><em>·</em></strong></span> <span class='ocrx_word' id='word_1_84' title='bbox 235 1801 414 1896; x_wconf 86' lang='lat' dir='ltr'>repentina</span> <span class='ocrx_word' id='word_1_85' title='bbox 437 1801 585 1873; x_wconf 86' lang='lat' dir='ltr'>turbatio</span> <span class='ocrx_word' id='word_1_86' title='bbox 605 1801 688 1874; x_wconf 93' lang='lat' dir='ltr'>fidei</span> <span class='ocrx_word' id='word_1_87' title='bbox 710 1801 961 1875; x_wconf 89' lang='lat' dir='ltr'>firmamentum</span> <span class='ocrx_word' id='word_1_88' title='bbox 986 1812 1021 1874; x_wconf 92' lang='lat' dir='ltr'>et</span> <span class='ocrx_word' id='word_1_89' title='bbox 1041 1802 1169 1876; x_wconf 91' lang='lat' dir='ltr'>abinde</span> <span class='ocrx_word' id='word_1_90' title='bbox 1190 1803 1236 1876; x_wconf 91' lang='lat' dir='ltr'>ad</span> <span class='ocrx_word' id='word_1_91' title='bbox 1257 1804 1421 1877; x_wconf 91' lang='lat' dir='ltr'>honorem</span> <span class='ocrx_word' id='word_1_92' title='bbox 1439 1815 1595 1876; x_wconf 90' lang='lat' dir='ltr'>nostrum</span> <span class='ocrx_word' id='word_1_93' title='bbox 1614 1811 1648 1876; x_wconf 91' lang='lat' dir='ltr'>et</span> 
     </span>
    </p>
   </div>
   <div class='ocr_carea' id='block_1_6' title="bbox 232 1923 1722 4120">
    <p class='ocr_par' dir='ltr' id='par_1_6' title="bbox 232 1923 1722 4120">
     <span class='ocr_line' id='line_1_11' title="bbox 236 1923 1648 2022; baseline 0.001 -26"><span class='ocrx_word' id='word_1_94' title='bbox 236 1923 421 1996; x_wconf 86' lang='lat' dir='ltr'>servicium</span> <span class='ocrx_word' id='word_1_95' title='bbox 446 1923 552 1998; x_wconf 88' lang='lat' dir='ltr'>eorda</span> <span class='ocrx_word' id='word_1_96' title='bbox 577 1934 611 1996; x_wconf 91' lang='lat' dir='ltr'>et</span> <span class='ocrx_word' id='word_1_97' title='bbox 632 1946 777 2020; x_wconf 89' lang='lat' dir='ltr'>corpora</span> <span class='ocrx_word' id='word_1_98' title='bbox 802 1926 981 2019; x_wconf 89' lang='lat' dir='ltr'>pararetis.</span> <span class='ocrx_word' id='word_1_99' title='bbox 1004 1925 1105 2000; x_wconf 90' lang='lat' dir='ltr'>Unde</span> <span class='ocrx_word' id='word_1_100' title='bbox 1123 1946 1229 2022; x_wconf 90' lang='lat' dir='ltr'>super</span> <span class='ocrx_word' id='word_1_101' title='bbox 1249 1946 1319 2021; x_wconf 91' lang='lat' dir='ltr'>que</span> <span class='ocrx_word' id='word_1_102' title='bbox 1343 1924 1459 1998; x_wconf 90' lang='lat' dir='ltr'>infidis</span> <span class='ocrx_word' id='word_1_103' title='bbox 1483 1926 1648 1998; x_wconf 84' lang='lat' dir='ltr'>relatibus</span> 
     </span>
     <span class='ocr_line' id='line_1_12' title="bbox 234 2035 1648 2146; baseline 0 -26"><span class='ocrx_word' id='word_1_104' title='bbox 234 2045 437 2120; x_wconf 88' lang='lat' dir='ltr'>dicebantur</span> <span class='ocrx_word' id='word_1_105' title='bbox 455 2048 535 2143; x_wconf 92' lang='lat' dir='ltr'>pius</span> <span class='ocrx_word' id='word_1_106' title='bbox 562 2048 705 2120; x_wconf 80' lang='lat' dir='ltr'>affectus</span> <span class='ocrx_word' id='word_1_107' title='bbox 731 2058 766 2122; x_wconf 92' lang='lat' dir='ltr'>et</span> <span class='ocrx_word' id='word_1_108' title='bbox 789 2047 918 2122; x_wconf 91' lang='lat' dir='ltr'>invicta</span> <span class='ocrx_word' id='word_1_109' title='bbox 938 2035 1154 2140; x_wconf 81' lang='lat' dir='ltr'>singulorum</span> <span class='ocrx_word' id='word_1_110' title='bbox 1174 2047 1262 2124; x_wconf 88' lang='lat' dir='ltr'>fides</span> <span class='ocrx_word' id='word_1_111' title='bbox 1280 2051 1375 2142; x_wconf 90' lang='lat' dir='ltr'>juste</span> <span class='ocrx_word' id='word_1_112' title='bbox 1399 2070 1469 2122; x_wconf 93' lang='lat' dir='ltr'>non</span> <span class='ocrx_word' id='word_1_113' title='bbox 1487 2057 1648 2146; x_wconf 89' lang='lat' dir='ltr'>poteraut</span> 
     </span>
     <span class='ocr_line' id='line_1_13' title="bbox 233 2169 1648 2268; baseline 0.004 -28"><span class='ocrx_word' id='word_1_114' title='bbox 233 2190 304 2242; x_wconf 93' lang='lat' dir='ltr'>non</span> <span class='ocrx_word' id='word_1_115' title='bbox 327 2169 458 2242; x_wconf 89' lang='lat' dir='ltr'>dolere.</span> <span class='ocrx_word' id='word_1_116' title='bbox 478 2172 693 2266; x_wconf 87' lang='lat' dir='ltr'>Quapropter</span> <span class='ocrx_word' id='word_1_117' title='bbox 710 2171 862 2243; x_wconf 89' lang='lat' dir='ltr'>abeunte</span> <span class='ocrx_word' id='word_1_118' title='bbox 881 2171 916 2242; x_wconf 94' lang='lat' dir='ltr'>in</span> <span class='ocrx_word' id='word_1_119' title='bbox 935 2172 1068 2243; x_wconf 92' lang='lat' dir='ltr'>irritum</span> <span class='ocrx_word' id='word_1_120' title='bbox 1088 2194 1167 2244; x_wconf 88' lang='lat' dir='ltr'>eum</span> <span class='ocrx_word' id='word_1_121' title='bbox 1194 2181 1289 2268; x_wconf 90' lang='lat' dir='ltr'>patre</span> <span class='ocrx_word' id='word_1_122' title='bbox 1311 2171 1483 2244; x_wconf 90' lang='lat' dir='ltr'>mendacii</span> <span class='ocrx_word' id='word_1_123' title='bbox 1502 2171 1648 2246; x_wconf 88' lang='lat' dir='ltr'>conficta</span> 
     </span>
     <span class='ocr_line' id='line_1_14' title="bbox 235 2287 1648 2392; baseline 0.001 -26"><span class='ocrx_word' id='word_1_124' title='bbox 235 2295 416 2386; x_wconf 85' lang='lat' dir='ltr'>relatione,</span> <span class='ocrx_word' id='word_1_125' title='bbox 433 2313 602 2368; x_wconf 90' lang='lat' dir='ltr'>novorum</span> <span class='ocrx_word' id='word_1_126' title='bbox 621 2293 784 2368; x_wconf 89' lang='lat' dir='ltr'>succedat</span> <span class='ocrx_word' id='word_1_127' title='bbox 798 2295 899 2368; x_wconf 90' lang='lat' dir='ltr'>vobis</span> <span class='ocrx_word' id='word_1_128' title='bbox 918 2317 978 2390; x_wconf 86' lang='lat' dir='ltr'>pm</span> <span class='ocrx_word' id='word_1_129' title='bbox 1000 2301 1168 2391; x_wconf 84' lang='lat' dir='ltr'>concepto</span> <span class='ocrx_word' id='word_1_130' title='bbox 1181 2308 1314 2370; x_wconf 84' lang='lat' dir='ltr'>merore</span> <span class='ocrx_word' id='word_1_131' title='bbox 1329 2297 1443 2392; x_wconf 86' lang='lat' dir='ltr'>leticia</span> <span class='ocrx_word' id='word_1_132' title='bbox 1460 2287 1495 2368; x_wconf 78' lang='lat' dir='ltr'>&#39;et</span> <span class='ocrx_word' id='word_1_133' title='bbox 1512 2317 1648 2369; x_wconf 91' lang='lat' dir='ltr'>summa</span> 
     </span>
     <span class='ocr_line' id='line_1_15' title="bbox 236 2417 1648 2515; baseline 0.001 -25"><span class='ocrx_word' id='word_1_134' title='bbox 236 2417 367 2491; x_wconf 90' lang='lat' dir='ltr'>fiducia</span> <span class='ocrx_word' id='word_1_135' title='bbox 385 2419 459 2514; x_wconf 91' lang='lat' dir='ltr'>spei</span> <span class='ocrx_word' id='word_1_136' title='bbox 478 2429 592 2492; x_wconf 82' lang='lat' dir='ltr'>vestre</span> <span class='ocrx_word' id='word_1_137' title='bbox 612 2419 649 2490; x_wconf 95' lang='lat' dir='ltr'>in</span> <span class='ocrx_word' id='word_1_138' title='bbox 666 2429 781 2493; x_wconf 92' lang='lat' dir='ltr'>nostra</span> <span class='ocrx_word' id='word_1_139' title='bbox 799 2426 960 2515; x_wconf 84' lang='lat' dir='ltr'>prospera</span> <span class='ocrx_word' id='word_1_140' title='bbox 979 2419 1214 2492; x_wconf 89' lang='lat' dir='ltr'>incolumitate</span> <span class='ocrx_word' id='word_1_141' title='bbox 1231 2418 1376 2514; x_wconf 84' lang='lat' dir='ltr'>respiret</span> <span class='ocrx_word' id='word_1_142' title='bbox 1398 2429 1432 2493; x_wconf 91' lang='lat' dir='ltr'>et</span> <span class='ocrx_word' id='word_1_143' title='bbox 1454 2427 1648 2493; x_wconf 89' lang='lat' dir='ltr'>nostrorum</span> 
     </span>
     <span class='ocr_line' id='line_1_16' title="bbox 235 2542 1649 2638; baseline 0.001 -24"><span class='ocrx_word' id='word_1_144' title='bbox 235 2542 388 2616; x_wconf 80' lang='lat' dir='ltr'>felicium</span> <span class='ocrx_word' id='word_1_145' title='bbox 417 2563 641 2616; x_wconf 85' lang='lat' dir='ltr'>successuum</span> <span class='ocrx_word' id='word_1_146' title='bbox 668 2548 839 2616; x_wconf 83' lang='lat' dir='ltr'>recreetur</span> <span class='ocrx_word' id='word_1_147' title='bbox 863 2544 1069 2637; x_wconf 80' lang='lat' dir='ltr'>augmentis.</span> <span class='ocrx_word' id='word_1_148' title='bbox 1096 2543 1182 2615; x_wconf 78' lang='lat' dir='ltr'>Na&#39;m</span> <span class='ocrx_word' id='word_1_149' title='bbox 1212 2563 1428 2638; x_wconf 89' lang='lat' dir='ltr'>consequens</span> <span class='ocrx_word' id='word_1_150' title='bbox 1458 2543 1523 2614; x_wconf 88' lang='lat' dir='ltr'>luit</span> <span class='ocrx_word' id='word_1_151' title='bbox 1552 2553 1590 2615; x_wconf 92' lang='lat' dir='ltr'>ut</span> <span class='ocrx_word' id='word_1_152' title='bbox 1617 2543 1649 2616; x_wconf 88' lang='lat' dir='ltr'>si</span> 
     </span>
     <span class='ocr_line' id='line_1_17' title="bbox 236 2666 1649 2761; baseline -0.002 -21"><span class='ocrx_word' id='word_1_153' title='bbox 236 2666 344 2741; x_wconf 92' lang='lat' dir='ltr'>dubia</span> <span class='ocrx_word' id='word_1_154' title='bbox 367 2675 440 2738; x_wconf 88' lang='lat' dir='ltr'>erat</span> <span class='ocrx_word' id='word_1_155' title='bbox 459 2667 584 2739; x_wconf 90' lang='lat' dir='ltr'>nostris</span> <span class='ocrx_word' id='word_1_156' title='bbox 605 2668 730 2740; x_wconf 90' lang='lat' dir='ltr'>emulis</span> <span class='ocrx_word' id='word_1_157' title='bbox 754 2667 841 2740; x_wconf 92' lang='lat' dir='ltr'>fides</span> <span class='ocrx_word' id='word_1_158' title='bbox 859 2677 987 2758; x_wconf 88' lang='lat' dir='ltr'>vestra,</span> <span class='ocrx_word' id='word_1_159' title='bbox 1008 2689 1118 2761; x_wconf 90' lang='lat' dir='ltr'>quum</span> <span class='ocrx_word' id='word_1_160' title='bbox 1138 2666 1315 2740; x_wconf 88' lang='lat' dir='ltr'>crederent</span> <span class='ocrx_word' id='word_1_161' title='bbox 1339 2689 1403 2739; x_wconf 85' lang='lat' dir='ltr'>ros</span> <span class='ocrx_word' id='word_1_162' title='bbox 1424 2667 1561 2738; x_wconf 89' lang='lat' dir='ltr'>concuti</span> <span class='ocrx_word' id='word_1_163' title='bbox 1587 2687 1649 2761; x_wconf 90' lang='lat' dir='ltr'>per</span> 
     </span>
     <span class='ocr_line' id='line_1_18' title="bbox 234 2779 1722 2886; baseline -0.001 -22"><span class='ocrx_word' id='word_1_164' title='bbox 234 2813 410 2884; x_wconf 87' lang='lat' dir='ltr'>rumores,</span> <span class='ocrx_word' id='word_1_165' title='bbox 440 2791 577 2864; x_wconf 86' lang='lat' dir='ltr'>doleant</span> <span class='ocrx_word' id='word_1_166' title='bbox 600 2813 688 2886; x_wconf 92' lang='lat' dir='ltr'>pure</span> <span class='ocrx_word' id='word_1_167' title='bbox 714 2779 906 2865; x_wconf 88' lang='lat' dir='ltr'>devotionis</span> <span class='ocrx_word' id='word_1_168' title='bbox 927 2812 1031 2886; x_wconf 90' lang='lat' dir='ltr'>quam</span> <span class='ocrx_word' id='word_1_169' title='bbox 1054 2791 1101 2863; x_wconf 89' lang='lat' dir='ltr'>ad</span> <span class='ocrx_word' id='word_1_170' title='bbox 1124 2800 1275 2862; x_wconf 89' lang='lat' dir='ltr'>nostram</span> <span class='ocrx_word' id='word_1_171' title='bbox 1296 2791 1411 2884; x_wconf 81' lang='lat' dir='ltr'>geritis</span> <span class='ocrx_word' id='word_1_172' title='bbox 1436 2791 1648 2882; x_wconf 91' lang='lat' dir='ltr'>majestatem</span> <span class='ocrx_word' id='word_1_173' title='bbox 1719 2843 1722 2849; x_wconf 85' lang='grc'>-</span> 
     </span>
     <span class='ocr_line' id='line_1_19' title="bbox 236 2911 1648 3009; baseline 0 -23"><span class='ocrx_word' id='word_1_174' title='bbox 236 2913 388 3009; x_wconf 86' lang='lat' dir='ltr'>experiri</span> <span class='ocrx_word' id='word_1_175' title='bbox 404 2915 646 3002; x_wconf 89' lang='lat' dir='ltr'>constantiam,</span> <span class='ocrx_word' id='word_1_176' title='bbox 658 2923 692 2986; x_wconf 90' lang='lat' dir='ltr'>et</span> <span class='ocrx_word' id='word_1_177' title='bbox 705 2915 739 2986; x_wconf 94' lang='lat' dir='ltr'>in</span> <span class='ocrx_word' id='word_1_178' title='bbox 756 2913 822 2986; x_wconf 92' lang='lat' dir='ltr'>hoe</span> <span class='ocrx_word' id='word_1_179' title='bbox 836 2935 898 2986; x_wconf 90' lang='lat' dir='ltr'>vos</span> <span class='ocrx_word' id='word_1_180' title='bbox 912 2914 1021 3008; x_wconf 80' lang='lat' dir='ltr'>gratie</span> <span class='ocrx_word' id='word_1_181' title='bbox 1032 2923 1148 2986; x_wconf 91' lang='lat' dir='ltr'>nostre</span> <span class='ocrx_word' id='word_1_182' title='bbox 1164 2913 1255 2986; x_wconf 92' lang='lat' dir='ltr'>dona</span> <span class='ocrx_word' id='word_1_183' title='bbox 1268 2911 1433 2986; x_wconf 89' lang='lat' dir='ltr'>letifioent</span> <span class='ocrx_word' id='word_1_184' title='bbox 1445 2934 1551 3008; x_wconf 89' lang='lat' dir='ltr'>quam</span> <span class='ocrx_word' id='word_1_185' title='bbox 1565 2935 1648 3008; x_wconf 80' lang='lat' dir='ltr'>erga</span> 
     </span>
     <span class='ocr_line' id='line_1_20' title="bbox 232 3036 1648 3132; baseline 0.001 -22"><span class='ocrx_word' id='word_1_186' title='bbox 232 3059 297 3110; x_wconf 88' lang='lat' dir='ltr'>vos</span> <span class='ocrx_word' id='word_1_187' title='bbox 313 3038 436 3112; x_wconf 86' lang='lat' dir='ltr'>vestris</span> <span class='ocrx_word' id='word_1_188' title='bbox 452 3038 674 3131; x_wconf 83' lang='lat' dir='ltr'>exigentibus</span> <span class='ocrx_word' id='word_1_189' title='bbox 688 3038 820 3109; x_wconf 91' lang='lat' dir='ltr'>meritis</span> <span class='ocrx_word' id='word_1_190' title='bbox 834 3036 1045 3110; x_wconf 80' lang='lat' dir='ltr'>effundimus</span> <span class='ocrx_word' id='word_1_191' title='bbox 1064 3037 1276 3132; x_wconf 91' lang='lat' dir='ltr'>ampliorem.</span> <span class='ocrx_word' id='word_1_192' title='bbox 1294 3037 1455 3110; x_wconf 86' lang='lat' dir='ltr'>Volentes</span> <span class='ocrx_word' id='word_1_193' title='bbox 1470 3038 1574 3131; x_wconf 83' lang='lat' dir='ltr'>igitur</span> <span class='ocrx_word' id='word_1_194' title='bbox 1584 3059 1648 3111; x_wconf 90' lang='lat' dir='ltr'>vos</span> 
     </span>
     <span class='ocr_line' id='line_1_21' title="bbox 234 3159 1648 3256; baseline -0.002 -21"><span class='ocrx_word' id='word_1_195' title='bbox 234 3161 329 3235; x_wconf 92' lang='lat' dir='ltr'>omni</span> <span class='ocrx_word' id='word_1_196' title='bbox 349 3163 545 3236; x_wconf 87' lang='lat' dir='ltr'>turbatione</span> <span class='ocrx_word' id='word_1_197' title='bbox 568 3161 677 3256; x_wconf 92' lang='lat' dir='ltr'>sopita</span> <span class='ocrx_word' id='word_1_198' title='bbox 701 3160 746 3233; x_wconf 90' lang='lat' dir='ltr'>de</span> <span class='ocrx_word' id='word_1_199' title='bbox 768 3161 861 3233; x_wconf 86' lang='lat' dir='ltr'>veris</span> <span class='ocrx_word' id='word_1_200' title='bbox 885 3167 1080 3234; x_wconf 91' lang='lat' dir='ltr'>nostrorum</span> <span class='ocrx_word' id='word_1_201' title='bbox 1103 3181 1327 3233; x_wconf 88' lang='lat' dir='ltr'>successuum</span> <span class='ocrx_word' id='word_1_202' title='bbox 1347 3168 1381 3232; x_wconf 93' lang='lat' dir='ltr'>et</span> <span class='ocrx_word' id='word_1_203' title='bbox 1402 3159 1598 3233; x_wconf 90' lang='lat' dir='ltr'>rumoribus</span> <span class='ocrx_word' id='word_1_204' title='bbox 1613 3169 1648 3234; x_wconf 92' lang='lat' dir='ltr'>et</span> 
     </span>
     <span class='ocr_line' id='line_1_22' title="bbox 233 3281 1646 3382; baseline -0.002 -24"><span class='ocrx_word' id='word_1_205' title='bbox 233 3287 417 3382; x_wconf 88' lang='lat' dir='ltr'>triumphis</span> <span class='ocrx_word' id='word_1_206' title='bbox 432 3286 586 3382; x_wconf 87' lang='lat' dir='ltr'>plenarie</span> <span class='ocrx_word' id='word_1_207' title='bbox 609 3283 850 3380; x_wconf 83' lang='lat' dir='ltr'>congaudere,</span> <span class='ocrx_word' id='word_1_208' title='bbox 871 3283 1023 3357; x_wconf 89' lang='lat' dir='ltr'>fidelitati</span> <span class='ocrx_word' id='word_1_209' title='bbox 1045 3293 1159 3357; x_wconf 90' lang='lat' dir='ltr'>vestre</span> <span class='ocrx_word' id='word_1_210' title='bbox 1180 3294 1296 3357; x_wconf 89' lang='lat' dir='ltr'>tenore</span> <span class='ocrx_word' id='word_1_211' title='bbox 1319 3281 1529 3379; x_wconf 88' lang='lat' dir='ltr'>presentium</span> <span class='ocrx_word' id='word_1_212' title='bbox 1548 3307 1646 3356; x_wconf 91' lang='lat' dir='ltr'>nun-</span> 
     </span>
     <span class='ocr_line' id='line_1_23' title="bbox 234 3407 1646 3504; baseline -0.003 -22"><span class='ocrx_word' id='word_1_213' title='bbox 234 3411 368 3483; x_wconf 91' lang='lat' dir='ltr'>ciamus</span> <span class='ocrx_word' id='word_1_214' title='bbox 390 3408 487 3504; x_wconf 93' lang='lat' dir='ltr'>quod</span> <span class='ocrx_word' id='word_1_215' title='bbox 502 3409 628 3482; x_wconf 91' lang='lat' dir='ltr'>nostris</span> <span class='ocrx_word' id='word_1_216' title='bbox 646 3409 779 3481; x_wconf 91' lang='lat' dir='ltr'>munita</span> <span class='ocrx_word' id='word_1_217' title='bbox 794 3407 929 3482; x_wconf 87' lang='lat' dir='ltr'>viribus</span> <span class='ocrx_word' id='word_1_218' title='bbox 947 3407 1099 3482; x_wconf 88' lang='lat' dir='ltr'>Marchia</span> <span class='ocrx_word' id='word_1_219' title='bbox 1115 3407 1293 3480; x_wconf 86' lang='lat' dir='ltr'>Tarvisiua</span> <span class='ocrx_word' id='word_1_220' title='bbox 1311 3416 1346 3480; x_wconf 91' lang='lat' dir='ltr'>et</span> <span class='ocrx_word' id='word_1_221' title='bbox 1359 3407 1495 3480; x_wconf 90' lang='lat' dir='ltr'>illorum</span> <span class='ocrx_word' id='word_1_222' title='bbox 1517 3408 1646 3480; x_wconf 85' lang='lat' dir='ltr'>consu-</span> 
     </span>
     <span class='ocr_line' id='line_1_24' title="bbox 234 3529 1645 3629; baseline -0.001 -23"><span class='ocrx_word' id='word_1_223' title='bbox 234 3534 332 3607; x_wconf 90' lang='lat' dir='ltr'>sione</span> <span class='ocrx_word' id='word_1_224' title='bbox 351 3533 520 3627; x_wconf 88' lang='lat' dir='ltr'>disposita</span> <span class='ocrx_word' id='word_1_225' title='bbox 537 3532 599 3628; x_wconf 92' lang='lat' dir='ltr'>qui</span> <span class='ocrx_word' id='word_1_226' title='bbox 619 3531 666 3604; x_wconf 90' lang='lat' dir='ltr'>ad</span> <span class='ocrx_word' id='word_1_227' title='bbox 684 3533 805 3628; x_wconf 92' lang='lat' dir='ltr'>prioris</span> <span class='ocrx_word' id='word_1_228' title='bbox 828 3531 972 3629; x_wconf 90' lang='lat' dir='ltr'>perfidie</span> <span class='ocrx_word' id='word_1_229' title='bbox 993 3531 1219 3626; x_wconf 80' lang='lat' dir='ltr'>ignominiam</span> <span class='ocrx_word' id='word_1_230' title='bbox 1242 3541 1323 3605; x_wconf 93' lang='lat' dir='ltr'>sunt</span> <span class='ocrx_word' id='word_1_231' title='bbox 1347 3532 1492 3627; x_wconf 89' lang='lat' dir='ltr'>relapsi,</span> <span class='ocrx_word' id='word_1_232' title='bbox 1516 3529 1645 3604; x_wconf 90' lang='lat' dir='ltr'>abinde</span> 
     </span>
     <span class='ocr_line' id='line_1_25' title="bbox 234 3652 1644 3753; baseline -0.001 -25"><span class='ocrx_word' id='word_1_233' title='bbox 234 3657 418 3728; x_wconf 88' lang='lat' dir='ltr'>salubriter</span> <span class='ocrx_word' id='word_1_234' title='bbox 443 3667 478 3728; x_wconf 86' lang='lat' dir='ltr'>et</span> <span class='ocrx_word' id='word_1_235' title='bbox 498 3656 746 3750; x_wconf 88' lang='lat' dir='ltr'>triumphaliter</span> <span class='ocrx_word' id='word_1_236' title='bbox 766 3654 966 3728; x_wconf 86' lang='lat' dir='ltr'>recedentes</span> <span class='ocrx_word' id='word_1_237' title='bbox 992 3655 1038 3728; x_wconf 94' lang='lat' dir='ltr'>ad</span> <span class='ocrx_word' id='word_1_238' title='bbox 1068 3652 1368 3753; x_wconf 91' lang='lat' dir='ltr'>depopulationem</span> <span class='ocrx_word' id='word_1_239' title='bbox 1389 3654 1543 3726; x_wconf 88' lang='lat' dir='ltr'>Bononia</span> <span class='ocrx_word' id='word_1_240' title='bbox 1565 3675 1644 3726; x_wconf 91' lang='lat' dir='ltr'>cum</span> 
     </span>
     <span class='ocr_line' id='line_1_26' title="bbox 234 3776 1644 3876; baseline 0 -28"><span class='ocrx_word' id='word_1_241' title='bbox 234 3779 375 3876; x_wconf 80' lang='lat' dir='ltr'>ingente</span> <span class='ocrx_word' id='word_1_242' title='bbox 391 3779 546 3850; x_wconf 80' lang='lat' dir='ltr'>exercitu</span> <span class='ocrx_word' id='word_1_243' title='bbox 564 3777 858 3874; x_wconf 88' lang='lat' dir='ltr'>Germanorumet</span> <span class='ocrx_word' id='word_1_244' title='bbox 875 3776 1028 3850; x_wconf 91' lang='lat' dir='ltr'>fidelium</span> <span class='ocrx_word' id='word_1_245' title='bbox 1047 3785 1240 3849; x_wconf 91' lang='lat' dir='ltr'>nostrorum</span> <span class='ocrx_word' id='word_1_246' title='bbox 1253 3776 1347 3849; x_wconf 86' lang='lat' dir='ltr'>ltalie</span> <span class='ocrx_word' id='word_1_247' title='bbox 1362 3785 1518 3872; x_wconf 85' lang='lat' dir='ltr'>potenter</span> <span class='ocrx_word' id='word_1_248' title='bbox 1530 3796 1644 3848; x_wconf 88' lang='lat' dir='ltr'>acces·</span> 
     </span>
     <span class='ocr_line' id='line_1_27' title="bbox 233 3898 1643 3996; baseline -0.002 -23"><span class='ocrx_word' id='word_1_249' title='bbox 233 3901 356 3992; x_wconf 90' lang='lat' dir='ltr'>simos,</span> <span class='ocrx_word' id='word_1_250' title='bbox 370 3901 491 3974; x_wconf 87' lang='lat' dir='ltr'>castris</span> <span class='ocrx_word' id='word_1_251' title='bbox 507 3923 548 3975; x_wconf 90' lang='lat' dir='ltr'>ac</span> <span class='ocrx_word' id='word_1_252' title='bbox 566 3900 722 3974; x_wconf 89' lang='lat' dir='ltr'>districtu</span> <span class='ocrx_word' id='word_1_253' title='bbox 736 3922 800 3972; x_wconf 90' lang='lat' dir='ltr'>suo</span> <span class='ocrx_word' id='word_1_254' title='bbox 816 3909 1133 3996; x_wconf 87' lang='lat' dir='ltr'>quantumcumque</span> <span class='ocrx_word' id='word_1_255' title='bbox 1150 3899 1372 3974; x_wconf 90' lang='lat' dir='ltr'>transivimus</span> <span class='ocrx_word' id='word_1_256' title='bbox 1390 3898 1479 3972; x_wconf 90' lang='lat' dir='ltr'>datis</span> <span class='ocrx_word' id='word_1_257' title='bbox 1497 3898 1533 3970; x_wconf 91' lang='lat' dir='ltr'>in</span> <span class='ocrx_word' id='word_1_258' title='bbox 1550 3920 1643 3971; x_wconf 89' lang='lat' dir='ltr'>oom-</span> 
     </span>
     <span class='ocr_line' id='line_1_28' title="bbox 232 4021 1639 4120; baseline -0.004 -22"><span class='ocrx_word' id='word_1_259' title='bbox 232 4024 431 4098; x_wconf 91' lang='lat' dir='ltr'>bustionem</span> <span class='ocrx_word' id='word_1_260' title='bbox 449 4033 483 4097; x_wconf 91' lang='lat' dir='ltr'>et</span> <span class='ocrx_word' id='word_1_261' title='bbox 498 4024 654 4120; x_wconf 91' lang='lat' dir='ltr'>predam,</span> <span class='ocrx_word' id='word_1_262' title='bbox 669 4046 711 4097; x_wconf 90' lang='lat' dir='ltr'>ac</span> <span class='ocrx_word' id='word_1_263' title='bbox 726 4045 852 4116; x_wconf 81' lang='lat' dir='ltr'>magno</span> <span class='ocrx_word' id='word_1_264' title='bbox 871 4023 1026 4098; x_wconf 87' lang='lat' dir='ltr'>exercitu</span> <span class='ocrx_word' id='word_1_265' title='bbox 1041 4045 1119 4095; x_wconf 92' lang='lat' dir='ltr'>cum</span> <span class='ocrx_word' id='word_1_266' title='bbox 1133 4021 1258 4095; x_wconf 90' lang='lat' dir='ltr'>dilecto</span> <span class='ocrx_word' id='word_1_267' title='bbox 1273 4022 1343 4094; x_wconf 91' lang='lat' dir='ltr'>filio</span> <span class='ocrx_word' id='word_1_268' title='bbox 1356 4030 1473 4094; x_wconf 92' lang='lat' dir='ltr'>nostro</span> <span class='ocrx_word' id='word_1_269' title='bbox 1486 4023 1545 4118; x_wconf 86' lang='lat' dir='ltr'>ll.,</span> <span class='ocrx_word' id='word_1_270' title='bbox 1557 4031 1639 4114; x_wconf 76' lang='lat' dir='ltr'>etc,</span> 
     </span>
    </p>
   </div>
   <div class='ocr_carea' id='block_1_7' title="bbox 274 4183 888 4266">
    <p class='ocr_par' dir='ltr' id='par_1_7' title="bbox 274 4183 888 4266">
     <span class='ocr_line' id='line_1_29' title="bbox 274 4183 888 4266; baseline 0.003 -20"><span class='ocrx_word' id='word_1_271' title='bbox 274 4183 318 4266; x_wconf 81' lang='lat' dir='ltr'>(a)</span> <span class='ocrx_word' id='word_1_272' title='bbox 337 4185 401 4262; x_wconf 87' lang='lat' dir='ltr'>Sic,</span> <span class='ocrx_word' id='word_1_273' title='bbox 416 4203 519 4248; x_wconf 84' lang='lat' dir='ltr'>sensus</span> <span class='ocrx_word' id='word_1_274' title='bbox 530 4203 601 4248; x_wconf 85' lang='lat' dir='ltr'>varo</span> <span class='ocrx_word' id='word_1_275' title='bbox 613 4203 674 4247; x_wconf 92' lang='lat' dir='ltr'>nou</span> <span class='ocrx_word' id='word_1_276' title='bbox 686 4186 773 4264; x_wconf 87' lang='lat' dir='ltr'>plane</span> <span class='ocrx_word' id='word_1_277' title='bbox 786 4185 888 4263; x_wconf 84' lang='lat' dir='ltr'>liquet.</span> 
     </span>
    </p>
   </div>
   <div class='ocr_carea' id='block_1_8' title="bbox 233 4465 1640 4744">
    <p class='ocr_par' dir='ltr' id='par_1_8' title="bbox 233 4465 1640 4744">
     <span class='ocr_line' id='line_1_30' title="bbox 268 4465 1640 4550; baseline -0.006 -19"><span class='ocrx_word' id='word_1_278' title='bbox 268 4475 306 4549; x_wconf 79' lang='lat' dir='ltr'>(t)</span> <span class='ocrx_word' id='word_1_279' title='bbox 324 4475 394 4534; x_wconf 78' lang='lat' dir='ltr'>inte</span> <span class='ocrx_word' id='word_1_280' title='bbox 407 4476 565 4550; x_wconf 73' lang='lat' dir='ltr'>icatioiario</span> <span class='ocrx_word' id='word_1_281' title='bbox 578 4473 676 4547; x_wconf 83' lang='lat' dir='ltr'>legitur</span> <span class='ocrx_word' id='word_1_282' title='bbox 693 4474 721 4530; x_wconf 94' lang='lat' dir='ltr'>in</span> <span class='ocrx_word' id='word_1_283' title='bbox 735 4473 826 4531; x_wconf 85' lang='lat' dir='ltr'>codice</span> <span class='ocrx_word' id='word_1_284' title='bbox 835 4489 888 4548; x_wconf 79' lang='lat' dir='ltr'>pro</span> <span class='ocrx_word' id='word_1_285' title='bbox 901 4473 945 4533; x_wconf 81' lang='lat' dir='ltr'>vel</span> <span class='ocrx_word' id='word_1_286' title='bbox 960 4471 1120 4547; x_wconf 88' lang='lat' dir='ltr'>hujusmodi.</span> <span class='ocrx_word' id='word_1_287' title='bbox 1135 4471 1299 4529; x_wconf 84' lang='lat' dir='ltr'>lustitiarius</span> <span class='ocrx_word' id='word_1_288' title='bbox 1313 4473 1403 4528; x_wconf 88' lang='lat' dir='ltr'>autem</span> <span class='ocrx_word' id='word_1_289' title='bbox 1417 4468 1514 4525; x_wconf 82' lang='lat' dir='ltr'>Terrae</span> <span class='ocrx_word' id='word_1_290' title='bbox 1528 4465 1640 4525; x_wconf 81' lang='lat' dir='ltr'>Laboris</span> 
     </span>
     <span class='ocr_line' id='line_1_31' title="bbox 233 4564 1638 4646; baseline -0.007 -16"><span class='ocrx_word' id='word_1_291' title='bbox 233 4575 299 4630; x_wconf 89' lang='lat' dir='ltr'>tunc</span> <span class='ocrx_word' id='word_1_292' title='bbox 312 4577 370 4630; x_wconf 87' lang='lat' dir='ltr'>erat</span> <span class='ocrx_word' id='word_1_293' title='bbox 382 4571 541 4630; x_wconf 83' lang='lat' dir='ltr'>Guilelmus</span> <span class='ocrx_word' id='word_1_294' title='bbox 553 4571 587 4629; x_wconf 88' lang='lat' dir='ltr'>de</span> <span class='ocrx_word' id='word_1_295' title='bbox 600 4573 697 4630; x_wconf 71' lang='lat' dir='ltr'>Saudo</span> <span class='ocrx_word' id='word_1_296' title='bbox 708 4570 857 4629; x_wconf 85' lang='lat' dir='ltr'>Framundo</span> <span class='ocrx_word' id='word_1_297' title='bbox 868 4569 912 4628; x_wconf 86' lang='lat' dir='ltr'>cui</span> <span class='ocrx_word' id='word_1_298' title='bbox 924 4585 1017 4630; x_wconf 89' lang='lat' dir='ltr'>mense</span> <span class='ocrx_word' id='word_1_299' title='bbox 1034 4570 1180 4646; x_wconf 86' lang='lat' dir='ltr'>septembri</span> <span class='ocrx_word' id='word_1_300' title='bbox 1191 4568 1321 4627; x_wconf 75' lang='lat' dir='ltr'>successit</span> <span class='ocrx_word' id='word_1_301' title='bbox 1331 4565 1476 4624; x_wconf 85' lang='lat' dir='ltr'>Riceardus</span> <span class='ocrx_word' id='word_1_302' title='bbox 1485 4565 1520 4622; x_wconf 85' lang='lat' dir='ltr'>de</span> <span class='ocrx_word' id='word_1_303' title='bbox 1532 4564 1638 4622; x_wconf 75' lang='lat' dir='ltr'>Monte-</span> 
     </span>
     <span class='ocr_line' id='line_1_32' title="bbox 233 4668 1075 4744; baseline -0.002 -16"><span class='ocrx_word' id='word_1_304' title='bbox 233 4669 319 4744; x_wconf 74' lang='lat' dir='ltr'>nigus,</span> <span class='ocrx_word' id='word_1_305' title='bbox 333 4670 404 4729; x_wconf 88' lang='lat' dir='ltr'>sicut</span> <span class='ocrx_word' id='word_1_306' title='bbox 416 4685 432 4728; x_wconf 86' lang='lat' dir='ltr'>a</span> <span class='ocrx_word' id='word_1_307' title='bbox 444 4669 572 4728; x_wconf 85' lang='lat' dir='ltr'>lliocardo</span> <span class='ocrx_word' id='word_1_308' title='bbox 585 4668 619 4728; x_wconf 85' lang='lat' dir='ltr'>de</span> <span class='ocrx_word' id='word_1_309' title='bbox 632 4669 728 4727; x_wconf 87' lang='lat' dir='ltr'>Sancto</span> <span class='ocrx_word' id='word_1_310' title='bbox 740 4669 873 4728; x_wconf 85' lang='lat' dir='ltr'>Germano</span> <span class='ocrx_word' id='word_1_311' title='bbox 886 4669 1075 4742; x_wconf 83' lang='lat' dir='ltr'>comperimus.</span> 
     </span>
    </p>
   </div>
   <div class='ocr_carea' id='block_1_9' title="bbox 0 0 2118 5892">
    <p class='ocr_par' dir='ltr' id='par_1_9' title="bbox 0 0 2118 5892">
     <span class='ocr_line' id='line_1_33' title="bbox 0 0 2118 5892; baseline 0 1"><span class='ocrx_word' id='word_1_312' title='bbox 0 0 2118 5892; x_wconf 95' lang='lat' dir='ltr'> </span> 
     </span>
    </p>
   </div>
  </div>
 </body>
</html>
