4242 5904
1031 615 1243 678 FlllllElllCl
1268 613 1439 677 sucuuut
1749 611 1828 695 [ars.
1848 613 1931 678 1238.

353 1195 469 1252 vm,
582 1186 813 1294 Friderious‚
840 1186 1100 1270 Romanorum
1121 1189 1342 1295 imperator,
1366 1187 1649 1270 uniuersitatem
1677 1186 1932 1298 Albinganam

376 1251 445 1294 melo.

527 1343 616 1399 cum
633 1317 779 1401 ciuibus
806 1328 845 1399 et
860 1309 971 1400 benis
990 1343 1123 1400 eorum
1141 1319 1214 1402 sub
1235 1319 1465 1426 protectione
1488 1344 1558 1401 sua
1575 1318 1726 1427 recipit,
1746 1319 1931 1402 mandans

527 1459 572 1532 ut
588 1447 719 1532 nullus
733 1449 783 1532 eit
798 1449 866 1559 qui
884 1475 971 1532 eam
987 1449 1153 1532 indebite
1170 1445 1372 1534 molestare
1389 1461 1619 1559 praesumat.

608 1644 703 1725 (Edit.
724 1663 774 1724 ap.
794 1647 945 1708 thcs'rer
966 1665 1018 1709 sur
1038 1647 1128 1710 Genu
1145 1655 1174 1709 et
1187 1649 1362 1724 Scultenna,
1383 1667 1414 1726 p.
1432 1647 1619 1710 s1.-c011.
1645 1666 1714 1710 eum
1733 1647 1930 1726 strumo,

646 1749 758 1816 Ausul.
769 1749 864 1814 urbs.
880 1751 912 1813 dt
926 1752 1050 1815 emm.
1063 1753 1125 1815 MS.
1141 1756 1172 1814 ln
1182 1753 1321 1815 Blblloth.
1335 1756 1421 1834 Berll,
1437 1761 1462 1816 t.
1476 1755 1517 1829 ll,
1531 1755 1585 1815 lol.
1601 1755 1683 1834 688.)

574 1951 766 2024 Friderious
774 1951 962 2039 secundus,
973 1953 1035 2024 Dei
1048 1953 1157 2046 gratia
1166 1953 1396 2026 Romanorum
1405 1954 1588 2048 imperator
1601 1975 1735 2049 semper
1747 1963 1927 2050 augustus,

523 2075 712 2148 Jerusalem
727 2085 761 2147 et
773 2075 888 2147 Sicilie
896 2095 971 2147 rex.
983 2076 1107 2147 Notum
1117 2076 1263 2148 facimus
1275 2077 1446 2148 universis
1456 2077 1590 2171 imperii
1604 2075 1766 2150 fidelibus
1776 2088 1844 2150 tam
1853 2101 1929 2173 pra·

523 2197 679 2270 sentibus
698 2219 804 2291 quam
821 2198 944 2269 tuturis
960 2198 1055 2293 quod
1072 2199 1280 2272 universitas
1302 2199 1450 2272 civitatis
1468 2199 1661 2294 Albingane
1681 2199 1794 2273 fidelis
1815 2211 1928 2274 nostra

523 2329 639 2394 nostro
656 2322 797 2394 culmini
815 2322 989 2394 humiliter
998 2323 1205 2417 supplicavit
1222 2336 1259 2394 ut
1272 2323 1445 2395 civitatem
1457 2323 1566 2417 ipsam
1576 2345 1654 2395 cum
1669 2324 1838 2397 territorio
1849 2345 1925 2416 suo,

522 2444 616 2517 cives
633 2454 667 2516 et
678 2444 770 2518 bona
781 2445 933 2538 ipsorum
947 2447 1012 2517 sub
1023 2446 1231 2540 protectione
1244 2455 1359 2519 nostra
1371 2446 1525 2540 recipere
1540 2445 1763 2538 dignaremur
1777 2446 1842 2543 (l).
1859 2449 1927 2521 Nos

523 2588 605 2640 vero
628 2568 781 2660 ipsorum
798 2565 952 2640 fidelium
969 2577 1161 2640 nostrorum
1176 2569 1484 2664 supplicationibus
1504 2569 1734 2642 favorabiliter
1753 2569 1923 2658 inclinati,

521 2689 695 2762 civitatem
710 2690 819 2784 ipsam
836 2713 916 2763 cum
930 2691 1099 2765 territorio
1117 2713 1201 2781 suo,
1216 2693 1309 2764 cives
1323 2703 1358 2764 et
1371 2694 1463 2765 bona
1480 2715 1550 2787 que
1558 2694 1652 2785 juste
1664 2703 1781 2766 tenent
1791 2703 1826 2765 et
1842 2715 1925 2790 pos-

520 2812 635 2885 sident
659 2813 725 2884 sub
745 2813 934 2908 patrocinio
957 2815 1141 2907 majestatis
1157 2823 1270 2886 nostre
1292 2815 1475 2910 recipimus
1493 2817 1653 2911 speciali,
1673 2816 1876 2890 mandantes
1891 2827 1925 2890 et

520 2931 661 3006 tirmiter
687 2934 882 3008 inhibentes
900 2947 941 3008 ut
963 2937 1079 3010 nullus
1102 2937 1147 3008 sit
1171 2938 1232 3032 qui
1254 2946 1371 3011 contra
1391 2939 1494 3030 hujus
1520 2939 1740 3034 protectionis
1765 2939 1925 3034 paginam

520 3057 694 3130 civitatem
711 3059 820 3154 ipsam
838 3081 901 3132 seu
915 3060 1010 3134 cives
1028 3063 1063 3132 in
1082 3063 1310 3157 personisaut
1327 3061 1431 3134 rebus
1444 3083 1563 3136 eorum
1580 3061 1733 3136 indebite
1749 3063 1927 3135 molestam

519 3191 706 3275 presumat.
737 3183 839 3268 Quod
868 3185 930 3277 qui
958 3187 1201 3280 presumpserit
1227 3185 1498 3278 indignationem
1531 3188 1715 3279 majestatie
1744 3196 1859 3259 nostre
1889 3207 1926 3260 se

519 3303 654 3376 noverit
667 3303 897 3378 incursurum.
916 3305 971 3378 Ad
989 3307 1093 3399 hujus
1106 3319 1220 3380 autem
1235 3309 1443 3382 detensionis
1455 3319 1570 3382 nostre
1586 3309 1785 3382 memoriam
1799 3319 1834 3382 et
1850 3318 1925 3382 sta·

518 3425 622 3499 bilem
641 3424 852 3521 firmitatem,
873 3441 1064 3522 presentem
1089 3432 1292 3528 scripturam
1313 3431 1386 3505 lieri
1412 3442 1446 3506 et
1467 3433 1580 3524 sigillo
1600 3431 1786 3524 majestatis
1810 3443 1925 3506 nostro

514 3569 682 3639 Jusermus
699 3572 918 3624 communrrr.

466 3707 470 3714 ·
566 3673 688 3745 Datum
705 3676 858 3762 verone,
878 3698 970 3748 anno
988 3677 1162 3752 dominice
1182 3679 1428 3752 incarnationis
1446 3680 1493 3752 bl.
1514 3681 1576 3752 CC.
1593 3679 1781 3769 xxxvtlt,
1808 3702 1926 3754 mense

517 3795 617 3886 maii,
637 3797 822 3872 undecime
837 3797 1047 3873 indictionis.

551 4101 587 4173 (t)
606 4120 621 4156 ι
637 4101 717 4160 Stetit
737 4101 882 4176 imperator
900 4105 928 4161 in
947 4104 1000 4163 iltis
1015 4106 1137 4181 partibus
1152 4104 1348 4181 [Pedcmontis]
1366 4123 1414 4180 par
1427 4111 1513 4164 totum
1528 4121 1649 4164 mensem
1671 4107 1764 4165 marcii
1781 4112 1810 4166 et
1830 4107 1925 4166 habuit

515 4197 627 4256 Sauram
639 4185 856 4273 etAlbenganam
866 4217 935 4275 quas
949 4203 1070 4262 civitates
1083 4205 1231 4262 tranenses
1242 4204 1386 4278 tenebant,
1398 4205 1525 4278 deditque
1539 4221 1586 4263 eas
1603 4205 1631 4262 iu
1643 4205 1762 4263 custodia
1777 4205 1923 4263 marchioni

469 4277 475 4288 '
514 4295 930 4358 necessetatebus.
950 4304 982 4357 a
1000 4301 1065 4358 nar.
1083 4305 1179 4374 pate,
1193 4318 1221 4376 p.
1241 4303 1303 4358 ur.
1321 4302 1389 4359 num
1407 4309 1497 4358 auum
1514 4301 1665 4359 rrrosneus
1683 4301 1754 4358 urea
1773 4301 1921 4358 osseum

513 4392 675 4451 Janueuscm
687 4396 870 4454 securitatem
883 4398 1049 4470 imperialem
1058 4399 1099 4456 his
1112 4399 1206 4456 diebus
1215 4406 1393 4472 restauraret,
1405 4399 1467 4456 inde
1480 4399 1589 4472 contigit
1599 4404 1629 4455 ut
1639 4399 1786 4456 tanuenees
1799 4397 1851 4456 eibi
1864 4413 1920 4455 me·

514 4494 620 4548 tuentes
630 4489 658 4547 in
669 4492 727 4564 ejus
740 4495 853 4565 gratiam
867 4495 969 4553 restitui
985 4496 1146 4552 curaverint.
