4350 5922
253 630 351 689 lsnrcn
371 627 433 704 ld]
701 623 898 685 HISTORIA
926 625 1217 688 nlrtollavlcll.
1624 627 1666 687 25

256 763 359 836 salem
377 772 412 836 et
429 761 543 835 Sicilie
555 781 636 850 rex,
656 759 816 833 Alberoui
836 759 881 833 de
898 761 1107 834 Pollenbaim
1133 760 1184 858 (a)
1203 761 1314 854 judici
1341 761 1542 857 provinciali
1570 761 1664 835 fideli

255 907 319 959 suo
335 885 481 980 gratiam
505 893 656 956 suamet
675 905 778 956 omne
797 885 938 956 bonum.
959 886 1200 980 Suppliceruut
1222 886 1363 958 culmini
1383 896 1501 958 nostro
1522 907 1666 958 venera·

255 1010 334 1082 bilis
348 1009 456 1082 abbas
470 1017 505 1082 et
522 1017 713 1082 conventus
723 1007 769 1080 de
779 1009 992 1101 Wilaringen
1007 1007 1237 1082 Cisterciensis
1249 1008 1395 1098 ordinis,
1409 1008 1529 1082 fideles
1542 1010 1661 1100 nostri,

255 1143 294 1205 ut
311 1133 405 1227 ipsos
422 1141 456 1204 et
474 1129 635 1202 universa
656 1130 748 1202 bona
766 1151 830 1202 sua
852 1152 922 1224 que
948 1131 1100 1224 legitime
1124 1132 1296 1226 pertinent
1310 1131 1453 1202 ecclesie
1480 1141 1665 1204 memorate

256 1254 448 1328 defensioni
463 1263 523 1326 tue
545 1254 755 1326 committere
776 1263 879 1346 teque
897 1275 1001 1348 snper
1019 1253 1122 1346 justis
1145 1275 1264 1326 eorum
1288 1253 1511 1346 querimoniis
1534 1254 1664 1326 eisdem

253 1379 406 1474 judicem
424 1376 613 1451 concedere
637 1377 872 1472 dignaremur.
890 1379 959 1450 Nos
978 1378 1095 1470 itaque
1118 1377 1153 1447 in
1177 1377 1328 1449 favorem
1346 1377 1478 1451 ordinis
1494 1377 1663 1449 dictorum

254 1504 388 1577 abbatis
418 1511 453 1575 et
479 1511 670 1574 conventos
699 1501 1008 1597 supplicationibus
1035 1500 1268 1573 favorabiliter
1295 1502 1467 1592 inclinati,
1495 1501 1665 1596 predictos

255 1627 413 1699 abbatem
431 1635 465 1698 et
487 1634 697 1698 conventum
715 1646 779 1698 nec
802 1645 872 1697 non
899 1624 1063 1696 universa
1080 1624 1171 1724 bona
1191 1647 1341 1718 suaque
1359 1646 1453 1698 merc
1467 1630 1545 1717 jure
1563 1628 1666 1720 perti·

255 1759 337 1822 nent
353 1749 497 1822 ecclesie
517 1757 717 1843 prenotate,
736 1747 926 1820 defensioni
944 1757 1002 1820 tue
1024 1749 1233 1820 committere
1261 1757 1364 1842 teque
1378 1749 1428 1822 eis
1452 1751 1604 1840 jndicem
1628 1751 1663 1821 in

255 1896 374 1946 eorum
402 1873 505 1965 justis
538 1871 763 1966 querimoniis
786 1871 954 1943 duximus
985 1871 1258 1944 concedendum.
1286 1873 1400 1956 Quare
1426 1871 1580 1945 fidelitati
1607 1884 1666 1946 tuc

256 1997 462 2071 mandamns
479 1995 621 2069 tirmiter
643 1997 872 2092 precipientes
895 2005 1068 2090 quatenus
1084 1996 1254 2090 predictos
1274 1997 1432 2069 abbatem
1455 2007 1490 2069 et
1513 2019 1664 2070 conven-

254 2131 328 2192 tum
345 2121 383 2192 in
401 2120 503 2192 bonis
518 2119 663 2193 ecclesie
684 2141 749 2192 sue
769 2119 920 2213 legitime
936 2120 1170 2216 spectantibus
1186 2119 1367 2193 autoritate
1384 2121 1490 2194 nostri
1507 2121 1666 2194 culminis

255 2255 373 2316 contra
389 2245 572 2316 universos
591 2243 810 2335 injuriatores
835 2265 917 2316 suos
942 2251 1166 2316 manuteneas
1179 2253 1214 2314 et
1230 2242 1419 2332 defendas,
1443 2265 1546 2338 super
1563 2245 1666 2336 justis

254 2389 373 2440 eorum
391 2367 616 2460 querimoniis
642 2366 728 2461 ipsis
745 2367 968 2439 nibilominus
985 2368 1113 2440 faciens
1131 2366 1263 2457 justitie
1280 2368 1583 2460 complementum,
1603 2391 1667 2442 nec

255 2493 387 2564 ratione
402 2490 612 2564 defensionis
628 2513 693 2563 nec
709 2492 841 2564 ratione
857 2491 981 2583 judicii
1000 2491 1133 2585 aliquid
1149 2491 1271 2580 exigas
1288 2491 1334 2561 ab
1355 2490 1498 2578 eisdem,
1516 2491 1579 2564 sed
1594 2503 1668 2566 tan-

255 2638 361 2711 quam
381 2615 519 2710 pietatis
539 2624 654 2688 nostre
679 2614 792 2688 fidelis
815 2625 850 2688 et
877 2616 1031 2687 sincerus
1058 2623 1224 2687 executor
1252 2613 1354 2687 dictis
1377 2617 1538 2689 fratribus
1565 2640 1668 2713 super

255 2741 355 2812 bonis
370 2749 535 2812 eteorum
551 2739 689 2832 juribus
707 2740 758 2812 sic
775 2738 961 2835 provideas
978 2761 1024 2832 ex
1042 2749 1138 2834 parte
1158 2749 1274 2812 nostra
1295 2749 1333 2810 ut
1354 2763 1375 2812 a
1398 2742 1494 2812 nullo
1514 2742 1668 2816 indebite

257 2865 490 2937 molestentur.

302 2989 429 3060 Datum
443 2985 537 3082 apud
554 2985 749 3076 Wiennam,
766 2985 830 3056 XX
844 2985 1019 3078 febmarii,
1036 2988 1068 3059 X
1085 2985 1285 3060 indictione.

495 3273 874 3290 -αιι--ι--ο--η--η-..ι
881 3279 955 3289 ι...-
962 3279 1162 3290 -ι--ι--ι-ιι-
1171 3279 1434 3289 a-n---oaa—-n--u

310 3529 339 3612 F
340 3531 538 3640 ridericus,
554 3532 815 3616 Romanorum
833 3533 1051 3642 imperator,
1072 3534 1257 3616 universis
1271 3533 1466 3644 judicibus
1483 3544 1521 3617 et
1533 3546 1669 3617 mute·
1714 3631 1728 3662 n

259 3661 326 3743 riis
357 3688 425 3770 per
452 3663 646 3746 Austriam
674 3675 712 3746 et
737 3664 777 3745 in
809 3665 936 3748 Welse
967 3657 1181 3749 constitutis
1213 3667 1373 3749 mandat
1403 3675 1447 3748 ut
1469 3667 1670 3750 conventui
1757 3651 1775 3716 ¹'
1836 3634 1860 3664 ⁹

259 3793 307 3876 de
328 3794 544 3905 Wilbcring
568 3797 741 3879 eamdem
768 3797 1046 3880 immunitatem
1074 3800 1113 3880 in
1139 3800 1322 3882 ducendis
1350 3799 1577 3882 victualibus
1603 3827 1672 3909 per

260 3924 344 4008 loca
374 3936 569 4010 mutarum
599 3929 800 4014 observent
830 3957 948 4039 quarn
971 3933 1050 4014 dux
1080 3932 1294 4040 Leopoldus
1326 3935 1520 4041 quondam
1548 3933 1671 4016 eidem

261 4061 490 4144 monasterio
507 4063 691 4146 concessit
707 4074 745 4146 et
761 4063 842 4172 ipse
859 4064 1108 4148 confirmavit.

345 4262 441 4341 (lldlt.
455 4279 504 4341 ap.
518 4263 623 4339 Sauum
636 4263 722 4344 lln'd,
735 4275 769 4326 n·
783 4277 832 4341 al,
844 4283 882 4328 ex
896 4267 996 4328 cadem
1009 4267 1117 4347 copia.)

311 4439 522 4528 Fridericus,
542 4442 604 4514 llei
626 4444 735 4537 gratia
753 4445 983 4516 Romanorum
1009 4444 1193 4539 imperator
1216 4467 1351 4540 semper
1371 4455 1557 4540 augustus,
1577 4447 1670 4520 leru-

264 4563 369 4635 salem
388 4573 423 4636 et
438 4563 553 4638 Sicilie
570 4586 649 4656 rex,
675 4567 845 4640 universis
859 4567 1038 4660 judicibus
1055 4577 1089 4640 et
1108 4569 1262 4641 mutariis
1280 4569 1351 4641 suis
1368 4591 1430 4664 per
1446 4567 1621 4642 Austriam
1635 4579 1670 4642 et

305 4738 680 4818 (qsaneerurouum.
1169 4825 1173 4833 Ι

321 4847 359 4910 V·
1489 4858 1508 4912 4
