4246 5906
303 570 343 630 72
785 571 999 636 Fuluculcl
1024 567 1195 632 sccultot
1509 561 1590 642 [Ass.
1609 559 1695 622 1239.

304 703 328 776 d
352 702 489 796 singula
518 711 634 776 nostro
657 703 909 801 beneplacitum
935 703 1134 778 voluntatis.
1156 703 1198 774 Et
1216 702 1327 798 primu
1343 719 1448 795 super
1467 719 1510 772 cc
1525 696 1621 792 quod
1638 715 1697 789 par

303 849 357 920 psa
369 827 521 922 capitula
534 827 624 900 scire
636 830 765 925 petisti,
775 831 935 904 videlicet
947 825 992 902 dc
1005 850 1076 923 quo
1089 829 1260 900 frumento
1271 825 1422 898 velimus
1434 820 1570 896 onerari
1580 817 1697 891 navim

303 961 434 1024 ostram
455 973 525 1045 que
547 952 609 1025 tibi
634 953 807 1047 assignata
834 955 899 1027 luit
917 977 978 1048 per
1003 952 1172 1044 Angelum
1195 949 1241 1022 dc
1263 949 1375 1022 lllarra
1398 957 1434 1020 et
1453 945 1543 1019 duos
1565 943 1698 1016 bnctius

302 1199 400 1272 lavim
421 1199 531 1293 ipsam
556 1221 662 1294 quam
682 1200 818 1280 bnctius
839 1201 974 1276 onerari
1006 1200 1110 1272 iacias
1131 1199 1302 1270 frumento
1326 1195 1424 1266 curia
1446 1203 1580 1278 nostrc;
1604 1189 1699 1284 quod

302 1325 413 1396 ilorte
430 1323 475 1396 de
497 1323 669 1398 frumento
685 1325 781 1399 curie
803 1337 919 1400 nostra
942 1347 1012 1398 non
1028 1323 1136 1396 babes
1151 1331 1285 1394 tantum
1305 1317 1402 1413 quud
1416 1318 1588 1389 sufficeret
1604 1314 1699 1388 oneri

301 1448 384 1520 lavis
406 1457 440 1519 et
463 1447 661 1520 buctiorum
687 1447 862 1544 ipsorum,
893 1471 988 1522 emas
1009 1449 1221 1520 lrumentnm
1238 1444 1284 1518 dc
1303 1443 1450 1540 pecunia
1468 1440 1564 1514 curie
1587 1449 1701 1511 nostro

301 1593 354 1664 pro
373 1579 425 1642 est
449 1592 509 1666 per
535 1593 660 1644 manus
686 1581 763 1646 tuas
787 1583 822 1646 et
845 1573 966 1645 mictas
991 1571 1108 1644 navim
1135 1579 1170 1642 ct
1196 1569 1332 1652 boetius
1359 1565 1406 1639 ad
1433 1565 1507 1638 illas
1526 1571 1640 1660 partes
1664 1563 1699 1632 in

301 1693 416 1786 {uibus
427 1690 545 1786 'maius
556 1695 777 1769 commodum
791 1705 826 1768 et
841 1697 970 1768 utililas
982 1695 1077 1766 curie
1090 1703 1206 1766 nostre
1218 1693 1330 1764 valeat
1342 1687 1534 1785 procurari,
1550 1697 1584 1760 ct
1599 1687 1700 1758 talem

301 1839 456 1912 »reponas
471 1828 507 1889 et
526 1817 649 1892 mictas
669 1841 749 1892 cum
771 1821 821 1894 eis
841 1821 902 1914 qui
922 1819 1034 1893 fidelis
1058 1819 1103 1891 sit
1123 1827 1158 1892 et
1177 1817 1327 1912 diligens
1351 1816 1397 1889 ad
1425 1823 1578 1892 nosbum
1602 1833 1702 1884 oom-

300 1941 428 2014 nodnm
448 1943 695 2036 exequendum
709 1954 744 2016 et
760 1943 857 2037 quod
872 1945 981 2038 ipsius
995 1942 1207 2037 negligentia
1223 1941 1285 2012 tibi
1304 1961 1373 2012 non
1387 1937 1512 2012 debent
1525 1927 1699 2032 imputari.

300 2067 336 2135 le
349 2064 467 2156 judeis
487 2087 570 2138 vero
590 2066 636 2140 dc
652 2067 767 2140 Garbe
787 2068 849 2161 qui
867 2068 998 2140 suntin
1016 2068 1184 2139 Panormo
1209 2087 1273 2137 nec
1296 2061 1505 2136 concordant
1527 2082 1607 2133 cnm
1628 2059 1703 2132 aliis

300 2186 402 2260 odeis
420 2189 600 2280 Panormi,
618 2191 710 2262 sicut
727 2200 786 2263 tun
810 2191 960 2287 capitula
979 2191 1217 2278 continebant,
1237 2185 1487 2284 propterquod
1505 2191 1627 2280 petunt
1637 2183 1701 2254 sibi

300 2311 430 2386 mncedi
457 2314 571 2386 lucum
597 2316 722 2408 inquo
743 2315 788 2388 dc
805 2337 896 2388 noro
915 2325 1117 2388 construant
1134 2315 1336 2408 sinagogam
1361 2321 1396 2384 et
1413 2319 1533 2406 petunt
1555 2307 1704 2380 casalina

299 2457 350 2508 ›ro
368 2435 530 2508 domibus
550 2438 790 2512 construendis
811 2440 900 2512 intra
924 2461 1100 2512 caesarum
1126 2446 1228 2512 vetus
1251 2435 1432 2525 Panormi,
1458 2443 1579 2530 petunt
1600 2432 1703 2506 ctiam

299 2559 439 2652 aliquem
465 2581 581 2634 senem
598 2582 644 2634 ex
663 2562 714 2635 eis
736 2562 855 2658 prelici
875 2565 910 2634 in
935 2563 1156 2655 magistrum,
1175 2571 1211 2636 et
1232 2559 1373 2634 concedi
1392 2557 1459 2631 sibi
1481 2558 1705 2652 palmcretnm

299 2683 344 2754 rel
360 2683 561 2756 dactiietnm
579 2686 737 2758 Panormi
757 2687 853 2782 qood
875 2697 926 2760 est
941 2709 1047 2782 prope
1066 2685 1232 2759 lavariam
1252 2693 1404 2756 nostram
1423 2681 1582 2754 Panormi
1600 2699 1706 2754 exco-

298 2805 432 2880 endnm
454 2809 556 2900 juxta
579 2830 711 2882 morem
728 2831 848 2884 eornm
870 2811 915 2882 de
938 2811 1068 2900 Garbo,
1092 2819 1127 2882 et
1144 2809 1266 2882 volunt
1286 2805 1504 2880 medietatam
1531 2805 1705 2876 fructuum

298 2933 423 3003 solvere
440 2932 537 3005 curie
560 2943 674 3007 nostre
690 2943 724 3006 et
742 2933 808 3006 sibi
823 2935 990 3029 reliquam
1010 2935 1169 3024 relinere,
1185 2934 1298 3028 placet
1315 2930 1416 3002 nobis
1436 2927 1532 3022 qnod
1552 2928 1707 3002 invenias

298 3055 441 3148 aliquem
464 3077 582 3128 senem
605 3077 652 3128 cx
674 3057 725 3129 uis
747 3056 884 3130 fidelem
907 3058 1008 3130 nobis
1026 3067 1061 3128 et
1082 3057 1201 3130 utilem
1224 3055 1326 3150 ipsis,
1346 3065 1382 3126 ct
1399 3053 1530 3126 eisdem
1549 3049 1707 3148 preliciss

298 3179 327 3250 ln
351 3177 563 3271 magistrum.
583 3179 685 3263 Quod
707 3180 759 3252 eis
779 3181 892 3254 locare
914 3180 1044 3254 debeas
1059 3179 1209 3253 casalina
1226 3201 1288 3274 pro
1312 3177 1474 3252 domibus
1501 3185 1708 3249 construen-

298 3301 346 3374 iis
372 3302 462 3374 intra
489 3312 591 3374 vetus
631 3323 806 3376 cassanum
837 3305 1016 3398 nolumus,
1045 3313 1097 3377 set
1120 3303 1149 3376 si
1186 3303 1221 3374 in
1253 3303 1330 3376 aliis
1365 3301 1519 3398 partibus
1549 3299 1708 3374 Panormi

298 3425 395 3498 luerit
410 3425 508 3498 locus
530 3426 626 3498 utilis
641 3427 726 3522 ipsis
742 3449 804 3522 pro
821 3428 982 3502 domibus
998 3428 1256 3516 construendis,
1276 3429 1389 3500 locnm
1408 3427 1521 3521 ipsum
1537 3425 1588 3498 eis
1605 3426 1706 3498 loces.

298 3549 499 3644 sinagogam
519 3571 602 3622 vero
625 3549 671 3622 dc
687 3573 777 3624 novo
800 3573 870 3624 non
895 3551 1049 3626 vidimus
1076 3552 1245 3648 expedire
1260 3551 1306 3624 ad
1333 3571 1475 3646 presens
1498 3550 1594 3644 qnod
1618 3550 1710 3644 ipsos

298 3683 490 3748 construere
506 3674 768 3769 permictamus,
785 3675 848 3748 scd
864 3677 893 3747 si
911 3678 946 3748 in
964 3677 1131 3750 Panormo
1152 3677 1253 3749 luerit
1277 3676 1393 3769 aliqua
1417 3675 1586 3768 sinagoga
1609 3683 1710 3746 vetus

298 3819 364 3890 que
377 3807 478 3870 vacet
500 3807 534 3870 et
548 3797 721 3870 voluerint
736 3801 845 3894 ipsam
864 3799 1106 3891 rubedificare,
1126 3801 1310 3896 permictas
1322 3799 1420 3894 quod
1441 3800 1552 3892 ipsam
1571 3797 1707 3870 rebcdi·

298 3919 408 3992 licent.
422 3919 597 3994 Concedas
611 3921 662 3994 eis
674 3923 777 3994 etiam
797 3926 1019 4018 palmeretum
1033 3945 1093 3996 seu
1108 3923 1305 3998 dactiietnm
1317 3925 1411 3996 curie
1425 3933 1541 3995 nostro
1554 3921 1710 3994 Panormi

298 4043 392 4138 quod
412 4055 465 4117 est
484 4066 590 4140 prope
613 4046 791 4121 Faveriam
807 4049 853 4120 ad
870 4048 1102 4122 excolandum
1125 4047 1271 4122 dactilos
1284 4050 1387 4140 juxta
1414 4068 1543 4119 morem
1570 4067 1708 4136 corum,

298 4176 495 4240 nontamen
512 4168 606 4240 loces
621 4169 672 4241 eis
688 4169 754 4242 nisi
770 4170 817 4244 ad
833 4173 988 4266 quinque
1002 4173 1058 4246 vel
1078 4171 1124 4245 ad
1138 4173 1217 4266 plus
1232 4169 1279 4245 ad
1296 4171 1417 4244 decem
1440 4192 1550 4244 annos
1569 4169 1613 4242 ad
1631 4168 1710 4242 md·

298 4291 407 4364 ditum
427 4313 531 4386 quem
548 4294 726 4388 scripsisti.
754 4297 803 4367 De
829 4295 1075 4391 compellendis
1100 4317 1184 4370 vero
1204 4295 1322 4389 judeis
1347 4297 1423 4368 aliis
1447 4295 1509 4390 qni
1533 4293 1579 4366 de
1599 4291 1712 4366 Garbc

298 4424 468 4486 venerunt
485 4425 519 4488 et
535 4437 597 4511 per
613 4416 767 4491 diversas
789 4429 904 4514 partes
924 4420 1039 4492 Sicilie
1063 4419 1236 4512 habitant,
1260 4441 1330 4490 non
1353 4418 1506 4492 vidimus
1523 4414 1709 4511 expedire,

298 4560 342 4610 ne
360 4540 446 4610 lortc
467 4541 646 4613 tolleretur
664 4544 741 4614 aliis
758 4545 820 4637 qui
836 4545 971 4617 venturi
989 4545 1058 4616 sint
1080 4545 1223 4618 materia
1240 4541 1437 4616 conterendi
1456 4563 1495 4614 se
1511 4542 1544 4612 in
1566 4559 1712 4634 ragnum

298 4670 467 4734 nostrum.
490 4665 601 4759 Super
620 4686 662 4737 eo
680 4665 823 4762 insuper
840 4665 934 4762 quod
957 4668 1078 4742 eadem
1096 4677 1155 4742 tua
1177 4669 1326 4764 capitula
1348 4664 1570 4739 continebant
1586 4671 1619 4736 te
1639 4671 1711 4734 sla·
