4242 5904
325 1128 397 1178 [Circa

304 1184 413 1236 aprilem}

975 579 1191 643 FlllllElllCl
1215 581 1389 644 suctum
1701 587 1780 671 [Anu.
1799 589 1885 652 1238,

529 1119 761 1228 Fridericus‚
780 1119 1041 1203 Romanorum
1067 1118 1287 1228 imperator,
1308 1117 1437 1203 comiti
1460 1117 1677 1201 Provinciae
1700 1120 1888 1202 mandans

476 1263 520 1337 ut
539 1255 587 1335 ad
609 1255 861 1362 praesentiam
884 1280 995 1337 suam
1012 1253 1158 1360 veniat,
1177 1262 1360 1362 prorogat
1376 1251 1583 1334 terminum
1601 1251 1795 1357 veniendi,
1820 1253 1888 1336 sed

476 1386 684 1495 praefigere
696 1387 892 1469 ducendae
910 1386 1066 1469 militiae
1086 1411 1290 1469 numerum
1308 1385 1454 1492 renuit,
1473 1410 1563 1466 cum
1580 1411 1708 1468 comes
1728 1383 1887 1468 Sabau-

476 1519 561 1602 diae
578 1531 616 1601 et
633 1520 804 1602 marchio
821 1517 1090 1604 Montislcrrati
1108 1515 1180 1600 sibi
1194 1517 1277 1628 jam
1294 1527 1393 1601 totas
1410 1517 1508 1600 vires
1526 1517 1745 1601 obtulerint.

558 1733 695 1812 (Edidcr.
709 1731 860 1793 Maurunu
873 1739 903 1793 et
915 1733 1058 1802 urrann,
1073 1727 1206 1811 Ampliat.
1221 1727 1342 1809 codect„
1353 1737 1377 1791 t.
1393 1731 1435 1803 lt,
1450 1731 1508 1791 col.
1524 1738 1706 1809 1168-1169,
1727 1741 1761 1792 11·
1774 1727 1885 1793 xtltl.

595 1841 756 1916 -Puurz,
771 1841 901 1900 Murrum.
919 1837 1016 1900 Gmm.
1031 1838 1145 1915 tuan,
1160 1846 1184 1899 t.
1201 1839 1254 1917 lv,
1270 1857 1300 1916 p·
1318 1846 1392 1916 ³243
1408 1854 1489 1898 nunc
1500 1837 1568 1898 coll.
1585 1853 1653 1898 cum
1667 1837 1794 1898 ccdlcib.
1809 1837 1886 1898 Blbl.

597 1945 695 2007 Cesar.
709 1945 817 2019 Parta,
832 1942 929 2006 Funde
941 1945 976 2007 S.
998 1944 1095 2008 Germ,
1112 1941 1238 2024 flarlep,
1253 1954 1324 2025 455,
1338 1962 1370 2022 p.
1385 1944 1446 2022 ΙΙΙ,
1461 1953 1496 2004 n⁰
1510 1953 1560 2023 ta,
1575 1949 1606 2004 et
1617 1941 1781 2022 ortasondr
1794 1939 1884 2018 latin,

598 2059 690 2124 1011,
703 2051 756 2112 fol.
777 2059 831 2112 127
847 2051 1055 2132 recto-verso.)

524 2237 746 2327 Fredericus‚
769 2248 852 2328 etc,
871 2239 986 2310 comiti
1009 2239 1206 2329 Provincia,
1227 2247 1294 2312 etc.
1316 2237 1449 2310 Litteris
1466 2247 1501 2310 et
1514 2237 1643 2310 nuncio
1663 2245 1723 2310 tuo
1741 2237 1788 2310 ad
1806 2259 1887 2311 nos·

477 2375 564 2437 tram
579 2363 787 2458 presentiam
803 2363 981 2436 destinatis
992 2364 1130 2460 ylariter
1146 2377 1180 2436 et
1195 2364 1345 2458 benigna
1357 2363 1519 2458 receptis,
1533 2373 1602 2436 tam
1618 2385 1666 2435 ex
1676 2363 1887 2437 continentia

477 2488 667 2561 litterarum
685 2511 791 2582 quam
809 2510 855 2558 ex
875 2488 987 2559 nuntii
1013 2487 1179 2560 relatione
1201 2487 1397 2581 colligimus
1420 2487 1640 2560 devotionem
1662 2497 1760 2560 tuam
1782 2509 1887 2582 quam

476 2611 523 2684 ad
541 2621 654 2684 nostra
678 2619 713 2684 et
735 2610 872 2705 impcrii
890 2611 1032 2683 servitia
1050 2621 1209 2706 prompta
1234 2611 1326 2705 geris
1348 2620 1383 2684 ct
1407 2609 1576 2684 fervidam
1599 2613 1828 2684 voluntatem.
1848 2611 1888 2683 lu

478 2757 520 2810 eo
534 2719 773 2808 verumtamen
785 2735 941 2828 cogimur
954 2743 1160 2807 excusatum
1173 2733 1303 2807 habere
1320 2733 1460 2808 solitum
1474 2737 1585 2808 zelum
1602 2745 1700 2808 tuum
1713 2737 1798 2831 quia
1812 2757 1887 2809 sero

477 2861 639 2936 nuntium
657 2869 813 2932 nostrum
827 2882 907 2932 curn
921 2859 1043 2930 litteris
1059 2858 1326 2932 submonitionis
1342 2867 1456 2933 nostra
1471 2859 1609 2933 venisse
1625 2861 1754 2952 lateris,
1771 2881 1834 2956 pro
1846 2881 1888 2934 eo

478 2986 574 3080 quod
587 2985 756 3057 terminus
771 2985 807 3056 in
823 2983 981 3056 kalendis
996 2983 1078 3056 maii
1094 2991 1294 3079 pretaxatus
1308 3005 1328 3058 e
1342 2984 1458 3057 vicino
1475 2983 1637 3057 videatur
1648 2987 1793 3077 instare3
1810 2985 1889 3058 lieet

477 3109 640 3182 admirari
660 3131 824 3204 cogamur
841 3109 886 3182 de
902 3109 1013 3180 nuntii
1033 3107 1193 3182 tarditate
1211 3108 1375 3202 quemad
1392 3109 1667 3204 preveniendum
1684 3120 1889 3205 apparatum

476 3243 575 3306 tuum
598 3234 817 3329 premisimus
838 3241 873 3305 et
896 3232 1144 3328 deputavimus
1165 3234 1362 3328 specialem.
1382 3229 1439 3305 Ad
1461 3233 1558 3328 quod
1579 3233 1720 3330 insuper
1743 3231 1889 3308 confidi·

475 3379 554 3429 mus
573 3367 607 3429 te
625 3357 845 3452 probabiliter
863 3357 1035 3453 expediri,
1050 3357 1134 3450 quia
1151 3357 1214 3429 atsi
1233 3356 1439 3430 nuntiusad
1454 3367 1572 3432 teuon
1593 3358 1661 3430 cito
1675 3359 1886 3454 pervenerit,

476 3480 618 3553 affectus
636 3491 717 3553 tuus
734 3501 796 3575 per
811 3481 971 3552 ellectum
999 3480 1156 3553 debitum
1175 3481 1211 3552 iu
1232 3481 1379 3553 aliorum
1402 3483 1602 3576 exemplum
1620 3483 1748 3555 clarius
1769 3492 1887 3556 osten·

476 3603 588 3677 detur.
602 3603 776 3694 Allegavit
787 3605 890 3676 etiarn
905 3603 999 3676 idem
1013 3605 1156 3678 nuntius
1169 3614 1248 3677 tuus
1261 3604 1425 3700 temporis
1440 3603 1638 3678 discrimina
1655 3606 1886 3701 precedentis,

475 3729 715 3824 gravaminum
733 3727 929 3801 instantiam
948 3737 983 3800 et
1002 3750 1183 3801 causarum
1205 3750 1274 3823 que
1296 3727 1358 3800 tibi
1378 3729 1475 3802 oneri
1494 3729 1601 3802 luisse
1624 3739 1831 3823 noscuntur,
1849 3739 1890 3803 ut

475 3861 607 3926 certum
627 3875 647 3925 a
664 3853 764 3927 uobis
778 3853 899 3949 preligi
918 3863 1051 3949 peteret
1069 3855 1252 3928 terminum
1270 3851 1321 3950 (a)
1338 3854 1485 3926 militum
1508 3853 1763 3928 ducendorum.
1784 3855 1889 3942 Quod

475 3977 641 4071 expedire
655 4000 723 4052 non
741 3978 894 4051 vidimus
910 4001 974 4050 nec
986 3979 1032 4051 ad
1050 3979 1118 4052 hoc
1133 3979 1309 4075 proposita
1323 3979 1440 4075 petitio
1453 3979 1565 4052 nuntii
1579 4001 1644 4052 uos
1663 3979 1776 4075 potuit
1789 3980 1888 4051 incli-

475 4123 575 4192 nare,
603 4111 641 4173 ut
666 4103 743 4175 viro
770 4113 864 4176 tante
890 4103 1100 4176 strenuitatis
1123 4113 1158 4175 et
1180 4102 1264 4176 fidei
1284 4126 1389 4198 quem
1415 4105 1572 4200 specialis
1598 4105 1731 4178 allectio
1756 4103 1888 4178 servitii

474 4224 582 4297 nostri
602 4233 636 4296 et
654 4225 789 4320 imperii
802 4225 891 4298 votis
906 4225 1109 4300 ardentibus
1126 4227 1382 4323 precordialiter
1396 4228 1518 4301 incitat
1532 4237 1566 4302 et
1579 4227 1719 4320 invitat,
1737 4229 1887 4322 quitum

475 4369 521 4420 ax
538 4347 711 4421 affinitatis
730 4349 882 4441 vinculo,
903 4361 976 4422 tum
1000 4374 1048 4424 ex
1073 4359 1196 4424 nature
1220 4372 1261 4424 ac
1282 4352 1434 4447 potentie
1449 4375 1513 4426 sue
1535 4353 1665 4426 meritis
1690 4352 1794 4426 debet
1812 4373 1887 4426 esse

474 4473 598 4544 ceteris
611 4472 648 4542 iu
668 4475 866 4566 exemplum
881 4473 1008 4568 pariter
1023 4482 1058 4546 et
1072 4474 1264 4570 sequelam,
1288 4485 1416 4549 metam
1432 4475 1593 4550 comitiva
1614 4497 1715 4549 suum
1733 4474 1888 4549 decentis

517 4675 558 4757 (a)
581 4675 644 4754 Sic;
660 4695 764 4740 seusus
780 4697 848 4740 vero
862 4696 1015 4740 numerum
1028 4695 1183 4758 exposcere
1196 4680 1324 4742 videtur.
