4226 5900
193 652 299 713 lrnrcr.
316 649 379 727 le]
651 649 848 713 HISTORIA
872 647 1166 712 olebonnrlclt.
1544 649 1606 711 ⁴65

196 787 392 857 voluntates
414 783 566 878 ipsorum
585 807 658 880 pax
678 795 713 859 et
729 784 915 859 concordia
933 781 1064 856 firmior
1085 784 1205 858 crescit
1224 783 1259 853 in
1278 783 1436 879 populis,
1457 782 1606 856 honores

197 915 379 980 servantur
393 906 429 977 in
447 907 667 999 alterutrum,
690 928 902 1002 suorumque
916 906 1121 978 roborantur
1136 908 1173 978 in
1187 914 1361 1002 posterum
1380 907 1459 998 jura
1480 927 1606 1000 regno·

198 1051 290 1101 rum.
304 1029 349 1102 Et
366 1051 446 1102 cum
464 1029 571 1122 hujus
593 1031 745 1102 fructum
768 1051 815 1104 ex
836 1029 1000 1102 affinitate
1021 1039 1136 1102 nostra
1159 1029 1260 1102 nobis
1278 1037 1313 1102 et
1329 1029 1430 1102 vobis
1448 1028 1605 1102 credide·

198 1151 308 1226 rimus
331 1151 499 1225 hactenus
523 1162 791 1248 proventurum,
818 1153 993 1248 presertim
1021 1174 1100 1224 eum
1123 1152 1368 1246 obligationem
1394 1152 1607 1244 cognationis

197 1283 315 1348 nostre
336 1274 547 1348 firmaverint
567 1297 664 1349 sacra
685 1277 907 1370 sequentium
928 1276 1073 1370 pignora
1097 1273 1263 1366 liliorum,
1290 1283 1399 1347 totum
1426 1274 1607 1346 intentioni

170 1389 171 1395 ’
199 1398 564 1488 nostrecontrarium,
588 1398 684 1493 quod
708 1400 863 1473 dolentes
882 1407 916 1472 et
940 1398 1041 1470 inviti
1067 1399 1265 1488 referimus,
1283 1398 1500 1492 experimur3
1522 1399 1609 1472 dum

200 1527 312 1615 preter
329 1519 367 1592 id
379 1519 475 1614 quod
492 1521 619 1596 illatam
643 1522 744 1595 nobis
769 1545 831 1617 per
853 1543 1032 1595 romanum
1055 1521 1251 1616 pontificem
1278 1521 1492 1593 manifestam
1516 1522 1609 1614 inju-

200 1643 305 1732 riam,
327 1664 434 1736 quam
448 1643 550 1715 nobis
568 1645 764 1738 precatoris
782 1655 871 1718 terre
886 1644 1099 1740 principibus
1115 1666 1255 1740 prorsus
1272 1645 1518 1717 intolerabilem
1534 1667 1611 1718 cre·

202 1763 388 1855 dabamus,
406 1765 671 1838 conniventibus
684 1767 794 1839 oculis
807 1766 1054 1862 pertransistis,
1070 1765 1225 1859 iniquam
1241 1766 1350 1860 ipsius
1366 1775 1483 1838 contra
1497 1787 1560 1839 nos
1577 1775 1611 1839 et

200 1889 338 1983 plenam
361 1887 444 1960 odio
462 1889 587 1961 carnali
606 1891 809 1962 sententiam
830 1888 1060 1985 permittendo
1081 1888 1183 2000 vobis
1203 1887 1423 1962 audientibus
1443 1900 1477 1963 et
1498 1893 1610 1964 scien·

203 2010 295 2084 tibus
312 2031 382 2084 non
398 2012 474 2084 sinc
493 2013 599 2084 multa
620 2013 728 2084 nostri
746 2013 872 2106 injuria
893 2021 928 2085 et
946 2011 1080 2107 imperii
1103 2011 1313 2084 verecundia
1337 2024 1371 2084 et
1391 2015 1525 2105 jactura
1551 2035 1614 2108 per

202 2153 347 2225 regnum
362 2143 515 2205 vestrum
534 2134 691 2228 undique
713 2135 893 2230 publicari,
911 2156 1005 2206 nunc
1020 2143 1123 2228 prout
1144 2143 1237 2206 certo
1255 2135 1485 2229 comperimus
1499 2134 1611 2208 eidem

203 2256 340 2350 capitali
360 2255 500 2329 inimico
521 2267 636 2330 nostro
656 2261 751 2330 fatue
765 2257 980 2348 obediendo,
1001 2257 1167 2329 bonorem
1185 2265 1339 2330 nostrum
1359 2267 1394 2329 et
1409 2259 1612 2350 sanguinem

203 2377 354 2465 sitienti,
372 2379 418 2452 de
430 2381 584 2452 ecclesiis
598 2381 695 2473 regni
712 2381 817 2453 vestri
833 2389 948 2454 vestra
962 2401 1003 2452 ac
1016 2379 1298 2474 predecessorum
1312 2389 1505 2452 vestrorum
1527 2403 1615 2475 quos

204 2503 359 2598 reputari
380 2513 514 2576 nostros
536 2513 651 2577 nostra
672 2505 844 2600 compellit
861 2503 1026 2594 affinitas,
1052 2503 1107 2596 pia
1128 2503 1307 2594 largitione
1331 2503 1465 2592 ditatis,
1485 2504 1531 2578 ad
1551 2505 1614 2576 im-

203 2627 450 2721 pugnationem
474 2637 625 2700 nostrum
643 2628 843 2723 pecuniaria
866 2627 976 2698 sinitis
991 2625 1164 2717 subsidia,
1191 2626 1302 2698 tallias
1318 2637 1353 2700 et
1375 2628 1532 2700 collectas
1550 2628 1615 2699 mi·

204 2749 355 2821 nistrari.
371 2749 537 2824 Attendat
550 2751 656 2845 igitur
670 2751 838 2824 industria
854 2749 950 2841 regia
969 2747 1105 2822 callidis
1126 2768 1196 2819 non
1214 2748 1447 2822 circumventa
1463 2752 1617 2826 consiliis

204 2871 234 2942 si
250 2893 315 2944 vos
331 2870 452 2944 deceat
466 2883 501 2945 et
519 2873 620 2945 vobis
636 2873 802 2968 expediat
826 2871 993 2944 sororium
1020 2879 1053 2942 et
1082 2871 1219 2942 fratrem
1236 2879 1297 2943 ant
1321 2874 1440 2944 saltem
1466 2875 1617 2946 amicum

205 3017 267 3068 sen
286 3005 457 3090 postremo
477 3018 684 3091 quemquam
708 3003 904 3091 regemunt
929 2993 1117 3090 principem
1141 2993 1198 3064 cui
1222 3015 1294 3066 non
1317 2993 1514 3069 indixeritis
1538 3019 1616 3093 pre·

205 3118 304 3210 linm,
324 3119 414 3190 sicut
435 3128 487 3191 est
500 3121 597 3213 regni
616 3121 703 3212 juris
727 3129 761 3192 et
784 3120 909 3210 moris,
934 3117 1082 3212 pecume
1107 3125 1221 3189 vestre
1245 3117 1380 3190 viribus
1405 3119 1615 3214 impugnari.

206 3246 249 3317 Et
263 3245 349 3340 quid
373 3247 477 3320 relert
496 3269 582 3319 auro
603 3259 637 3320 et
652 3255 792 3340 argento
811 3248 867 3318 vel
897 3245 1000 3317 armis
1028 3265 1090 3337 per
1115 3265 1179 3315 vos
1201 3243 1258 3315 vel
1281 3244 1492 3338 patientibus
1517 3247 1618 3318 vobis

206 3369 314 3443 hostis
344 3373 452 3443 nostri
481 3368 632 3466 presidia
663 3369 883 3441 muniantur?
905 3367 1085 3440 Prosertim
1115 3389 1196 3438 cum
1222 3365 1267 3436 ab
1297 3377 1442 3461 experto
1469 3369 1619 3440 sciamus

207 3493 304 3588 qnod
338 3494 477 3586 majoris
500 3493 622 3566 auxilii
653 3515 796 3565 manum
824 3500 941 3564 contra
969 3513 1032 3563 nos
1060 3511 1150 3584 pape
1178 3489 1353 3583 porrigere
1377 3513 1448 3562 non
1474 3492 1619 3585 possetis

208 3638 314 3710 quam
332 3617 362 3689 si
379 3615 424 3689 de
443 3638 550 3710 regno
565 3625 682 3690 vestro
704 3615 905 3711 permittatis
919 3613 1102 3709 pecuniam
1120 3612 1318 3702 ministrari,
1337 3612 1382 3685 de
1397 3635 1468 3707 qua
1481 3615 1620 3688 Medio-

210 3737 411 3811 lunensibus
432 3749 467 3812 st
493 3739 570 3812 aliis
600 3739 833 3835 proditoribus
861 3737 985 3810 nostris
1007 3733 1247 3829 stipendiarios
1271 3733 1395 3807 milites
1421 3736 1616 3830 pollicetur,

209 3882 271 3956 per
286 3883 392 3954 quam
410 3861 555 3935 devotos
575 3871 610 3934 et
628 3861 747 3934 fideles
770 3871 904 3934 nostros
927 3881 949 3932 a
972 3857 1136 3931 fidelitate
1158 3865 1274 3928 nostra
1295 3856 1462 3931 seducere
1484 3860 1616 3953 nititur,

209 3983 368 4078 adeoque
383 3984 480 4079 qnod
497 3985 692 4079 aliquorum
716 3983 883 4057 debilium
899 3983 1004 4057 fidem
1025 3983 1062 4054 in
1081 3981 1276 4054 evidentem
1299 3980 1475 4054 infamiam
1499 3993 1534 4088 et
1550 4006 1620 4058 non

208 4107 326 4180 minus
343 4109 378 4179 in
394 4118 599 4204 perpetuum
613 4129 733 4181 eorum
749 4108 914 4196 exitium,
933 4115 986 4179 est
1001 4107 1105 4198 hujus
1121 4105 1221 4200 pretii
1236 4105 1422 4178 venalitate
1435 4116 1617 4180 mercatus.

208 4229 273 4303 Pro
294 4231 379 4319 Deo,
399 4230 502 4303 frater
516 4230 711 4322 carissime,
730 4251 801 4303 non
826 4231 974 4325 primum
991 4227 1084 4301 istud
1111 4251 1131 4300 a
1158 4227 1258 4300 vobis
1274 4228 1413 4322 incipiat
1428 4230 1484 4302 vel
1504 4239 1622 4302 contra
1736 4320 1741 4330 1

210 4373 275 4426 nos
297 4353 417 4426 saltem
443 4353 539 4448 quod
556 4335 665 4448 'gratis
680 4374 781 4448 reges
804 4377 825 4426 a
847 4353 987 4448 regibus
1010 4352 1273 4446 impugnentur,
1297 4373 1362 4424 nec
1384 4353 1434 4424 sic
1451 4354 1618 4427 cervicem

211 4476 341 4570 regiam
358 4478 492 4572 papalis
511 4477 655 4550 dominii
668 4479 794 4571 Jugum
807 4485 939 4572 premat
952 4485 992 4548 ut
1006 4476 1043 4546 in
1057 4475 1223 4547 offensam
1238 4475 1429 4570 evangelici
1449 4475 1621 4569 dogmatis

212 4611 247 4672 et
262 4609 406 4690 nature,
425 4602 643 4695 proximum,
665 4601 835 4674 sororium
851 4609 886 4674 et
901 4600 1071 4690 amicum,
1097 4599 1168 4672 imo
1185 4599 1342 4690 tratrem,
1362 4621 1426 4671 vos
1440 4599 1476 4671 in
1487 4609 1618 4674 tantum

212 4722 358 4798 delectet
380 4723 575 4814 offendere,
599 4725 751 4798 maxime
777 4746 856 4796 cum
882 4723 918 4795 in
944 4722 1082 4796 instanti
1105 4721 1244 4814 negotio
1270 4741 1339 4794 non
1369 4722 1481 4816 magis
1505 4733 1620 4797 nostra

291 4845 330 4908 V.
1422 4853 1461 4906 69
