4224 5898
494 569 556 632 282
994 571 1207 634 rutossutct
1233 572 1405 634 SECUNDl
1714 573 1794 652 [bau.
1813 573 1898 636 1239.

494 703 674 798 utriusque
687 703 793 798 partis
807 703 1004 776 instantiam
1015 727 1156 800 presens
1168 705 1418 804 scriptumtieri
1430 714 1465 784 et
1477 705 1590 800 sigillo
1606 714 1722 780 nostm
1732 707 1900 800 iussimus

494 847 710 900 communiri.

540 949 651 1044 liujus
668 957 782 1022 autem
797 950 848 1021 rei
861 957 965 1022 testes
976 959 1056 1022 sunt
1071 950 1312 1024 :Eberhardus
1327 950 1603 1046 archiepiscopus
1619 951 1894 1047 Salzbnrgensis‚

492 1071 685 1167 liudigerus
715 1072 900 1169 episcopus
930 1073 1159 1167 Pataviensis,
1186 1074 1248 1147 Ch.
1277 1075 1386 1148 abbas
1416 1073 1461 1148 de
1484 1075 1692 1168 tegernsee,
1719 1077 1900 1150 Heinricus

490 1196 663 1291 Aquensis
672 1198 878 1292 prepositus,
893 1196 1115 1272 Eberhardus
1128 1197 1280 1271 decanus
1289 1197 1527 1292 ennagonus,
1542 1198 1767 1272 bleinbmdus
1784 1221 1899 1274 comes

491 1321 641 1412 Goricie,
656 1320 774 1415 Egeno
791 1343 904 1394 comes
930 1319 976 1394 de
997 1322 1108 1395 Prano
1125 1319 1293 1419 (Planci),
1316 1320 1514 1394 llawardus
1528 1321 1642 1414 judex
1662 1321 1896 1414 Brixinensis,

491 1444 653 1518 Uscalcus
675 1443 720 1517 de
737 1444 878 1535 Dewin,
896 1445 1029 1517 Ulrieus
1046 1443 1091 1517 de
1104 1442 1335 1536 Risenberch,
1352 1443 1535 1516 Heinricus
1556 1441 1601 1516 de
1617 1444 1748 1536 Luenz,
1765 1443 1900 1518 Utricus

490 1567 536 1641 de
550 1569 711 1656 Bonane,
725 1567 950 1662 Engelmarus
966 1569 1109 1654 Terent,
1130 1577 1164 1640 et
1183 1567 1242 1640 alii
1257 1567 1492 1662 quamplures.

539 1695 665 1764 Datum
688 1691 821 1780 Padus,
843 1713 934 1763 anno
956 1689 1128 1762 dominice
1156 1689 1398 1762 incarnationis
1423 1689 1606 1762 millesimo
1625 1690 1689 1762 CC.
1712 1691 1809 1762 XXX
1836 1713 1900 1764 oc-

492 1827 592 1910 tavo,
607 1836 725 1888 mense
739 1815 883 1905 martio,
898 1814 960 1886 Xll
978 1811 1178 1888 indictione.

708 2107 1146 2122 ...-.----·.-.-—---...-.-..-.-
1155 2108 1161 2116 .
1168 2107 1255 2116 -.......
1263 2106 1679 2116 ..mm—*-

317 2384 434 2484 Imp,
544 2365 771 2474 Fridericus,
792 2369 1051 2452 Romanorum
1079 2368 1300 2478 imperator,
1320 2367 1577 2452 cardinalibus
1602 2367 1790 2452 Ecclesiae
1814 2370 1898 2453 llo-

491 2524 628 2582 manae
657 2499 787 2582 scribit
818 2511 861 2583 ut
889 2502 1114 2583 sententiam
1143 2527 1261 2610 quam
1288 2502 1328 2582 in
1362 2526 1403 2582 se
1430 2527 1604 2583 summus
1631 2501 1801 2610 pontifex
1829 2502 1898 2582 in-

487 2629 590 2738 juste
616 2631 784 2740 prolerre
813 2633 996 2742 intendit,
1029 2659 1268 2742 compescere
1296 2641 1522 2742 procurent,
1551 2633 1646 2716 dum
1672 2634 1753 2744 ipse
1779 2659 1900 2743 papae

491 2761 671 2871 injurias,
696 2764 728 2844 si
755 2764 795 2846 in
821 2776 1000 2875 concepta
1026 2766 1232 2875 pertinacia
1257 2765 1480 2874 perstiterit,
1500 2765 1650 2875 injuriis
1676 2767 1899 2876 propulsare

492 2894 530 2976 in
549 2893 743 3003 proposito
765 2895 916 2980 habeat.

572 3123 668 3202 (Edit.
684 3139 733 3200 ap.
753 3124 855 3184 Maur.
879 3126 1000 3198 Paris„
1014 3125 1125 3187 Hister.
1138 3125 1209 3206 maj.
1229 3123 1352 3207 duplam
1369 3126 1408 3186 ad
1422 3142 1493 3186 ann.
1512 3133 1605 3200 tras,
1624 3143 1655 3204 p.
1678 3134 1746 3186 tta.
1763 3157 1802 3170 -
1816 3125 1897 3186 Pctr.

610 3229 645 3290 dc
664 3229 730 3292 Via.
746 3231 842 3310 epist,
858 3230 910 3293 lib.
927 3231 957 3304 1,
972 3248 1038 3309 cap.
1054 3232 1108 3293 Vl.
1120 3263 1161 3277 -
1177 3229 1245 3292 Alb.
1261 3229 1396 3294 sudam.
1413 3227 1545 3292 Glaucia.
1563 3231 1603 3291 ad
1622 3247 1693 3291 ann.
1711 3239 1800 3293 12³9.
1817 3233 1901 3292 Nunc

609 3337 677 3397 coll.
692 3353 761 3398 cnm
776 3337 925 3398 codicibus
936 3337 1076 3400 Biblioth.
1091 3337 1189 3400 Cesar.
1205 3337 1313 3416 Parta,
1327 3339 1399 3398 etin
1410 3339 1513 3415 primis
1525 3351 1594 3398 cum
1609 3337 1708 3398 codtoa
1729 3333 1900 3414 cessandi

609 3439 956 3523 commentar.)

538 3641 751 3731 ermaricus,
765 3639 828 3714 Dei
847 3641 957 3736 gratia
973 3642 1203 3714 Romanorum
1221 3641 1408 3737 imperator
1420 3661 1557 3736 semper
1572 3651 1755 3736 augustus,
1775 3641 1899 3714 Hieru-

490 3766 596 3840 salem
612 3776 647 3840 et
661 3767 776 3840 Sicilia
792 3787 873 3856 rex,
890 3765 1063 3841 universis
1079 3776 1295 3839 sacrosancte
1307 3767 1459 3838 Romane
1476 3765 1628 3838 Ecclesia
1642 3763 1897 3852 cardinalibus,

491 3889 625 3962 dilectis
652 3890 771 3962 amicis
804 3889 897 3980 suis,
924 3891 1069 3964 salutem
1098 3898 1133 3960 et
1161 3890 1294 3964 sineere
1321 3889 1512 3963 dilectionis
1538 3889 1711 3961 affectum.
1742 3887 1828 3959 Cam
1855 3888 1900 3960 sit

490 4011 643 4084 Christus
658 4022 761 4107 caput
785 4012 954 4104 Ecclesia,
975 4023 1010 4086 et
1025 4013 1062 4084 in
1080 4013 1170 4085 Petri
1192 4013 1364 4087 vocabulo
1382 4035 1480 4085 suam
1499 4011 1697 4086 fundaverit
1713 4011 1899 4084 Ecclesiam

490 4157 594 4230 supra
608 4147 755 4230 petram,
770 4156 833 4208 vos
848 4135 1090 4230 Apostolorum
1105 4137 1224 4208 statuit
1242 4157 1459 4208 successores
1481 4147 1520 4207 ut
1538 4137 1638 4208 Petro
1657 4155 1720 4230 pro
1736 4135 1901 4206 omnibus

490 4258 721 4352 ministrante,
745 4280 810 4333 vos
830 4259 891 4354 qui
909 4259 992 4332 estis
1015 4259 1224 4332 candelabra
1242 4259 1394 4332 Ecclesia
1422 4281 1527 4354 supra
1554 4269 1722 4346 montem,
1748 4279 1817 4329 non
1832 4257 1899 4330 sub

490 4381 606 4455 modio
626 4383 822 4473 constituti,
845 4404 964 4456 revera
986 4381 1149 4454 omnibus
1168 4382 1230 4476 qni
1249 4391 1331 4454 sunt
1351 4382 1388 4454 in
1412 4381 1519 4455 domo
1543 4382 1678 4455 Domini
1705 4403 1752 4453 ex
1775 4381 1899 4452 ellectu

489 4505 656 4580 bonorum
683 4527 828 4602 operum
856 4507 1015 4598 luceatis,
1043 4527 1108 4578 nec
1130 4527 1151 4578 a
1177 4506 1316 4603 publica
1340 4505 1463 4578 mundi
1490 4505 1607 4600 lingua
1631 4515 1666 4578 et
1688 4502 1900 4576 conscientia

490 4630 641 4726 generali
666 4651 733 4704 vos
751 4629 951 4702 subtrahere
972 4627 1173 4722 intendatis3
1199 4627 1344 4703 eumad
1370 4629 1594 4724 singulaque
1616 4626 1796 4725 presidens
1815 4625 1897 4698 Sedi
