4350 5922
512 614 552 674 70
1010 616 1228 682 Fuluiitici
1253 620 1426 683 suetinsi
1738 619 1818 704 [Asu.
1837 621 1927 684 raet.

510 751 648 822 favente
662 747 843 822 clementia
861 749 1097 826 Romanorum
1116 755 1304 852 imperator
1317 777 1454 853 semper
1472 765 1660 848 augustus,
1687 757 1876 830 Jerusalem
1892 769 1928 832 et

511 873 628 946 Sicilie
644 895 720 946 rex.
739 873 930 968 imperialis
948 877 1158 952 excellentia
1176 889 1261 953 tnnc
1274 881 1438 977 precipue
1461 879 1516 952 eni
1539 879 1689 953 nominis
1711 881 1831 953 titulos
1850 904 1925 953 em·

511 998 597 1094 pliet
623 1020 702 1070 cnm
725 1019 890 1092 personas
913 997 1091 1092 religiosas
1117 1013 1151 1074 et
1179 1005 1256 1078 loca
1284 1004 1493 1078 venerabilia
1514 1012 1630 1076 tuetur
1656 1025 1698 1076 ac
1724 1005 1874 1098 protegit
1893 1015 1928 1078 et

507 1121 620 1214 justes
637 1143 754 1194 eornm
774 1123 1006 1196 favorabiliter
1023 1127 1204 1221 petitiones
1226 1129 1389 1203 admittit.
1408 1129 1458 1201 lia
1476 1137 1616 1224 propter
1633 1129 1769 1200 noverit
1789 1151 1928 1224 presens

513 1255 587 1319 etas
602 1255 636 1319 et
649 1248 764 1320 futura
781 1248 962 1342 posteritas
980 1250 1079 1344 quod
1102 1251 1250 1326 dilectus
1270 1252 1381 1326 fidelis
1399 1262 1515 1326 noster
1529 1273 1644 1325 comes
1648 1305 1722 1324 .....
1738 1251 1783 1324 de
1796 1252 1930 1324 Ultimis

513 1380 628 1446 nostre
644 1371 840 1444 celsitudini
857 1375 1065 1470 supplicavit
1081 1385 1120 1447 ut
1137 1375 1315 1471 quoddam
1331 1377 1554 1472 privilegium
1567 1375 1733 1450 Friderici
1746 1376 1805 1448 avi
1821 1377 1928 1448 nostri

514 1493 587 1569 divi
606 1495 715 1567 felicis
728 1495 975 1570 recordationis
993 1499 1132 1592 augusti
1153 1500 1361 1573 monasterio
1375 1499 1420 1573 de
1439 1497 1591 1595 Owe(l)
1608 1500 1795 1573 clementer
1812 1499 1930 1572 indul-

515 1629 589 1692 tum
607 1620 776 1692 innovare
794 1620 959 1708 atomnia
975 1643 1045 1716 qne
1058 1623 1278 1695 continentur
1296 1623 1332 1694 in
1345 1645 1388 1696 eo
1401 1622 1605 1698 confirmare
1626 1623 1672 1696 de
1686 1633 1801 1697 nostra
1820 1624 1929 1718 gratia

515 1742 761 1837 dignaremur3
779 1744 879 1837 cujus
895 1753 993 1818 tenor
1007 1755 1060 1818 est
1076 1747 1268 1840 peremnia
1285 1747 1363 1820 talis
1382 1774 1391 1818 ε

565 1869 603 1941 ln
619 1868 757 1941 nomine
770 1879 888 1940 sancte
901 1879 936 1940 et
953 1867 1136 1942 individue
1152 1871 1340 1944 Trinitatis.
1361 1871 1554 1945 Friderions
1568 1871 1686 1944 divina
1704 1873 1841 1944 favente
1858 1872 1929 1944 cle·

516 1995 647 2069 mentia
662 1994 892 2066 Romanorum
919 1993 1105 2088 imperator
1122 2007 1305 2088 angustos.
1329 1998 1404 2084 Que
1420 1997 1529 2070 divini
1547 1999 1658 2071 cultus
1682 2007 1717 2070 et
1736 2019 1831 2071 sacre
1850 1997 1930 2070 reli·

518 2121 631 2215 gioms
651 2119 799 2206 intuitu,
826 2119 973 2191 oratoria
996 2120 1177 2214 presertim
1196 2129 1231 2194 et
1251 2123 1326 2195 loca
1350 2121 1579 2194 ecclesiastica
1602 2121 1770 2196 laudabili
1793 2122 1934 2193 luerunt

519 2245 677 2317 inchoate
691 2242 883 2338 principio,
905 2243 1125 2338 imperatorie
1144 2245 1332 2339 majestatis
1355 2247 1474 2319 levore
1496 2246 1618 2318 merito
1635 2242 1793 2338 juvanda
1813 2245 1933 2320 decer·

520 2377 667 2460 nentur,
691 2374 731 2437 nt
757 2387 837 2440 cum
864 2365 900 2438 in
921 2366 1007 2462 ipsis
1033 2368 1207 2440 orantium
1233 2369 1379 2464 pervigil
1409 2368 1546 2441 devotio
1573 2369 1850 2442 benefactoribus
1872 2369 1934 2442 liei

520 2491 792 2566 misericordiam
824 2491 1006 2585 implorat,
1035 2491 1142 2564 nostri
1175 2513 1318 2586 quoqne
1353 2491 1554 2564 memoriam
1588 2492 1711 2566 ceteris
1743 2491 1935 2588 adjungere

520 2639 590 2691 non
613 2616 759 2688 omittet.
784 2614 890 2707 Cujus
917 2614 966 2686 rei
991 2615 1101 2706 gratia
1124 2615 1439 2689 animadvertentes
1455 2615 1552 2710 quod
1575 2617 1695 2711 previa
1724 2617 1864 2690 cantate
1882 2617 1937 2688 vir

520 2741 647 2816 nobilis
680 2761 796 2812 comes
827 2738 1001 2812 Arnoldns
1030 2739 1076 2812 de
1105 2739 1329 2837 Grisenstepn
1355 2762 1490 2834 suaque
1516 2739 1644 2814 nobilis
1674 2763 1766 2814 uxor
1797 2739 1938 2814 bletbil-

522 2867 577 2941 dis
595 2867 784 2939 claustrum
804 2863 840 2934 in
858 2865 933 2935 loco
956 2863 1016 2956 qni
1039 2862 1167 2936 dicitur
1190 2864 1277 2940 Ovve
1300 2865 1336 2936 in
1358 2865 1488 2939 bonore
1510 2865 1660 2960 gloriose
1682 2865 1745 2938 Dei
1764 2865 1939 2960 genitricis

522 2999 557 3065 et
579 2988 726 3084 virginis
751 2985 858 3060 lilerio
884 2995 918 3060 et
943 2969 1138 3060 sanctorum
1162 2987 1329 3061 lobannis
1353 2989 1504 3086 Baptiste
1527 2999 1563 3064 et
1585 2989 1752 3063 lobannis
1775 2989 1937 3084 Evange-

523 3115 600 3186 liste
629 3119 918 3202 construxerunt,
944 3111 1060 3206 ipsum
1090 3113 1204 3184 locum
1234 3134 1313 3184 oum
1341 3114 1499 3208 personis
1528 3112 1659 3187 ibidem
1685 3115 1757 3186 Deo
1787 3113 1853 3185 sub
1880 3133 1941 3184 re-

524 3241 607 3334 gula
632 3237 742 3316 sancti
769 3234 954 3328 Augustini
972 3234 1249 3308 deservientibus
1275 3247 1309 3308 et
1332 3237 1463 3332 prediis
1480 3237 1705 3311 attinentibus
1729 3237 1764 3309 in
1787 3244 1940 3310 nostram

523 3364 711 3458 recipimus
743 3359 1008 3456 protectionem
1040 3359 1151 3453 ipsius
1184 3359 1395 3433 fundationis
1420 3370 1547 3434 statum
1581 3360 1774 3434 secundum
1808 3359 1942 3432 lunda-

527 3497 639 3578 tornm
666 3485 891 3558 intentionem
921 3481 1180 3574 confirmantes,
1206 3483 1371 3557 videlicet
1394 3493 1434 3558 ut
1465 3485 1540 3580 ipsa
1566 3485 1711 3560 ecclesia
1738 3483 1775 3556 in
1805 3485 1941 3581 episco-

526 3739 647 3810 iratres
677 3746 791 3806 tamen
815 3733 958 3805 liberam
988 3753 1124 3827 semper
1158 3731 1307 3805 babeant
1337 3733 1532 3806 facultatem
1564 3733 1778 3829 prepositum
1813 3754 1943 3805 secun-

523 3859 612 3934 dum
626 3860 757 3932 sancita
771 3879 942 3931 canonum
958 3877 1065 3951 quem
1082 3855 1249 3950 elegerint
1264 3855 1483 3948 assumendi;
1504 3855 1626 3952 predia
1646 3865 1762 3930 entem
1780 3877 1850 3952 que
1863 3855 1944 3931 iun·

524 3982 666 4057 datores
691 3983 771 4056 loco
795 3982 1015 4054 contulerunt
1041 3980 1113 4052 suis
1138 3979 1305 4054 duximus
1329 3979 1509 4056 vocubulis
1532 3979 1761 4077 exprimenda
1788 4006 1797 4051 ε
1828 3979 1943 4074 ipsum

527 4105 688 4204 predium
705 4107 794 4180 Owe
812 4125 916 4199 super
932 4101 1028 4199 quod
1043 4103 1238 4177 continetur
1257 4104 1403 4178 ecelesia
1419 4105 1559 4196 Grieze,
1581 4105 1732 4196 Russan‚
1748 4101 1943 4197 Campsinei

525 4231 564 4302 in
580 4239 697 4303 monte
713 4229 829 4301 Sancti
843 4229 951 4318 Petri,
975 4228 1114 4325 illapso,
1130 4229 1304 4322 Loubers‚
1327 4229 1509 4322 Grnmme,
1525 4227 1744 4322 lieveninge‚
1759 4224 1942 4300 dimidiam

525 4363 659 4450 partem
685 4355 722 4424 in
741 4352 897 4425 attinenti
914 4353 1030 4448 sylva,
1054 4351 1216 4447 predium
1239 4351 1276 4423 in
1298 4353 1450 4426 Maltben
1469 4362 1504 4427 et
1525 4351 1643 4427 omnia
1667 4373 1737 4448 que
1759 4348 1883 4424 babuit
1906 4348 1942 4420 in

517 4478 691 4575 parocbia
708 4477 825 4550 Sancti
839 4475 976 4550 Genesii
992 4484 1192 4572 preterque
1209 4476 1338 4552 tradita
1356 4489 1437 4550 sunt
1454 4477 1599 4551 ecclesie
1619 4474 1838 4564 Tridentine,
1863 4493 1942 4568 pre-

530 4645 622 4656 -ιιι-ι
628 4645 1200 4655 ...ω-ωη--ι---κι-...ιι-η--ι--κ--ι--ηι-
1398 4647 1501 4656 ..ι-ιι...
1507 4637 1931 4655 anu-..mmm

561 4751 597 4826 (t)
615 4751 721 4810 Scilicet
734 4751 765 4810 de
779 4752 832 4823 Au,
845 4751 979 4824 posterius
990 4747 1022 4809 de
1036 4747 1116 4807 θήσω
1128 4755 1263 4809 vocaturn.
