4278 5920
230 633 325 692 lunrcu
345 625 405 713 lu]
673 627 869 690 HISTORIA
895 627 1188 688 ulruouuulcu.
1595 625 1635 688 99

229 788 366 862 presens
388 763 552 858 seriptum
579 763 792 835 intuentibus
816 764 960 856 gratiam
987 763 1022 835 in
1045 761 1195 859 presenti
1218 771 1253 836 et
1275 761 1419 855 gloriam
1442 761 1478 831 in
1505 762 1633 835 futuro.

229 889 312 962 Cum
329 889 441 982 ligura
454 889 558 980 hujus
573 888 695 961 mnudi
709 909 755 960 ex
768 889 822 961 sui
835 889 1062 962 mutabilitate
1078 889 1265 962 vanitatem
1285 885 1478 984 pretendat.
1504 941 1513 959 .
1544 941 1552 960 .
1585 941 1593 957 .
1625 939 1634 958 .

231 1013 372 1108 expedit
397 1014 454 1108 pie
481 1035 522 1086 ac
547 1009 693 1085 fideliter
716 1023 812 1103 gesta
837 1013 964 1108 scripto
992 1011 1226 1085 commendari
1230 1065 1400 1083 .....
1427 1011 1477 1084 Ea
1499 1020 1639 1106 propter

231 1147 348 1210 notum
364 1158 441 1210 esse
454 1136 616 1209 volumus
627 1145 696 1209 mm
710 1137 928 1232 presentibus
938 1159 1043 1232 quam
1057 1135 1182 1208 futuris
1197 1133 1291 1230 quod
1306 1157 1385 1207 cum
1401 1155 1515 1207 comcs
1531 1135 1639 1206 'leke-

230 1261 469 1355 neburgensis,
487 1259 663 1355 Quodam
680 1260 870 1335 advocatus
888 1261 1031 1334 ecclesie
1048 1269 1175 1351 nostre,
1197 1269 1265 1331 tam
1280 1259 1463 1332 enormiter
1481 1259 1517 1330 in
1532 1261 1641 1330 eccle·
1672 1273 1681 1296 ¹

231 1385 316 1458 siam
329 1395 364 1457 et
381 1385 537 1457 homiues
554 1385 699 1458 ecclesie
711 1395 826 1458 nostre
841 1383 1014 1458 deseviret
1029 1395 1068 1456 ut
1086 1393 1156 1455 lam
1175 1383 1412 1456 ministeriales
1431 1405 1535 1477 qnam
1553 1383 1640 1454 civi·

232 1510 308 1581 tatis
322 1518 437 1582 nostre
448 1509 638 1602 burgenses
654 1517 792 1604 propter
809 1531 990 1604 corporum
1003 1518 1037 1580 et
1050 1531 1164 1580 rerum
1181 1507 1334 1602 pericula
1346 1507 1391 1578 ad
1408 1506 1642 1580 defensionem

229 1633 357 1726 justam
380 1633 682 1726 compellerentur,
710 1641 805 1705 tanto
825 1642 976 1728 tempore
1001 1642 1164 1726 mutaque
1190 1631 1416 1704 devocatione
1437 1631 1508 1728 (sir)
1533 1631 1582 1727 (a)
1607 1633 1642 1704 in

232 1756 413 1850 sanguinis
430 1755 598 1828 effusione
615 1765 649 1828 et
674 1757 750 1827 aliis
772 1778 887 1829 rerum
908 1756 1052 1847 jacturis
1071 1755 1302 1850 perdurarunt
1326 1765 1364 1826 ut
1388 1757 1508 1826 merito
1523 1757 1643 1828 merila

232 1879 385 1975 ipserum
399 1879 499 1951 uubis
520 1887 635 1952 essent
650 1879 865 1976 respicienda
881 1879 910 1952 si
923 1901 960 1951 se
974 1881 1069 1952 locus
1087 1879 1278 1951 obtulisset.
1292 1879 1549 1973 Subsequenter
1562 1901 1645 1952 vero

234 2021 313 2072 cnm
329 2001 468 2074 nomine
486 2001 630 2076 ecclesie
647 2011 761 2074 nostre
775 2001 975 2074 advocatias
993 2001 1211 2096 episcopatus
1226 2001 1332 2074 nostri
1349 2022 1369 2073 a
1386 2001 1512 2074 comite
1529 2004 1646 2074 Teck-

234 2125 444 2218 ueburgensi
470 2126 613 2221 suisque
631 2125 819 2198 heredibus
841 2149 903 2220 pro
918 2126 1124 2220 octingentis
1142 2125 1265 2198 marcis
1291 2148 1311 2197 a
1337 2125 1452 2212 nobis,
1475 2127 1642 2222 capitulo,

235 2249 533 2342 ministerialibus,
551 2249 784 2344 burgensibus
800 2249 890 2321 datis
910 2249 1008 2320 titulo
1029 2249 1212 2346 emptionis
1232 2249 1527 2345 comparavimus,
1551 2251 1646 2322 lavo·

236 2393 307 2444 rem
336 2384 372 2446 et
396 2374 555 2446 meritum
587 2371 820 2468 predictorum
848 2373 1121 2446 ministerialium
1148 2383 1182 2446 et
1211 2373 1437 2466 burgensium
1465 2395 1512 2446 ex
1536 2375 1649 2448 causis

237 2495 446 2592 supradictis
476 2497 716 2584 advertentes,
744 2497 837 2593 ipsas
862 2497 1037 2570 communi
1065 2519 1235 2571 consensu
1265 2497 1411 2572 ecclesie
1440 2510 1555 2572 nostre
1584 2499 1651 2574 hoc

237 2619 389 2694 modoet
405 2621 528 2695 ordine
545 2631 615 2694 um
633 2643 655 2694 a
673 2619 774 2694 uobis
787 2643 929 2716 quamn
949 2621 1207 2694 successoribus
1229 2621 1356 2692 nostris
1371 2623 1570 2694 censuimus
1588 2623 1650 2694 ob·

237 2745 448 2819 servandas:
465 2743 641 2842 (Sequitur
654 2747 763 2819 forma
780 2755 815 2818 et
828 2745 1041 2818 conditiones
1056 2745 1303 2818 observationis
1317 2745 1449 2838 hujus).
1470 2744 1554 2818 Acta
1571 2757 1651 2818 sont

237 2870 301 2944 hec
318 2892 412 2943 anno
430 2869 602 2943 dominice
617 2871 861 2943 incarnationis
881 2871 929 2944 lli.
951 2869 1016 2942 CC.
1037 2869 1212 2958 XXXVII,
1234 2891 1353 2942 mense
1368 2871 1519 2964 augusti.
1544 2872 1652 2944 luter-

240 2995 379 3066 inerunt
393 2992 476 3066 huic
489 2995 578 3067 lacto
593 2995 787 3092 prepositus
800 2995 1011 3086 willelmae,
1028 2995 1175 3067 loannes
1188 2993 1359 3085 decanus,
1375 3002 1442 3068 etc.

286 3117 415 3190 Verum
431 3117 514 3212 quia
540 3127 655 3191 nostre
681 3118 877 3191 celsitudini
902 3117 1111 3214 supplicavit
1132 3126 1171 3188 ut
1189 3117 1425 3190 venditionem
1444 3140 1549 3212 quam
1575 3119 1653 3192 lecit

240 3263 355 3315 comen
377 3241 694 3338 Techneburgensis
708 3238 780 3340 [de]
800 3241 992 3315 advocatiis
1014 3241 1233 3337 episcopatus
1258 3241 1314 3312 sui
1335 3251 1442 3314 ratam
1468 3241 1596 3315 babere
1620 3252 1654 3316 et

241 3376 354 3438 nostro
368 3365 573 3440 confirmare
590 3389 733 3440 assensu
757 3365 802 3439 de
819 3376 935 3440 nostra
958 3367 1068 3458 gratia
1089 3366 1330 3456 dignaremur,
1359 3387 1421 3438 nos
1439 3367 1653 3440 attendentes

242 3491 507 3586 supplicationes
524 3491 681 3584 ejusdem
696 3491 863 3589 principis
880 3492 985 3564 nostri
998 3490 1131 3582 justitie
1149 3489 1324 3581 inherere,
1341 3491 1407 3562 sibi
1422 3491 1655 3566 favorabiliter

242 3611 407 3684 duximus
431 3615 674 3706 annuendum,
693 3615 851 3688 eamdem
876 3615 1111 3688 venditionem
1133 3613 1235 3686 sicuti
1247 3616 1341 3707 juste
1361 3616 1450 3688 lacta
1470 3625 1523 3690 est
1545 3627 1655 3692 ratam

242 3735 407 3810 hahentes
427 3747 462 3809 et
478 3746 593 3810 nostro
614 3737 856 3814 confirmantes
879 3761 1035 3812 assensu.
1057 3739 1246 3812 Statuimus
1269 3739 1411 3834 iusuper
1435 3750 1468 3813 et
1487 3743 1656 3837 presentis

244 3861 359 3956 scripti
373 3861 576 3936 auctoritate
590 3861 903 3958 mandamusqaod
921 3865 1039 3937 nullus
1054 3863 1100 3936 sit
1113 3864 1174 3960 qui
1188 3861 1381 3960 predictum
1400 3864 1601 3962 episcopum
1622 3875 1656 3942 et

245 3985 421 4058 ecclesiam
448 4009 547 4058 suam
580 3997 698 4060 contra
722 3989 888 4084 presentis
911 3987 1161 4060 ratihabitionis
1188 3995 1222 4061 st
1245 3985 1513 4062 confirmationis
1541 4001 1656 4064 nostre

112 4099 116 4106 ’
245 4109 407 4200 paginam
427 4119 554 4183 temere
572 4112 751 4185 molestare
768 4122 956 4208 presumat.
972 4111 1075 4198 Quod
1088 4113 1148 4206 qui
1162 4113 1408 4208 presumpserit
1426 4113 1657 4207 indignationi

246 4243 359 4305 nostre
377 4255 416 4306 se
433 4235 566 4308 noverit
579 4236 769 4326 subjacere.
786 4235 842 4308 Ad
853 4237 955 4328 cujus
971 4235 1088 4332 itaque
1104 4237 1304 4310 memoriam
1318 4237 1383 4310 hoc
1400 4235 1565 4332 scriptum
1582 4236 1656 4311 fieri

247 4354 390 4429 lecimus
407 4367 441 4430 et
454 4357 565 4452 sigillo
583 4359 688 4432 nostri
703 4359 861 4433 culminis
879 4361 1044 4432 roborari.
1246 4341 1249 4348 ⁴

295 4479 411 4554 Testes
424 4491 505 4554 sunt
518 4482 555 4553 hi
573 4483 719 4556 Silridus
735 4485 943 4557 venerabilis
957 4485 1230 4580 hloguntinennis
1248 4485 1544 4581 archiepiscopus,
1566 4488 1657 4560 Con-

247 4603 351 4678 radus
371 4605 604 4702 burggravius
627 4607 673 4682 de
692 4609 911 4702 Nurenherg,
941 4630 1057 4682 comes
1078 4607 1240 4682 Alberlus
1262 4617 1297 4682 et
1319 4631 1434 4684 comes
1453 4609 1659 4708 liudolphus

289 4745 328 4828 (a)
349 4748 485 4811 Forsitan
499 4745 692 4813 meunt
707 4753 770 4813 slve
783 4747 965 4813 dautem.
