4228 5892
527 583 590 645 416
1030 587 1243 650 intuente!
1267 588 1443 651 secubet
1754 593 1835 672 [du
1854 595 1939 660 1239.

526 721 638 794 tribus
656 718 806 796 divmsis
830 724 1006 814 clavibus,
1027 735 1086 796 tna
1105 735 1141 796 et
1163 723 1316 797 duorum
1338 726 1449 820 ipsius
1470 726 1540 799 loci
1559 725 1710 801 divitum
1729 737 1765 802 et
1787 729 1941 804 fidelium

526 844 657 918 civium
674 847 945 938 communitum,
958 847 1056 944 quod
1070 849 1188 921 nullus
1205 849 1281 921 sine
1293 850 1402 922 altero
1417 848 1561 922 debebit
1576 859 1639 922 aut
1653 851 1779 946 poterit
1794 854 1937 948 aperire.

525 971 567 1042 lit
584 970 695 1044 solnta
719 993 782 1067 per
803 981 839 1046 te
858 973 990 1046 exinde
1006 983 1077 1046 tam
1091 971 1168 1070 (sic)
1186 971 1334 1046 Iohanni
1357 971 1404 1046 de
1418 974 1550 1068 Ravmo
1566 974 1737 1069 provisori
1754 987 1940 1050 castrorum

525 1095 679 1190 ipsamm
690 1097 837 1189 partium
849 1094 895 1170 ad
908 1095 1064 1190 ejusdem
1079 1097 1337 1192 requisitionem
1350 1118 1414 1192 pro
1427 1097 1619 1170 munitione
1630 1099 1784 1193 ipsorum
1794 1103 1940 1194 munia

524 1227 714 1314 oportuna,
741 1217 901 1293 deductis
926 1221 1031 1292 etiam
1055 1221 1220 1316 expensis
1244 1219 1308 1292 tibi
1335 1220 1490 1310 statutis,
1508 1219 1637 1292 scilicet
1660 1243 1724 1316 pru
1752 1231 1806 1313 te,
1831 1223 1941 1297 tribus

525 1341 682 1415 meteriis
697 1351 733 1414 et
746 1353 896 1437 quatuor
912 1343 1032 1438 equis,
1048 1353 1084 1416 et
1100 1342 1176 1415 aliis
1196 1342 1402 1416 officialibus
1419 1342 1545 1414 nostris
1563 1343 1599 1414 in
1612 1342 1765 1416 decretis
1782 1345 1846 1416 tibi
1864 1369 1940 1442 par·

524 1467 618 1538 tibus
640 1467 835 1539 constitutis
849 1467 950 1560 juxta
971 1475 1138 1538 statutum
1155 1466 1251 1538 curie
1271 1475 1407 1556 nostre,
1427 1487 1470 1537 ac
1490 1467 1657 1561 expensis
1678 1467 1755 1540 aliis
1774 1489 1864 1562 quas
1879 1469 1940 1542 tibi

523 1589 716 1686 specialiter
733 1589 1017 1664 mandaverimus
1035 1588 1222 1681 iaciendas,
1238 1599 1348 1662 totum
1364 1588 1544 1662 residuum
1556 1591 1704 1685 singulis
1717 1591 1828 1662 tribus
1843 1615 1939 1666 men·

524 1715 621 1787 sibus
635 1714 787 1810 generali
805 1715 918 1788 erario
936 1713 1032 1810 apud
1048 1714 1259 1786 Salvatorem
1276 1713 1380 1786 llario
1402 1713 1508 1786 iacias
1524 1715 1706 1807 assignari.
1722 1717 1837 1801 Quare
1851 1715 1940 1790 lide-

524 1838 608 1910 litati
632 1847 691 1910 tue
716 1836 869 1910 districte
892 1836 1116 1932 precipiendo
1137 1835 1345 1910 mandamns
1364 1847 1538 1932 qnatenus
1561 1836 1609 1909 ad
1634 1839 1709 1912 loca
1729 1849 1764 1911 te
1786 1841 1940 1913 conte-as

522 1960 721 2056 supradicta
735 1969 770 2032 et
787 1959 833 2074 ad
849 1961 964 2056 ipsum
980 1961 1159 2034 aervirimn
1175 1971 1330 2035 nostrum
1346 1961 1533 2056 accingens
1548 1970 1583 2034 te
1596 1959 1740 2034 lideliter
1761 1973 1797 2034 et
1816 1962 1940 2038 devote

523 2085 574 2158 sic
588 2105 675 2179 pure
696 2085 799 2176 juxta
823 2083 1014 2178 predictam
1036 2085 1180 2158 formam
1197 2095 1232 2158 et
1248 2085 1407 2160 ordinem
1425 2085 1482 2157 his
1502 2084 1565 2157 tibi
1586 2085 1707 2158 litteris
1722 2085 1937 2179 designatum

522 2207 712 2304 procedere
727 2207 870 2280 studeas
887 2209 923 2279 in
942 2207 1085 2298 eodem,
1108 2229 1246 2282 omnem
1260 2209 1444 2304 pecuniam
1466 2207 1569 2280 nobis
1588 2206 1741 2280 debitam
1760 2210 1937 2303 aquibus-

522 2332 607 2404 libet
626 2329 842 2404 debitoribus
862 2351 943 2402 cum
963 2331 1161 2404 festinantia
1178 2341 1214 2404 et
1234 2329 1467 2404 sollicitudine
1483 2330 1699 2424 colligendo,
1716 2341 1756 2404 ut
1774 2333 1810 2404 in
1830 2333 1938 2427 ipsius

523 2455 702 2528 exactione
717 2455 812 2550 apud
822 2464 856 2527 te
868 2455 964 2527 nulla
976 2455 1023 2527 sit
1036 2455 1189 2552 acceptio
1201 2477 1440 2552 personarum,
1453 2453 1517 2527 sed
1531 2455 1665 2528 cunctis
1680 2456 1786 2528 nostri
1799 2479 1937 2530 caumm

522 2579 663 2652 honoris
676 2586 712 2652 et
722 2577 895 2652 commodi
911 2579 1115 2674 preferendo
1127 2589 1161 2653 te
1173 2601 1235 2675 per
1247 2601 1392 2674 operum
1407 2577 1661 2652 exhibitionem
1674 2589 1709 2651 et
1723 2580 1938 2652 servitiorum

523 2723 721 2797 processum
739 2711 856 2775 nostro
873 2711 1054 2797 propterca
1071 2703 1216 2776 culmini
1229 2703 1440 2776 laudabilem
1455 2712 1681 2798 representes.

572 2827 695 2898 Datum
713 2825 749 2897 in
769 2825 890 2898 castris
905 2847 1012 2921 prope
1026 2825 1276 2918 Mediolanum,
1297 2825 1517 2918 Voctobris,
1532 2827 1610 2898 Xlll
1624 2825 1834 2898 indictionis.

573 2951 619 3020 Dc
634 2951 799 3043 superiori
811 2949 967 3021 mudule
982 2952 1113 3044 scripsit
1130 2951 1218 3022 idem
1232 2951 1364 3023 lirtcros
1377 2963 1512 3046 opertos
1531 2953 1568 3022 in
1581 2951 1669 3022 bunc
1684 2950 1843 3022 mum.-

572 3073 779 3165 audoueus,
796 3082 881 3164 ec,
897 3073 1071 3167 magistris
1084 3074 1293 3166 Jusrnarns,
1309 3049 1531 3166 justitiariis,
1541 3073 1713 3167 magistris
1725 3073 1937 3164 amemus,

524 3197 738 3280 camerariis,
762 3195 975 3292 portulanis,
1000 3196 1295 3290 procuratoribus,
1327 3196 1456 3288 bajulis
1482 3205 1517 3269 et
1541 3197 1713 3268 universis
1737 3197 1941 3270 officialibus

523 3341 587 3415 per
604 3329 712 3392 totum
724 3319 985 3413 justitiariatnm
1003 3317 1138 3413 Aprutii
1150 3319 1360 3410 constitutis,
1381 3328 1449 3392 eto.
1470 3317 1557 3390 Cum
1571 3319 1719 3392 velimus
1737 3329 1776 3390 ut
1791 3322 1828 3392 in
1847 3343 1940 3416 qna-

524 3443 606 3516 libet
623 3440 859 3538 consignanda
876 3442 1106 3536 pecuniaque
1120 3451 1190 3516 tam
1215 3463 1261 3514 ex
1274 3443 1426 3515 collectis
1442 3453 1477 3514 et
1495 3441 1712 3514 collectarum
1729 3442 1871 3517 residuo
1882 3453 1940 3518 ant

524 3587 587 3660 pro
610 3567 755 3661 alicujus
776 3587 868 3662 pena
889 3565 1043 3638 criminis
1064 3567 1122 3638 vel
1145 3565 1261 3638 delicti
1287 3567 1363 3640 sive
1389 3567 1434 3640 de
1460 3567 1744 3660 promissionibus
1765 3567 1863 3640 tactis
1884 3569 1938 3640 vel

518 3689 690 3764 'iaciendis
700 3690 914 3786 quibuslibet
926 3699 1083 3762 vestrum
1097 3691 1175 3762 vice
1190 3701 1317 3784 nostra,
1335 3712 1399 3785 pro
1416 3689 1623 3764 diffinitione
1638 3711 1824 3764 cansarum
1836 3713 1939 3786 qnam

523 3833 570 3884 ex
596 3813 807 3907 quibuslibet
828 3811 1020 3886 officiorum
1043 3819 1238 3884 nostrorum
1256 3813 1305 3909 (a)
1325 3814 1552 3908 proventibus
1575 3823 1636 3885 aut
1662 3836 1709 3886 ex
1730 3835 1940 3908 quacunque

524 3957 629 4009 causa
639 3937 734 4010 curie
746 3946 862 4009 nostre
873 3934 1020 4008 debetur
1033 3934 1079 4010 ad
1090 3957 1230 4031 presens
1241 3937 1298 4010 vel
1310 3937 1497 4010 debebitur
1510 3939 1545 4008 in
1558 3938 1940 4028 loturum,continunm

523 4059 678 4132 studium
703 4071 738 4134 et
761 4059 917 4132 studiosa
939 4059 1134 4133 sollicitudo
1158 4059 1285 4134 debeat
1303 4061 1468 4134 continno
1492 4061 1582 4132 sicut
1602 4059 1746 4154 expedit
1765 4061 1938 4153 adhiberi,

524 4184 740 4278 providimus
755 4183 889 4278 aliquos
907 4182 951 4255 dc
973 4183 1098 4255 nostris
1120 4181 1280 4258 fidelibus
1297 4205 1360 4280 per
1382 4185 1566 4258 universas
1583 4183 1681 4278 regni
1701 4185 1810 4257 nostri
1829 4195 1939 4280 partes
2093 4175 2094 4178 Ὺ

523 4315 673 4379 statuere
688 4307 782 4381 viros
801 4305 961 4378 sollicitos
982 4315 1017 4377 et
1030 4303 1170 4396 fideles,
1189 4307 1251 4401 qui
1269 4308 1465 4404 specialiter
1486 4307 1599 4382 eidem
1624 4307 1764 4381 servitio
1783 4308 1894 4382 dediti
1911 4316 1941 4381 et

523 4431 589 4526 ipsi
604 4430 734 4525 jugiter
751 4429 906 4503 vacaturi
924 4429 1123 4522 recolligant
1139 4431 1303 4505 instanter
1318 4431 1436 4505 debita
1453 4430 1653 4526 supradicta
1667 4452 1728 4526 per
1746 4431 1889 4506 eosdem
1908 4441 1939 4505 et

565 4674 609 4758 (a)
629 4677 696 4751 Slc3
710 4679 819 4740 rectius
831 4693 901 4738 vero
913 4683 1084 4740 nationem.
