4246 5906
545 561 607 623 ert
1050 567 1267 634 reluceret
1291 571 1465 632 sltcttdm
1772 573 1852 654 [Ass.
1871 576 1952 638 12:39.

544 698 703 792 plantnri.
723 697 779 772 Ad
796 697 861 772 hec
877 722 958 774 ccee
977 703 1075 798 quod
1092 705 1196 796 juxto
1215 709 1397 781 consilium
1420 717 1518 780 tuum
1534 708 1703 782 mittimus
1723 709 1858 784 lictem
1879 734 1953 784 nos·

545 829 614 894 tres
632 821 798 896 llicoerdo
813 824 1018 920 Filnngerio,
1040 837 1080 900 ut
1095 828 1249 904 inveniat
1264 829 1354 905 duos
1367 832 1524 905 homines
1536 833 1598 927 qni
1615 833 1704 906 bene
1720 835 1833 908 soient
1848 837 1954 912 lucere

543 967 726 1018 zuccarum
743 955 778 1020 et
802 947 881 1020 illos
896 949 1008 1022 mittat
1024 949 1060 1021 in
1079 949 1286 1026 Panormum
1301 975 1364 1049 pro
1377 976 1522 1028 zuccoro
1541 955 1717 1048 tacendo,
1740 965 1778 1030 tu
1795 979 1878 1031 vero
1898 961 1954 1032 lic

542 1079 633 1143 tores
650 1071 743 1166 ipses
762 1071 877 1146 eidem
896 1073 1065 1149 lliccardo
1082 1077 1228 1152 studens
1244 1077 1434 1170 destinare,
1451 1089 1487 1152 ct
1501 1079 1700 1154 hominihus
1713 1081 1798 1177 ipsis
1815 1083 1953 1156 venien·

542 1195 636 1268 tibus
653 1218 712 1270 eos
732 1196 883 1292 recipias
900 1207 935 1272 et
952 1201 1057 1274 iscius
1074 1199 1148 1274 fieri
1171 1223 1374 1294 zuccnrum,
1397 1213 1432 1278 et
1454 1205 1561 1277 lucius
1576 1205 1680 1278 etism
1701 1207 1798 1300 quod
1814 1205 1954 1280 doceant

542 1319 630 1392 ulios
647 1321 777 1413 lacere,
804 1321 900 1416 qnod
925 1345 995 1396 non
1019 1325 1127 1420 possit
1150 1325 1310 1424 deperire
1331 1349 1388 1402 urs
1412 1327 1491 1402 tulis
1512 1329 1549 1400 in
1566 1329 1736 1402 Panormo
1752 1327 1799 1403 de
1813 1331 1894 1404 leri.
1915 1331 1954 1406 Ut

542 1423 658 1518 autem
671 1444 857 1538 judeorum
870 1446 915 1520 de
929 1447 1041 1522 Gerbo
1057 1451 1199 1524 statutio
1211 1452 1372 1526 redditus
1384 1460 1419 1526 et
1431 1461 1657 1546 augmentum
1672 1453 1782 1549 ipsius
1793 1454 1828 1526 in
1844 1465 1953 1528 nostre

541 1569 746 1644 numerand
773 1572 973 1646 memorium
999 1573 1113 1647 valent
1135 1565 1315 1668 custodiri,
1339 1577 1483 1652 modum
1505 1577 1731 1652 ordinationis
1752 1587 1788 1652 et
1812 1579 1954 1673 qualiter

537 1694 656 1788 judeis
674 1695 759 1791 ipsis
773 1697 1009 1770 crescentibus
1026 1709 1270 1794 angmentetur
1284 1701 1381 1775 curie
1396 1709 1512 1776 nostre
1527 1700 1688 1776 distincte
1704 1703 1885 1776 rescribas.

591 1821 716 1894 Datum
733 1821 888 1914 Serrani,
908 1823 969 1896 xv
987 1823 1202 1918 decembris,
1222 1827 1303 1900 x111
1319 1825 1530 1900 indictionis.

778 2095 1723 2112 -ma--n—u—-n-——n--n-n-——u

358 2335 493 2444 affin.
596 2319 818 2402 Mandatum
837 2321 886 2404 ud
901 2317 1151 2430 justitiarium
1179 2318 1329 2402 Siciliae
1353 2329 1392 2404 et
1409 2320 1459 2402 ed
1481 2327 1668 2402 secretum
1686 2317 1885 2430 Panormi,
1909 2349 1954 2406 ne

346 2441 508 2490 recenso
543 2453 679 2536 iratres
700 2453 865 2536 Minores
890 2478 1009 2536 novas
1030 2452 1167 2536 domos
1185 2451 1225 2534 in
1245 2451 1434 2535 Panormo
1456 2451 1655 2536 aedificare
1672 2453 1848 2537 debeant.

624 2657 751 2738 (llcput.
767 2658 870 2736 imper.
890 2653 1006 2718 Frrdrr.
1023 2657 1062 2730 11,
1077 2655 1129 2718 ror.
1147 2665 1185 2718 tt
1199 2672 1300 2732 verso3
1316 2659 1349 2716 ln
1362 2657 1433 2718 sdlt.
1449 2655 1587 2730 eamn.
1601 2673 1632 2736 p.
1649 2656 1734 2736 tel.)

591 2837 638 2906 lle
662 2833 835 2930 imperiali
853 2833 1011 2906 mandute
1031 2835 1164 2928 scripsit
1189 2835 1342 2906 nonore
1364 2833 1525 2929 llcpcrr‘us
1543 2833 1584 2906 do
1601 2835 1738 2908 Snlcrrrc
1754 2837 1953 2932 responsales

542 2960 671 3031 lictores
687 2985 697 3030 .·

589 3083 807 3175 Fredericns,
828 3092 911 3174 etc,
927 3081 1073 3177 liegerio
1084 3079 1130 3154 de
1143 3081 1277 3154 Amicis
1285 3081 1470 3174 justitiario
1483 3091 1518 3154 et
1531 3081 1682 3155 Obberto
1695 3081 1954 3156 Fullemonecho

541 3217 690 3298 neceto,
714 3217 781 3280 etc.
801 3206 1004 3303 Recepimus
1022 3205 1159 3278 lictores
1173 3227 1261 3300 quas
1281 3215 1397 3280 vestro
1421 3205 1522 3279 nobis
1547 3203 1695 3279 fidelitas
1715 3205 1901 3282 destinavit
1923 3221 1955 3280 ct

541 3332 775 3406 intelleximus
796 3329 989 3426 significata
1012 3331 1185 3426 ipsorum
1211 3351 1318 3425 super
1338 3351 1381 3402 eo
1400 3351 1483 3404 vero
1502 3329 1600 3424 qnod
1621 3329 1722 3402 nobis
1739 3329 1955 3424 significastis

541 3479 602 3552 per
618 3479 677 3531 ees
693 3455 789 3551 quod
804 3455 924 3528 iratres
947 3455 1098 3527 Minores
1115 3455 1329 3548 reliquerunt
1348 3453 1529 3527 ecclesium
1552 3453 1668 3526 Suncti
1684 3453 1821 3548 Georgii
1836 3453 1881 3527 de
1894 3455 1956 3527 Pa·

541 3603 663 3654 normo
684 3601 754 3674 que
776 3585 909 3674 spectet
927 3577 974 3650 ed
1001 3578 1218 3650 collationem
1243 3587 1413 3670 nostram,
1439 3577 1553 3672 placet
1578 3577 1679 3650 nobis
1704 3599 1769 3650 nec
1793 3577 1957 3672 expedire

540 3705 694 3778 vidimus
709 3701 806 3799 quod
828 3702 874 3775 ad
897 3723 1039 3798 presens
1055 3699 1178 3774 domos
1194 3701 1330 3796 aliquas
1348 3699 1384 3772 in
1406 3701 1574 3774 Pnnormo
1594 3709 1795 3774 construere
1811 3701 1958 3776 debean

541 3831 596 3904 vel
614 3829 776 3902 edificare
791 3827 836 3900 de
855 3848 961 3900 noro.

588 3957 712 4026 Datum
733 3951 829 4048 opud
843 3955 1048 4044 Sarranum,
1068 3951 1130 4024 XV
1148 3951 1356 4039 decembris,
1373 3951 1451 4022 lllll
1468 3949 1678 4024 indictionis.

793 4253 1214 4264 ‘nn-*nuum
1221 4251 1714 4262 ..ω-...πῇ

354 4524 476 4622 ,2233
593 4510 815 4596 Mandatum
852 4509 901 4594 ad
933 4507 1183 4618 justitiarium
1230 4505 1379 4590 Siciliae
1419 4505 1467 4588 de
1503 4501 1747 4614 inqu'oitione
1785 4499 1955 4584 faciendo

342 4608 505 4678 ¹⁶⁶‘⁰⁸”⁵'²''·
539 4670 654 4754 snper
672 4644 749 4728 vile
765 4653 802 4726 et
820 4639 992 4726 moribus
1011 4639 1205 4725 Thomosii
1223 4637 1414 4722 Ferentini
1432 4635 1524 4720 civis
1538 4633 1733 4743 Panormi,
1753 4633 1820 4743 qui
1838 4631 1955 4716 filium
