4278 5920
210 603 309 662 inntcn
328 595 389 680 tc]
650 589 850 654 HISTORIA
876 587 1177 652 discoriantes.
1572 595 1628 656 103

214 743 365 846 gcth
385 756 464 814 non
486 735 628 838 spectet
649 728 700 810 ad
722 725 946 835 imperium,
971 723 1037 808 scd
1062 722 1143 830 ipse
1162 721 1249 830 jure
1270 723 1521 810 haereditario
1544 728 1630 812 feo-

215 867 350 950 daliter
370 889 457 948 eam
479 860 673 972 possident
693 859 743 942 ab
764 857 924 942 ecclesia
940 855 1185 966 Magantina,
1201 854 1283 964 jam
1305 856 1394 939 inde
1417 884 1440 940 a
1458 869 1630 970 tempore

216 1002 275 1086 avi
292 1009 330 1084 et
346 998 467 1109 patris
486 995 559 1078 sni.

294 1187 387 1268 (Edit.
397 1189 429 1246 in
441 1185 582 1258 iciunis,
594 1179 831 1244 rotomnam.
843 1174 992 1260 Spiritep„
1004 1183 1028 1238 t.
1041 1177 1068 1248 1,
1084 1194 1114 1254 p.
1130 1177 1364 1252 cna-Gnnm,
1381 1177 1451 1240 God.
1461 1177 1627 1260 diplomat,

332 1298 356 1354 t.
372 1293 400 1369 1,
414 1309 445 1368 p.
462 1291 623 1352 stc-Et
635 1307 684 1368 cp.
700 1288 831 1348 Monam.
848 1286 941 1361 Boia,
956 1291 1029 1346 tom.
1049 1283 1146 1358 XXX,
1162 1300 1192 1361 p.
1210 1293 1356 1358 tet-262,
1372 1301 1455 1346 num.
1469 1285 1627 1365 cccclv,

335 1415 373 1460 cx
396 1397 532 1476 originali
549 1399 637 1474 cutus
659 1395 788 1474 dgittnm
801 1409 966 1472 appensum
979 1393 1081 1470 periit,
1095 1390 1315 1452 remanentibus
1328 1397 1444 1452 tantum
1457 1391 1516 1454 cns
1529 1396 1629 1456 sericis

332 1503 404 1565 dari
417 1501 550 1581 colotis.)

259 1655 482 1758 Fr[idericns]
501 1659 564 1734 Dei
586 1657 696 1752 gratia
710 1655 941 1730 Romanorum
959 1655 1142 1750 imperator
1162 1679 1297 1750 semper
1315 1669 1502 1750 augustus,
1526 1663 1629 1733 iern-

213 1785 318 1856 salem
335 1794 369 1856 οι
382 1783 498 1856 Sicilie
514 1803 591 1854 rex.
609 1781 673 1854 Per
686 1802 825 1876 presens
839 1780 1004 1875 scriptum
1016 1789 1136 1852 notum
1150 1780 1295 1854 iacimus
1309 1783 1479 1856 universis
1493 1783 1628 1880 imperii

213 1906 372 1980 fidelibus
390 1916 460 1978 tam
477 1906 696 2002 presentibus
711 1927 814 2000 qnam
832 1903 957 1976 suturis
971 1903 1067 2000 quod
1088 1903 1211 1976 civitas
1225 1905 1429 1998 Setigenstat
1445 1929 1514 1980 non
1532 1931 1628 2003 speo-

212 2041 260 2104 tct
276 2031 322 2104 ad
341 2033 547 2126 imperinm,
566 2031 630 2104 sed
653 2029 800 2104 eandem
818 2029 991 2102 civitatem
1004 2029 1083 2122 jure
1100 2027 1306 2101 hereditario
1324 2029 1503 2104 feodaliter
1517 2037 1626 2128 possi·

213 2153 336 2228 demus
364 2155 409 2226 ab
424 2153 571 2228 ecclesia
595 2154 816 2248 bagaudae,
845 2153 935 2225 sicut
952 2174 1041 2224 avus
1058 2161 1093 2224 et
1115 2161 1212 2246 pater
1236 2161 1368 2238 noster,
1395 2153 1469 2226 divi
1489 2155 1626 2250 angusti

213 2278 395 2352 recolende
414 2279 599 2366 memorie,
620 2300 696 2350 eam
718 2300 778 2372 per
794 2275 942 2349 eandem
956 2275 1135 2348 ecclesiam
1153 2275 1345 2369 possedisse
1361 2288 1563 2350 noscuntur.
1584 2279 1628 2352 Ut

214 2402 317 2494 igitur
339 2425 446 2497 snper
464 2401 530 2475 hoc
548 2402 584 2473 in
608 2411 784 2498 posterum
810 2399 904 2474 nnila
924 2399 1082 2472 dubietas
1106 2399 1257 2488 oriatur,
1276 2401 1445 2494 presentis
1461 2413 1626 2496 protesta-

214 2525 315 2597 tionis
329 2525 493 2620 paginam
511 2524 584 2598 fieri
597 2533 632 2598 et
649 2523 837 2618 majestatis
850 2533 968 2595 nostre
985 2523 1097 2616 sigillo
1109 2523 1276 2615 jussimus
1296 2525 1515 2598 communiri.

259 2647 345 2722 Acta
378 2658 460 2722 sunt
486 2649 551 2722 hec
583 2671 675 2722 anno
708 2647 881 2721 dominice
910 2647 1154 2720 incarnationis
1182 2647 1363 2720 millesimo
1391 2648 1627 2723 ducentesimo

213 2773 385 2846 tricesimo
403 2774 569 2869 septimo,
588 2795 707 2846 mense
724 2771 885 2867 augusti,
905 2770 1041 2850 decime
1056 2771 1266 2844 indictionis.

257 2895 384 2965 Datum
403 2893 439 2964 in
465 2893 585 2965 castris
603 2891 699 2990 apud
722 2889 895 2966 Windabe
910 2889 977 2988 (t),
998 2911 1106 2982 anno,
1126 2909 1245 2962 manse
1267 2899 1302 2961 et
1322 2889 1509 2964 indictione
1529 2913 1628 2988 pres·

444 3179 1250 3191 -u--nt---ss——Q--n———u-n---nu—
1257 3179 1405 3188 unm—.-

264 3393 499 3501 Fridericus,
517 3394 779 3478 Romanorum
798 3393 1018 3504 imperator,
1042 3421 1113 3505 pro
1135 3406 1238 3478 certa
1264 3399 1446 3506 pecuniae
1468 3403 1628 3512 quanti·-
1654 3431 1835 3528 offingpuc

213 3535 288 3610 tate
303 3537 342 3611 et
358 3551 429 3638 pro
446 3527 640 3638 resignato
658 3525 731 3610 sibi
753 3525 930 3610 theloneo
948 3525 989 3610 in
1008 3529 1263 3640 Schardinga,
1285 3533 1517 3644 aliudigero
1535 3539 1625 3646 epi·
1691 3516 1809 3592 ‘mit'

213 3685 324 3770 scopo
354 3659 587 3766 cannensi,
623 3659 787 3742 nimium
821 3659 959 3742 debitis
993 3673 1173 3772 gravato,
1204 3662 1363 3774 ejusque
1393 3668 1551 3754 ecclesia
1584 3673 1624 3754 in

213 3793 352 3904 pignus
374 3793 508 3903 recipit
532 3792 662 3877 omnia
692 3791 823 3898 feoda,
847 3820 947 3903 quae
973 3794 1203 3904 Liupoldus,
1227 3799 1424 3908 quondam
1449 3802 1625 3890 dustriae

214 3935 250 4008 et
266 3925 413 4036 Styriaa
429 3927 524 4034 dux,
545 3924 594 4010 ab
612 3923 769 4008 ecclesia
786 3925 999 4010 Pataviensi
1017 3936 1190 4011 tenuerat
1207 3929 1318 4014 titulo
1336 3930 1488 4016 feodali.

293 4123 391 4207 (Edtt.
419 4141 469 4205 ap.
498 4125 671 4205 Homer,
695 4129 728 4188 in
760 4125 876 4188 Wiener
899 4123 1059 4189 Iabrbitcd.
1085 4125 1138 4189 der
1161 4131 1323 4207 biterctcr,
1353 4143 1446 4210 teat,
1473 4135 1529 4198 XV
1555 4137 1622 4212 bd,

330 4251 362 4312 p.
381 4240 522 4295 tta-tlt.
535 4263 577 4280 -
589 4235 628 4295 iit
644 4250 693 4312 cp.
706 4233 838 4295 Monam.
854 4235 948 4309 coe„
965 4242 1039 4297 tom.
1055 4237 1151 4312 XXX,
1170 4256 1201 4316 p.
1218 4247 1365 4316 asa-²84,
1387 4257 1470 4302 nnm.
1485 4243 1622 4320 DGCLV,

328 4355 366 4400 ox
377 4339 513 4418 ortgtnntt
524 4341 613 4417 colna
628 4341 759 4418 stgtiinm
772 4357 935 4418 appensum
953 4343 1050 4418 periit,
1066 4350 1235 4404 remanente
1247 4353 1329 4422 parte
1345 4351 1494 4426 superiora
1506 4349 1624 4412 fitornm

330 4447 491 4508 annornm
501 4445 573 4508 ssavi
585 4445 715 4525 catoris.)

251 4709 289 4784 (tt
308 4707 456 4782 Wtssdcci,
469 4707 543 4767 locu
554 4709 590 4768 cd
600 4709 731 4768 orientem
741 4711 818 4784 juxta
830 4707 985 4783 iandsbcrg
993 4710 1097 4782 jacens.
