4226 5900
226 581 323 642 Lenior.
342 575 403 660 la]
663 572 860 635 HISTORIA
886 571 1183 638 protestantes.

279 1117 502 1202 Mandatum
536 1115 585 1198 ad
614 1115 817 1198 Henrioum
836 1117 1024 1202 abbatem
1060 1141 1130 1226 pro
1160 1117 1321 1228 pecunie
1352 1118 1400 1202 ad
1432 1116 1637 1201 Henricum
1672 1124 1833 1231 *pam

228 1249 407 1333 Turrinm
425 1261 461 1333 et
480 1247 634 1334 Gallure
649 1273 778 1359 regem
796 1249 1013 1333 deferende.

1673 1233 1696 1273 1·
1703 1232 1838 1276 novembris.

310 1465 435 1546 (deccat.
454 1465 557 1545 imper.
570 1462 687 1526 dieder.
703 1465 744 1544 11,
760 1464 811 1525 tol.
833 1474 869 1526 16
881 1471 979 1542 recto;
990 1469 1020 1526 in
1033 1466 1105 1528 edit.
1121 1467 1258 1544 Curcum,
1272 1481 1300 1542 p.
1317 1465 1403 1546 256.)

276 1652 323 1721 Dc
349 1652 520 1744 imperiali
543 1652 700 1724 mandato
726 1655 815 1743 [octo
840 1675 903 1746 per
927 1652 1121 1746 moqictrcm
1145 1652 1279 1724 Petrum
1307 1652 1347 1724 de
1379 1655 1480 1725 Vicco
1506 1655 1638 1748 scripsit

214 1777 269 1850 .P.
291 1775 332 1845 dc
351 1775 494 1867 Gopco:

276 1897 494 1989 Fredericus,
512 1907 594 1990 eto,
612 1899 757 1972 Henrico
774 1897 917 1986 Abbati,
936 1908 1001 1971 etc.
1025 1898 1195 1971 Fidelitati
1214 1907 1273 1969 tue
1291 1897 1510 1991 precipiendo
1536 1920 1639 1971 man-

229 2021 353 2094 damus
365 2031 536 2116 qnatenus
550 2021 594 2095 de
609 2023 754 2116 pecnnia
770 2023 866 2094 curie
882 2030 997 2094 nostre
1012 2044 1075 2117 per
1091 2031 1124 2094 te
1142 2044 1222 2095 cum
1241 2021 1349 2113 galeis
1363 2022 1489 2094 nostris
1504 2022 1639 2094 noviter

229 2145 274 2217 de
293 2167 400 2240 regno
419 2145 550 2236 delata,
571 2146 726 2240 quinque
750 2146 858 2220 millia
873 2147 1056 2218 unciarum
1074 2145 1149 2216 auri
1172 2144 1314 2240 Symoni
1342 2144 1386 2217 de
1407 2146 1547 2218 Urxone
1570 2147 1639 2217 civi

228 2268 345 2364 Capne
366 2269 464 2342 latori
489 2271 701 2364 presentium
726 2267 821 2341 fideli
847 2279 963 2341 nostro
988 2269 1156 2361 assignari
1181 2289 1342 2362 procures
1369 2278 1403 2340 et
1427 2268 1572 2362 recipias
1594 2269 1639 2340 ab

228 2394 305 2488 ipso
323 2393 454 2466 exinde
472 2393 676 2488 apodixam3
699 2391 888 2488 predictam
906 2402 1020 2465 autem
1047 2392 1231 2486 pecuniam
1248 2391 1295 2463 ad
1322 2393 1482 2485 generale
1503 2391 1639 2486 pondus

227 2515 325 2608 regni
344 2517 410 2588 sibi
433 2517 597 2589 exhibere
618 2515 773 2607 curabis,
794 2517 941 2588 Henrico
962 2513 1087 2587 dilecto
1108 2513 1177 2586 fitio
1194 2523 1308 2587 nostro
1326 2515 1400 2608 regi
1424 2515 1582 2587 Turrium
1605 2525 1639 2588 et

228 2639 365 2713 Gutture
380 2659 443 2732 pro
457 2639 582 2712 nostris
597 2641 744 2739 servitiis
763 2639 1000 2713 deferendam.

276 2764 403 2834 Datum
423 2763 459 2833 in
480 2764 599 2836 castris
615 2762 710 2858 apud
728 2741 871 2858 pontem
888 2761 1078 2852 Placentie,
1099 2759 1211 2854 primo
1234 2759 1450 2853 novembris,
1476 2760 1554 2834 Xlll
1580 2761 1637 2832 in-

228 2886 401 2960 dictionis.

282 3371 503 3454 Mandatum
522 3369 572 3450 ed
598 3368 783 3450 Griscinm
802 3367 1075 3450 Amalfitannm
1095 3367 1143 3449 de
1160 3365 1294 3448 litteris
1312 3392 1381 3474 pro
1402 3369 1529 3454 curiae
1547 3395 1636 3454 ser-
1673 3383 1837 3480 ⁴⁴prme

228 3501 328 3584 vitiis
346 3501 593 3585 incontinenti
610 3500 923 3584 transmittendis.

1675 3491 1698 3531 1·
1706 3467 1838 3536 novenni.

311 3716 437 3797 (nepae.
452 3716 555 3796 imper.
570 3713 689 3776 stada.
703 3715 742 3791 11,
760 3715 812 3778 fol.
831 3725 867 3776 16
881 3721 977 3790 rect03
995 3718 1026 3776 tn
1038 3716 1110 3778 edit.
1127 3716 1264 3794 Curcum,
1276 3735 1303 3795 p.
1322 3716 1405 3796 256.)

277 3905 324 3973 De
340 3903 505 3996 impencti
518 3903 675 3975 mondoto
691 3905 826 3997 scripsit
842 3905 883 3974 P.
904 3904 944 3974 dc
962 3903 1102 3997 Capua:

276 4024 485 4119 Fridericns‚
507 4035 589 4114 eto,
611 4027 738 4100 Criscio
756 4024 979 4117 Amalfitano,
999 4035 1064 4098 etc.
1086 4025 1175 4112 Quia
1193 4026 1367 4099 mictimns
1387 4028 1557 4123 quasdam
1577 4031 1638 4104 lic-

228 4156 318 4220 teras
334 4159 466 4222 nostras
483 4149 531 4246 (o)
553 4149 764 4245 quibusdam
786 4148 947 4222 fidelihus
963 4149 1088 4221 nostris
1107 4149 1143 4220 in
1160 4149 1298 4222 Terram
1318 4151 1461 4225 Laboris
1482 4176 1544 4248 pro
1560 4176 1639 4228 nos·

228 4271 289 4344 tris
311 4273 466 4345 serviciis
490 4273 712 4364 exercendis,
739 4295 827 4368 quas
858 4272 919 4344 tibi
945 4270 1041 4346 dabit
1066 4269 1243 4368 Philippus
1273 4271 1319 4345 de
1346 4275 1501 4350 Zunculo
1528 4277 1639 4351 fidelis

227 4404 355 4484 nostor,
379 4395 534 4469 fidelitati
557 4405 617 4470 tue
639 4397 850 4492 precipimus
876 4403 1047 4491 quatenns
1074 4396 1212 4471 lictores
1236 4397 1329 4492 ipsas
1352 4397 1398 4472 ad
1425 4421 1485 4473 eos
1510 4401 1638 4497 quibus

228 4519 416 4591 mictnntur
431 4519 654 4593 incontinenti
672 4520 898 4594 transmictas.

271 4667 312 4746 (a)
333 4669 416 4744 Quae
429 4669 550 4733 fuerunt
562 4671 599 4733 de
611 4671 813 4750 proctsortbus
826 4677 1003 4747 castrorum,
1020 4678 1054 4734 nt
1066 4677 1168 4734 monet
1178 4673 1349 4754 mnrgtnnlls
1359 4673 1469 4736 codicis
1480 4682 1561 4738 nota

306 4771 347 4836 V.
837 4808 839 4812 ·
1439 4790 1477 4842 co
