4246 5906
578 613 639 678 580
1075 611 1287 672 salcetum
1312 611 1486 674 SECUNDI
1796 607 1877 688 [tu
1898 609 1974 671 1239.

578 745 745 820 ordinatis
767 745 841 816 suis
865 753 899 818 et
919 743 1123 818 officialibus
1142 746 1215 818 suis
1233 746 1441 842 respondere
1462 746 1499 818 iu
1517 744 1649 836 jndicio
1668 745 1926 838 compelluntur,
1944 755 1974 816 et

578 891 682 944 cause
702 869 777 964 ipse
794 867 862 940 tine
878 867 996 941 debito
1008 868 1200 941 secuudum
1211 869 1379 960 justitiam
1395 867 1632 942 terminentur.
1647 868 1816 939 Volumus
1829 875 1975 961 preterca

578 991 673 1086 quod
702 991 794 1064 idem
821 991 1022 1063 ammiratus
1053 991 1196 1064 comites
1229 991 1410 1086 deputatos
1436 999 1472 1063 et
1497 989 1714 1084 deputandos
1738 987 1786 1062 ed
1815 997 1974 1062 ermetem

578 1115 686 1188 nostri
701 1114 809 1186 lelicis
820 1112 953 1203 extolli,
966 1133 1054 1206 quos
1067 1112 1115 1184 nd
1128 1113 1194 1186 hoc
1208 1113 1453 1186 insufficientes
1465 1121 1500 1186 et
1514 1111 1631 1184 miuus
1640 1113 1741 1184 utiles
1753 1111 1827 1184 fore
1839 1111 1971 1200 viderit,

577 1239 622 1310 ob
640 1235 752 1310 officio
768 1235 945 1308 comiteris
958 1235 1067 1328 ipsius
1081 1255 1279 1308 ammovere
1290 1237 1403 1310 valeat
1415 1245 1451 1308 ot
1468 1237 1542 1310 loco
1559 1235 1613 1310 sui
1630 1235 1714 1308 ulios
1730 1236 1766 1308 iu
1782 1244 1855 1308 arte
1870 1235 1975 1327 magis

576 1369 737 1456 expertos
755 1357 897 1430 idoneos
910 1367 945 1430 et
959 1357 1166 1432 sufficientes
1181 1357 1228 1432 od
1242 1359 1307 1432 hoo
1322 1361 1357 1431 iu
1371 1381 1489 1432 eorum
1503 1359 1616 1432 officio
1629 1357 1808 1453 deputare,
1826 1359 1976 1452 exceptis

576 1483 727 1576 antiquis
744 1481 877 1554 oomitis
894 1501 955 1576 per
969 1482 1139 1574 genitores
1155 1491 1289 1556 nostros
1305 1482 1473 1572 feudatis,
1491 1482 1619 1576 quibus
1638 1503 1700 1576 per
1718 1501 1779 1556 oce
1799 1479 1904 1554 leude
1920 1503 1974 1552 co-

576 1606 710 1678 miterie
735 1605 769 1676 iu
799 1613 1002 1699 perpetuom
1029 1615 1110 1676 suut
1137 1625 1309 1676 concessu.
1343 1605 1378 1676 Si
1407 1627 1492 1678 vcro
1516 1606 1664 1698 aliquem
1692 1605 1748 1676 vel
1777 1603 1911 1696 sliquos
1931 1623 1976 1675 ex

577 1727 739 1824 predictis
765 1725 966 1800 feudatariis
992 1728 1078 1799 mori
1105 1727 1327 1822 contingerit,
1353 1727 1539 1800 heredibus
1561 1727 1720 1817 legitimis
1746 1745 1817 1798 non
1838 1725 1973 1809 relictis,

575 1851 736 1924 volumus
748 1849 844 1942 quod
860 1849 952 1950 idem
969 1851 1168 1922 ammiratus
1190 1850 1331 1922 lendum
1347 1859 1383 1922 et
1401 1850 1504 1922 ieudn
1526 1849 1757 1944 predictorum
1777 1849 1975 1920 comitorum

575 1973 814 2046 detunctorum
829 1973 954 2046 debeat
973 1983 1008 2044 et
1029 1973 1136 2066 possit
1159 1973 1247 2044 iulru
1269 1993 1399 2046 aunum
1422 1995 1530 2046 unum
1552 1971 1742 2046 concedere
1761 1971 1977 2046 benemeritis

575 2107 610 2170 et
629 2095 789 2170 fidelibus
807 2095 932 2168 uostris
945 2095 981 2166 in
995 2105 1068 2168 arte
1081 2097 1186 2168 meris
1203 2097 1305 2190 plene
1322 2097 1474 2190 expertis
1490 2105 1524 2168 et
1541 2095 1790 2166 sufficientibus
1800 2093 1848 2166 ‘ud
1863 2093 1975 2198 ipsum

574 2221 725 2294 officium
743 2219 994 2308 exercendum,
1014 2219 1075 2310 qui
1089 2217 1135 2292 de
1151 2219 1306 2313 predicto
1318 2217 1496 2292 comiterie
1510 2218 1642 2308 officio,
1663 2219 1751 2288 sicot
1765 2216 1910 2311 predicti
1927 2215 1973 2313 (o)

574 2343 689 2416 comiti
718 2341 935 2432 tenebantur,
967 2341 1061 2414 curie
1086 2333 1201 2414 nostre
1224 2343 1377 2414 servient
1403 2362 1465 2436 pro
1486 2340 1600 2414 feudis
1621 2340 1796 2436 predictis.
1821 2339 1975 2412 Ceterum

572 2465 655 2560 quic
680 2465 787 2536 multa
811 2475 846 2536 et
874 2465 1013 2538 divorsa
1040 2463 1152 2538 officia
1184 2464 1473 2538 incumbentium
1495 2473 1610 2536 nostre
1635 2463 1728 2534 curie
1751 2463 1802 2534 sic
1826 2471 1975 2536 mentem

573 2597 723 2662 nostrum
742 2587 898 2682 undique
914 2597 1084 2682 occupant
1101 2585 1196 2681 quod
1211 2587 1258 2659 ed
1272 2587 1518 2682 exequendum
1534 2595 1569 2660 et
1588 2585 1845 2681 expediendum
1861 2587 1976 2658 omnia

572 2711 776 2810 pertinentia
800 2711 998 2784 exaltationi
1023 2711 1130 2784 nostri
1155 2711 1305 2784 nominis
1329 2719 1364 2782 et
1387 2710 1529 2784 honoris
1556 2731 1681 2784 vacere
1707 2708 1886 2784 commode
1907 2729 1975 2782 nou

571 2835 742 2926 velemus,
760 2841 800 2906 ut
814 2853 877 2928 per
903 2833 1040 2906 illorum
1063 2831 1267 2906 industrium
1289 2833 1485 2928 dequibus
1505 2831 1711 2906 confidimus
1733 2831 1888 2904 delectus
1910 2831 1975 2902 hu·

568 2955 721 3052 jusmodi
750 2955 967 3050 supplentur,
994 2955 1211 3050 providimus
1235 2965 1270 3030 et
1297 2957 1507 3052 precipimus
1533 2954 1629 3050 qood
1657 2953 1751 3028 idem
1778 2955 1975 3026 ummirutus

572 3089 725 3174 tempore
759 3087 828 3150 mm
855 3097 979 3173 guerre
1010 3097 1116 3170 quom
1143 3077 1240 3173 pacis
1270 3099 1332 3174 per
1360 3087 1470 3151 totum
1497 3099 1645 3171 regnum
1677 3085 1831 3150 nostrum
1862 3076 1976 3148 Sicilie

572 3201 706 3294 absque
723 3199 885 3272 meuduto
901 3209 1016 3272 nostre
1031 3199 1244 3274 celsitudinis
1260 3209 1296 3272 et
1315 3221 1614 3294 quorumcumque
1631 3209 1824 3272 uostmrum
1841 3197 1976 3271 officin-

571 3319 675 3410 lium,
700 3317 746 3392 de
764 3319 909 3413 munic
924 3327 1042 3391 nostre
1059 3319 1155 3392 curie
1179 3327 1263 3392 tuuc
1280 3319 1490 3412 essigonnde
1503 3319 1571 3392 sibi
1588 3328 1781 3413 pernosci
1799 3317 1885 3388 ulios
1899 3316 1974 3388 offi-

572 3441 677 3514 ciales
692 3449 775 3512 tnnc
792 3447 907 3514 nostre
924 3441 1020 3514 curie
1039 3427 1253 3535 supradicte,
1282 3443 1483 3516 auctoritato
1505 3441 1715 3537 presentium
1733 3441 1770 3512 iu
1787 3440 1976 3534 quantitate

571 3585 676 3658 quem
698 3572 876 3660 propterea
898 3562 1095 3656 requisierit
1114 3565 1221 3658 possit
1246 3585 1359 3658 usque
1384 3564 1432 3638 ed
1453 3565 1567 3658 gulone
1588 3572 1737 3658 quotuor
1760 3561 1977 3657 deputandas

571 3707 706 3760 nrmuro
729 3687 774 3760 ed
792 3697 906 3760 nostro
923 3687 1064 3760 servitiu
1079 3697 1114 3762 et
1133 3687 1201 3762 eliu
1219 3689 1425 3788 requirentis
1440 3689 1581 3782 negotis
1596 3707 1666 3782 qne
1686 3707 1749 3782 pro
1770 3685 1977 3758 cxdtstioue

571 3809 755 3883 ethonore
779 3819 895 3882 nostro
917 3821 1001 3884 tuuc
1024 3811 1185 3906 temporis
1206 3811 1450 3895 imminebunt;
1474 3809 1676 3883 mandentes
1694 3817 1811 3880 tenore
1829 3827 1977 3902 prusen-

570 3933 657 4004 tium
675 3931 775 4004 vobis
788 3941 823 4004 et
843 3933 988 4026 singulis
1010 3945 1162 4006 vestrum
1180 3933 1276 4028 quod
1289 3933 1334 4006 od
1351 3933 1607 4028 requisitionem
1624 3930 1769 4026 predicti
1784 3929 1973 4018 ammirati,

570 4055 688 4128 sibiet
709 4056 875 4128 ordinetis
898 4059 971 4128 suis
989 4056 1170 4150 pecuniam
1196 4077 1302 4150 quum
1323 4065 1504 4152 propterea
1525 4055 1719 4149 requisierit
1739 4053 1784 4126 de
1805 4073 1974 4146 quecum-

466 4255 469 4260 ,
570 4199 639 4274 que
657 4179 802 4274 pecunia
817 4189 933 4252 nosue
945 4181 1041 4252 curio
1062 4180 1253 4254 officiorum
1266 4189 1475 4271 uestrorum,
1493 4179 1640 4274 pecunie
1653 4177 1755 4250 ειίεω
1769 4175 1977 4271 provisionis

569 4311 701 4376 armate
722 4303 831 4374 nostri
856 4303 965 4374 felicis
985 4302 1105 4374 extolli
1131 4312 1166 4376 ct
1191 4303 1260 4376 clio
1289 4323 1509 4398 quecumque
1532 4301 1679 4398 pecunie
1703 4300 1799 4372 curie
1824 4319 1896 4392 quc
1923 4306 1975 4369 ost

568 4428 624 4500 vel
645 4425 710 4502 erit
732 4446 794 4520 per
813 4445 938 4500 munus
959 4433 1091 4498 vestros
1112 4435 1147 4500 et
1163 4426 1378 4520 singulorum
1396 4435 1568 4512 vestrum,
1592 4423 1759 4498 exhibere
1780 4429 1814 4495 et
1837 4420 1974 4494 solvere

609 4691 651 4772 (a)
673 4692 707 4754 ln
720 4690 862 4770 impresso
873 4697 943 4752 runt
951 4687 1095 4772 predicto,
1111 4693 1197 4752 mele.
