4228 5892
498 575 560 640 378
1000 572 1213 633 sutntalct
1237 568 1410 632 ssscbltttt
1720 569 1800 648 [Aac.
1819 568 1904 630 1239.
1983 556 1993 566 ’

498 721 603 784 tatem
622 711 756 800 banna,
780 709 926 782 mulctas
941 717 976 782 et
997 705 1124 804 penas,
1148 706 1238 779 sicut
1260 703 1424 801 expedire
1449 703 1594 790 viderit,
1618 704 1908 799 contemptoribus

498 833 698 930 imponendi
720 841 754 905 et
779 831 937 926 imposita
956 829 1175 927 requirendi,
1196 827 1425 902 relaxationes
1444 826 1686 902 obedientibus
1706 829 1908 901 auctoritate

498 958 605 1032 nostri
621 957 787 1030 culminis
795 955 998 1030 exhibendi.
1018 955 1188 1027 Omnibus
1202 952 1365 1026 mandata
1385 961 1500 1024 nostra
1523 953 1741 1024 servantibus
1753 961 1907 1024 nostmm

496 1084 649 1156 levorem
667 1089 701 1153 et
716 1079 861 1170 gratiam
877 1099 957 1152 cnm
973 1077 1068 1150 omni
1085 1083 1221 1173 sperata
1238 1072 1473 1148 munificentia
1494 1073 1705 1170 premiorum
1724 1073 1908 1146 liberaliter

496 1205 710 1301 pollicemur.

1178 1347 1223 1420 v.

577 1535 700 1614 (Inedtt
716 1549 756 1596 ex
768 1533 833 1595 cod.
848 1533 926 1594 Btbl.
940 1531 1039 1595 emar.
1053 1531 1162 1604 Paris,
1170 1526 1262 1612 foedo
1274 1529 1306 1592 S.
1320 1526 1417 1592 caat.
1428 1526 1554 1609 narba,
1568 1537 1717 1608 ηψπ
1729 1528 1774 1603 lI,
1788 1529 1907 1607 mu.)

511 1805 516 1814 Ι
544 1713 581 1788 Si
603 1713 679 1786 loca
696 1710 886 1784 nativitatis
907 1707 1139 1782 indifferenter
1154 1707 1305 1804 quodam
1326 1707 1444 1780 native
1464 1707 1650 1780 voluntatis
1676 1705 1804 1780 affectu
1829 1729 1906 1803 spe·

497 1837 626 1912 cialiter
652 1835 697 1908 ab
724 1833 886 1908 omnibus
914 1832 1127 1925 diliguntur,
1154 1831 1184 1904 si
1217 1831 1339 1904 natalis
1366 1851 1464 1904 amor
1491 1827 1600 1925 patria
1626 1851 1691 1903 sua
1721 1829 1907 1904 dulcedine

497 1969 638 2034 cunctos
653 1957 751 2031 ducit
766 1977 830 2030 nec
845 1957 926 2028 sinit
941 1977 1000 2028 eos
1012 1956 1229 2028 immemores
1241 1973 1317 2026 csse
1329 1953 1398 2044 sui,
1415 1974 1484 2025 non
1498 1951 1629 2049 dispari
1640 1953 1774 2025 ratione
1786 1963 1907 2025 natura

496 2082 702 2158 succedente
715 2080 877 2154 ducimur
890 2088 924 2153 et
936 2089 1092 2152 tenemur
1104 2078 1235 2170 lisium,
1246 2077 1397 2150 nobilem
1408 2075 1559 2149 Marcbie
1571 2075 1759 2166 civitatem,
1776 2076 1908 2169 insigne

495 2207 640 2301 originis
662 2214 777 2278 nostre
799 2203 1024 2300 principium,
1041 2201 1104 2274 ubi
1124 2221 1188 2274 nos
1207 2201 1290 2274 diva
1308 2209 1416 2272 mater
1431 2208 1547 2273 nostra
1569 2196 1692 2272 eduxit
1709 2199 1746 2270 in
1770 2199 1904 2286 lucem,

496 2331 557 2404 ubi
569 2339 684 2403 nostra
697 2328 871 2402 cunabula
883 2328 1093 2416 claruerunt,
1110 2325 1231 2398 intima
1244 2321 1428 2397 dilectione
1440 2322 1631 2417 complecti,
1650 2332 1725 2395 uta
1744 2325 1907 2397 memoria

495 2464 610 2528 nostra
630 2475 699 2527 non
717 2453 824 2548 possit
839 2451 1010 2526 excedere
1025 2451 1121 2522 locus
1143 2451 1219 2541 ejus
1236 2456 1270 2520 et
1287 2446 1460 2521 Bethleem
1473 2443 1525 2542 (l)
1538 2455 1654 2520 nostre
1672 2455 1763 2520 terra
1779 2447 1907 2520 Cesaris

494 2586 529 2651 ct
543 2579 640 2670 origo
651 2577 780 2672 pectori
800 2585 917 2648 nostro
932 2583 1070 2647 maneat
1087 2573 1190 2645 altius
1204 2571 1370 2645 radicata·
1384 2569 1484 2645 Unde
1501 2579 1559 2661 tu,
1577 2569 1767 2658 Bethleem,
1785 2569 1906 2643 civitas

495 2702 647 2774 Marcbie
664 2721 734 2772 non
755 2701 916 2790 minima,
942 2721 981 2772 es
1003 2699 1039 2770 in
1058 2699 1195 2789 generis
1210 2695 1317 2769 nostri
1336 2693 1559 2789 principibus.
1583 2686 1639 2768 Ex
1661 2703 1697 2766 te
1718 2693 1813 2766 enim
1833 2694 1907 2768 dux

494 2825 597 2917 exiit,
615 2823 758 2897 Romani
784 2823 942 2918 princeps
966 2819 1099 2916 imperii
1124 2819 1185 2913 qui
1205 2817 1376 2914 populum
1399 2827 1497 2889 tuum
1523 2825 1620 2912 reget
1645 2824 1680 2890 ct
1697 2825 1855 2912 proteget
1874 2825 1907 2888 et

493 2948 616 3022 alicnis
635 2947 725 3020 ultra
741 2945 885 3019 subesse
900 2943 1060 3018 manibus
1076 2963 1147 3016 nou
1161 2941 1345 3038 permittet.
1370 2941 1514 3036 Exurge
1531 2941 1637 3035 igitur
1652 2941 1762 3036 prima
1782 2961 1906 3037 parens

495 3071 589 3146 etde
604 3073 690 3166 jugo
714 3080 878 3144 excutere
899 3063 1032 3142 alienol
1053 3067 1169 3152 Quare
1183 3065 1305 3140 vestris
1320 3073 1355 3139 et
1373 3066 1520 3138 aliomm
1538 3074 1732 3137 nostrorum
1753 3063 1906 3137 fidebam

494 3193 754 3287 gravaminibus
777 3193 998 3280 miserentes,
1020 3188 1255 3283 disposuimus
1272 3206 1335 3261 vos
1360 3197 1395 3260 et
1419 3189 1505 3262 alios
1528 3183 1648 3260 fideles
1674 3196 1814 3260 nostros
1838 3197 1904 3260 tam

494 3317 646 3392 llarchie
664 3337 769 3412 quam
787 3314 934 3388 ducatus
953 3311 1082 3408 Spoleti
1100 3313 1145 3385 ab
1167 3311 1378 3406 injuriatoris
1399 3333 1505 3385 onere
1526 3311 1693 3402 liberare;
1715 3331 1788 3406 quo
1811 3309 1906 3406 apud

494 3461 558 3514 nos
584 3449 619 3514 et
642 3439 825 3535 imperium
856 3446 993 3533 propter
1018 3435 1235 3508 manifestam
1264 3431 1546 3530 ingratitudinem
1563 3432 1781 3524 demerente,
1800 3455 1906 3507 uosa

490 3567 687 3658 juramento
714 3560 867 3634 Ecclesie
891 3559 1029 3633 salvo
1014 3579 1095 3652 Jure
1125 3557 1262 3652 imperii
1288 3557 1429 3653 prestito
1456 3557 1624 3632 duximus
1647 3555 1902 3680 absolvendos,

493 3685 727 3783 premittentes
737 3683 901 3758 dilectum
913 3679 1024 3756 filium
1038 3691 1212 3774 nostrum,
1227 3685 1294 3755 etc.

323 4230 405 4280 uu·
348 4234 431 4335 ⁸³²?
545 4193 781 4300 Fridericus‚
810 4191 1071 4280 Romanorum
1101 4190 1321 4308 imperator,
1356 4189 1487 4274 scribit
1519 4187 1732 4300 justiciario
1768 4189 1904 4273 Terrae

423 4282 672 4436 Laboris,
691 4351 741 4410 ne
761 4323 869 4410 falsis
884 4324 1105 4410 rumoribus
1121 4323 1266 4409 diutim
1283 4295 1544 4432 conturbetur,
1572 4347 1613 4406 se
1636 4331 1772 4432 pacato
1793 4323 1902 4408 Mar-

526 4588 565 4662 (⁴)
583 4587 738 4645 Notandum
750 4585 827 4647 ratde
831 4629 841 4660 ,
856 4587 933 4660 quasi
944 4601 976 4644 aa
987 4586 1053 4645 lesu
1062 4584 1169 4645 Christo
1180 4584 1253 4659 apud
1264 4583 1401 4646 bethleem
1412 4541 1477 4644 nato
1489 4597 1638 4659 maequam
1648 4583 1803 4643 l'ridaricna
1815 4589 1899 4642 teme·

491 4685 562 4744 raria
574 4685 770 4759 comparatione
783 4683 1003 4760 praesumpserit.
