4242 5904
481 565 541 626 230
982 563 1194 624 FlllDllHlCl
1221 564 1397 626 secutum
1706 563 1785 646 [Har.
1805 565 1904 628 1238„

481 723 605 796 scopus
625 701 671 772 ad
690 701 877 792 majestatis
891 709 1005 772 nostre
1021 721 1201 794 personam
1220 709 1256 773 et
1278 722 1415 774 sacmm
1434 698 1615 795 imperinm
1637 697 1761 791 babet,
1786 701 1894 796 ipsius

480 847 620 920 quoque
642 823 950 918 supplicationibus
972 823 1145 914 inclinati,
1164 825 1384 920 privilegium
1404 823 1478 898 diri
1497 823 1712 918 imperatoris
1734 825 1894 900 Friderici

480 950 538 1022 avi
555 948 661 1020 nostri
681 948 846 1021 memorie
863 946 1046 1021 recolende
1061 947 1236 1021 indultum
1250 947 1343 1023 dicte
1354 948 1498 1023 ecclesie
1511 947 1556 1021 de
1569 948 1676 1020 verbo
1688 948 1736 1022 ad
1748 951 1894 1024 verbnm

481 1072 585 1143 inseri
596 1071 779 1164 jussimus,
798 1071 913 1143 omnia
929 1093 1000 1166 qne
1021 1071 1240 1144 continentur
1255 1073 1292 1145 in
1314 1095 1356 1146 eo
1373 1073 1419 1146 de
1440 1071 1629 1168 imperialis
1647 1073 1894 1167 preeminentie

481 1196 588 1290 gratia
618 1194 869 1268 confirmantes.
902 1194 1091 1267 statuimus
1121 1195 1228 1286 igitur
1256 1207 1292 1270 et
1317 1196 1486 1293 imperiali
1514 1197 1688 1270 sancimus
1712 1197 1826 1270 edicto
1855 1207 1894 1270 ut

481 1321 575 1391 nulla
594 1341 738 1416 persona
764 1309 831 1390 alta
857 1320 914 1390 vel
929 1318 1090 1410 humilis,
1112 1319 1342 1414 ecclesiastica
1358 1322 1413 1393 vel
1431 1321 1613 1411 secularis,
1634 1319 1826 1414 predictum
1851 1323 1889 1395 B.

479 1444 757 1516 Avenionensem
774 1443 977 1538 episcopum
994 1443 1049 1516 vel
1068 1465 1284 1518 successores
1300 1465 1381 1517 suos
1397 1454 1459 1518 aut
1482 1441 1759 1517 Avenionensem
1785 1446 1895 1519 eccle·

480 1569 566 1640 siam
587 1577 703 1640 contra
719 1567 889 1662 presentis
907 1567 1077 1662 privilegii
1096 1567 1202 1639 nostri
1226 1577 1380 1641 tenorem
1401 1578 1530 1640 temere
1553 1567 1722 1662 impedire
1747 1570 1802 1641 vel
1820 1590 1895 1642 mo·

480 1693 601 1764 lestare
622 1701 807 1786 presumat.
825 1689 927 1776 Quod
949 1691 1010 1784 qui
1028 1692 1274 1787 presumpserit
1288 1692 1381 1764 mille
1397 1692 1502 1763 libras
1519 1691 1595 1763 anri
1612 1713 1675 1786 pro
1691 1713 1782 1786 pena
1800 1713 1895 1766 com·

480 1825 602 1910 ponat,
628 1814 846 1886 medietatem
866 1814 995 1886 seilicet
1013 1835 1148 1887 camere
1164 1823 1280 1888 nostre
1298 1823 1333 1887 et
1355 1815 1523 1908 reliquam
1543 1813 1763 1888 medietatem
1785 1816 1895 1910 passis

480 1938 640 2031 injuriam
671 1937 926 2033 applicandam.
956 1939 1000 2009 Ut
1027 1951 1142 2010 autem
1174 1937 1240 2010 bec
1265 1947 1381 2011 nostra
1411 1938 1586 2010 innovatio
1616 1947 1651 2010 et
1681 1937 1894 2012 confirmatio

480 2071 681 2156 perpetuam
698 2060 850 2132 obtineat
875 2059 1090 2148 firmitatem,
1116 2082 1258 2155 presens
1283 2061 1502 2156 privilegium
1521 2060 1595 2134 lieri
1619 2073 1654 2134 et
1676 2061 1769 2134 bulla
1790 2085 1896 2137 aurea

480 2185 613 2280 typario
632 2193 746 2256 nostre
762 2184 947 2276 majestatis
961 2185 1127 2277 impressa
1142 2185 1310 2276 jussimus
1324 2184 1545 2257 communiri.
1867 2165 1872 2174 ’

529 2309 640 2399 Hujus
662 2308 712 2380 rei
737 2315 839 2380 testes
863 2317 943 2378 sont
966 2333 974 2378 ι
998 2307 1158 2380 Siffridus
1182 2308 1458 2401 Magantinensis
1486 2307 1781 2403 archiepiscopus,
1812 2309 1894 2382 Ber-

480 2431 596 2504 toldus
615 2429 808 2527 patriarcba
823 2430 1078 2524 Aquilegonsis,
1099 2433 1316 2504 Burmannus
1330 2430 1599 2526 Herbipolensis,
1617 2431 1654 2504 L.
1674 2432 1894 2506 vormacien-

480 2556 540 2645 sis,
562 2556 601 2627 H.
622 2555 832 2628 Patavicnsis
852 2555 1026 2650 episcopi,
1049 2557 1199 2629 loannes
1215 2554 1425 2629 Arelatensis
1448 2555 1743 2652 archiepiscopus,
1759 2555 1801 2630 G.
1823 2559 1897 2630 Va-

479 2679 680 2752 lentinensis
693 2681 822 2752 olemus
840 2678 907 2778 (l),
927 2681 967 2753 H.
986 2678 1060 2752 dux
1076 2679 1263 2769 Corinthio,
1282 2682 1324 2753 H.
1343 2701 1459 2753 comes
1471 2679 1664 2772 Prouincie,
1685 2681 1724 2751 B.
1742 2681 1896 2756 marchio

480 2790 827 2896 MontislerratiensiS,
846 2804 950 2876 etalii
965 2803 1201 2899 quamplures.

529 2927 674 3021 Signum
692 2926 823 3000 domini
841 2927 947 2999 nostri
964 2927 1130 3000 Friderici
1148 2927 1198 3014 ll,
1216 2927 1277 3000 Dei
1294 2927 1405 3021 gratia
1426 2927 1642 3001 invictissimi
1664 2929 1895 3002 Romanorum

454 3136 458 3146 Ἰ
481 3050 706 3146 imperatoris,
725 3073 861 3147 sempor
877 3052 1029 3143 augusti,
1049 3052 1262 3124 Hierusalem
1278 3060 1313 3124 et
1328 3052 1444 3124 Sicilie
1460 3053 1564 3144 regis.

529 3175 614 3248 Aeta
639 3185 720 3248 sunt
746 3175 810 3248 hec
839 3196 931 3248 anno
960 3174 1132 3248 dominice
1156 3175 1399 3248 incarnationis
1426 3177 1473 3248 M.
1485 3175 1548 3248 CC.
1564 3175 1750 3266 xxxvltt,
1777 3195 1896 3248 mense

481 3299 702 3392 septembris,
722 3301 785 3372 Xll
807 3299 1013 3390 indictione,
1042 3299 1231 3394 imperante
1256 3299 1397 3374 domino
1419 3309 1535 3372 nostro
1560 3297 1732 3372 Friderioo
1754 3299 1803 3390 ll,
1831 3299 1897 3372 Dei

481 3421 589 3514 gratia
613 3422 836 3494 invictissimo
850 3423 1080 3495 Romanorum
1106 3423 1309 3515 imperatore
1333 3443 1469 3518 semper
1493 3431 1659 3516 angusto,
1683 3422 1895 3494 Hierusalem

481 3556 514 3614 ct
533 3544 647 3616 Sicilie
662 3566 760 3638 rege,
780 3545 915 3639 imperii
933 3547 1008 3638 ejus
1025 3568 1116 3618 anno
1132 3547 1251 3637 XVlll,
1271 3547 1368 3640 regni
1386 3547 1598 3618 Hierusalem
1618 3546 1721 3618 torcio
1739 3545 1891 3636 decimo,

481 3668 577 3762 regni
597 3689 679 3741 vero
693 3669 805 3742 Sicilie
821 3669 1086 3764 quadragesimo
1105 3671 1232 3764 primo,
1252 3670 1406 3742 feliciter.
1425 3669 1548 3742 Amen.

528 3793 653 3863 Datum
670 3793 706 3864 in
725 3793 843 3865 castris
860 3794 895 3864 in
916 3793 1097 3868 obsidione
1119 3795 1255 3882 Brinie,
1274 3814 1385 3884 anno,
1407 3815 1526 3866 mense
1545 3802 1579 3866 ct
1606 3792 1795 3866 indictione
1817 3815 1896 3889 pre-

480 3915 626 4008 scriptis.

693 4132 703 4138 -
710 4132 864 4140 ---.--.---=
871 4135 878 4139 -
885 4135 899 4140 ..
913 4133 1025 4141 ...η-...α-
1033 4134 1158 4141 --.----
1167 4133 1346 4141 -οο--ι-ι-ι
1354 4133 1546 4142 ¹--------.—-·-
1553 4131 1617 4140 ...ι-σ-

516 4283 549 4356 (t)
567 4281 643 4338 Circa
656 4281 736 4338 finem
755 4283 859 4356 augusti
881 4283 997 4354 mensis,
1009 4282 1170 4342 Guilelmus
1188 4281 1291 4340 electus
1304 4283 1338 4340 do
1355 4281 1484 4340 valencia
1502 4281 1585 4340 frater
1605 4281 1710 4340 comitis
1728 4279 1892 4352 Sabandiae,

479 4380 597 4438 marchio
614 4379 710 4438 Lancia
727 4385 755 4438 et
769 4380 937 4438 senescalcus
951 4380 1075 4454 Dalphini
1088 4397 1151 4438 cum
1168 4380 1290 4438 ducentis
1302 4380 1432 4438 militibus
1448 4381 1483 4436 ad
1496 4386 1585 4436 castra
1598 4379 1766 4455 imperatoris
1779 4377 1895 4436 Brixiam

479 4477 626 4535 obsidentis
639 4478 804 4535 advenerant
816 4487 844 4535 et
857 4479 909 4534 iter
922 4478 1043 4536 iaciendo
1053 4494 1102 4552 per
1116 4477 1244 4550 Argiuom
1257 4477 1291 4534 de
1302 4479 1404 4535 buxeto
1419 4477 1512 4536 obvios
1527 4461 1584 4534 sibi
1593 4477 1762 4534 Placentinos
1780 4475 1894 4547 lugere·

478 4583 551 4644 rant,
568 4592 681 4648 quorum
693 4575 902 4648 quadringentos
916 4576 987 4632 inter
1003 4576 1100 4634 milites
1111 4581 1139 4632 et
1156 4575 1262 4650 pedites
1277 4581 1371 4650 captos
1386 4575 1545 4634 Cremonam
1556 4576 1699 4633 duxeruut.
1711 4573 1752 4632 cl.
1765 4571 1892 4632 obrosio.

478 4672 510 4730 ds
524 4671 580 4729 reb.
598 4675 628 4730 in
643 4673 706 4730 ital.
722 4675 819 4745 partis,
832 4689 860 4746 p.
876 4676 939 4745 tut,
954 4676 1019 4730 ⁴75.
