4246 5906
199 660 295 719 aare.
322 656 382 740 ra]
648 657 845 720 rrrsronra
871 655 1162 720 nrrnorrnrrcn.
1547 653 1607 714 sea

198 794 468 866 necessariarum
484 791 530 866 ad
544 794 804 867 Beneventanus
820 793 925 868 modo
944 794 1060 888 aliquo
1080 813 1141 886 per
1159 788 1276 862 fideles
1292 795 1426 861 nostros
1448 786 1504 858 vel
1521 787 1607 860 alios

199 917 391 1006 deferatur,
417 936 485 988 non
511 917 753 1011 permictentes
775 917 872 1013 quod
897 919 1045 991 barones
1068 917 1221 1010 ipsarum
1243 913 1392 1007 partium
1411 921 1522 982 castra
1543 932 1607 982 aua

197 1059 357 1134 reparare
369 1050 585 1133 presumant,
602 1061 665 1112 seu
680 1041 717 1112 in
732 1041 851 1135 aliquo
873 1040 1015 1135 aliquod
1031 1039 1076 1113 de
1096 1031 1189 1110 novo
1206 1045 1404 1110 construere
1421 1035 1457 1105 in
1476 1033 1608 1107 eisdem

198 1161 334 1256 absque
353 1171 468 1234 nostre
490 1162 705 1235 celsitudinis
721 1165 862 1260 speciali
884 1155 1070 1255 mundato,
1095 1162 1237 1235 studeas
1255 1171 1369 1233 tamen
1387 1159 1483 1254 quod
1502 1157 1607 1229 iidem

198 1285 347 1358 barones
368 1286 453 1358 alias
471 1287 594 1358 muniti
611 1288 697 1376 sint,
713 1290 817 1380 juxta
841 1310 1017 1361 sacrarum
1041 1296 1233 1360 nostrarum
1256 1285 1408 1380 priorum
1431 1284 1609 1356 continen-

197 1408 281 1480 tiam
306 1409 514 1482 lieterarum.
533 1410 636 1495 Quod
653 1423 768 1483 antem
789 1411 990 1507 significasti
1009 1412 1110 1484 nobis
1126 1419 1160 1482 te
1178 1418 1263 1505 aput
1286 1409 1609 1481 ltlontemlusculnm

198 1533 385 1604 contulisse
403 1554 483 1605 cum
504 1534 630 1606 familia
649 1544 709 1607 tua
727 1545 762 1608 et
786 1536 834 1607 ibi
850 1557 926 1609 esee
948 1557 1011 1630 pro
1030 1535 1178 1607 servitiis
1199 1533 1341 1622 nostris,
1360 1533 1471 1627 placet
1488 1531 1606 1620 nobis,

200 1665 234 1727 et
247 1665 347 1726 tunm
361 1655 444 1728 iude
461 1655 615 1729 studium
632 1657 927 1731 commendamus.
945 1659 1034 1743 Quia
1050 1667 1166 1728 tamen
1184 1655 1349 1750 scripsisti
1362 1677 1423 1750 per
1442 1675 1499 1725 eas
1515 1651 1611 1746 quod

200 1789 233 1852 te
257 1789 390 1873 oportet
416 1778 462 1850 ad
488 1779 712 1853 refrenandas
734 1779 939 1854 insolencias
962 1781 1141 1853 bominum
1165 1790 1199 1852 et
1222 1779 1268 1852 ad
1286 1777 1463 1850 reddenda
1477 1779 1557 1871 jura
1577 1787 1612 1848 et

199 1901 383 1976 fovendam
410 1903 579 1997 justitiam
611 1917 673 1999 per
694 1905 966 1997 jurisdictionem
996 1915 1091 1977 tuam
1117 1903 1304 2000 aliquando
1332 1903 1503 1996 equitare,
1532 1925 1611 1974 oum

199 2025 348 2097 nolimus
364 2027 459 2121 quod
467 2029 602 2120 justitia
617 2027 744 2102 alicubi
758 2051 822 2124 per
835 2051 981 2123 regnum
994 2039 1150 2102 nostrum
1167 2029 1284 2124 aliquo
1295 2033 1422 2102 eventu
1439 2027 1475 2096 in
1493 2025 1611 2120 aliquo

201 2149 395 2242 minuatur,
415 2152 581 2225 volumus
604 2161 643 2224 nt
666 2152 808 2227 dimissa
830 2152 867 2224 in
886 2149 1140 2227 Montesusculo
1166 2153 1295 2225 iamilia
1316 2163 1376 2223 tua
1398 2157 1432 2224 et
1454 2149 1611 2222 ordinato

201 2274 297 2367 qnod
316 2275 362 2348 de
378 2285 489 2349 casim
505 2278 561 2348 vel
582 2287 672 2350 terra
688 2282 824 2352 nullum
838 2279 1029 2375 dampnum
1044 2281 1101 2352 vel
1121 2278 1313 2374 periculum
1331 2278 1438 2372 possit
1450 2277 1608 2364 evenire,

201 2420 263 2492 per
280 2413 392 2492 partes
412 2399 661 2492 jurisdictionis
680 2412 738 2475 tue
756 2425 835 2476 cum
855 2403 998 2498 expedit
1015 2412 1050 2474 te
1069 2403 1242 2492 conteras,
1258 2401 1426 2495 justitiam
1446 2401 1611 2473 observes

198 2521 380 2614 omuibus,
401 2533 435 2594 et
450 2523 575 2618 punias
590 2545 756 2597 excessus
774 2533 808 2597 et
821 2527 971 2620 corrigas
990 2525 1195 2598 insolencias
1211 2525 1486 2613 malefactorum
1503 2523 1611 2594 nichi-

199 2646 349 2718 lominus
364 2656 480 2720 tamen
496 2669 718 2742 quocumque
731 2648 903 2739 divertas,
921 2649 1075 2721 vicissim
1092 2648 1212 2722 redeas
1232 2649 1268 2718 in
1285 2646 1610 2720 Montemlusculum

198 2775 233 2839 et
254 2779 368 2862 partes
385 2771 582 2842 Benevento
598 2770 750 2859 vicinas,
775 2782 810 2842 et
831 2792 914 2843 ecee
931 2771 1028 2866 quod
1046 2772 1150 2864 juxta
1174 2771 1354 2842 consilium
1376 2783 1473 2841 tuum
1491 2769 1610 2841 homi-

198 2891 301 2962 nibus
317 2891 568 2964 ltlontissusouli
587 2903 718 2966 nostras
743 2894 878 2967 lieteras
896 2895 1120 2968 destinamus.
1138 2895 1189 2965 Tu
1208 2915 1291 2966 veru
1307 2893 1498 2966 secundum
1515 2892 1610 2987 quod

199 3013 365 3110 expedire
377 3015 526 3105 videris,
548 3017 688 3090 servitia
706 3027 837 3105 nostra,
859 3027 923 3091 etc.

245 3139 371 3210 Datum
386 3137 481 3234 apud
497 3139 702 3228 Sarranum,
720 3140 781 3214 XV
794 3140 1008 3231 decembris,
1029 3141 1104 3212 Xlll
1118 3139 1329 3213 indictionis.

245 3263 329 3334 item
348 3263 387 3334 de
403 3265 568 3358 superiori
580 3263 739 3335 mandato
759 3267 893 3359 scripsit
914 3266 1001 3336 idem
1018 3266 1196 3335 notarius:

244 3384 463 3478 Fredericus,
482 3397 564 3479 ete,
584 3387 758 3460 universis
776 3389 973 3462 bominibus
989 3389 1251 3462 Montisluscnli.
1272 3387 1373 3460 Grata
1396 3387 1478 3458 satis
1500 3393 1551 3458 est
1574 3387 1610 3456 in

199 3517 382 3604 conspectu
405 3511 511 3582 nostri
531 3509 692 3584 culminis
715 3511 803 3586 fides
826 3523 941 3585 vestra
957 3527 991 3585 et
1010 3511 1174 3584 exhibitio
1198 3521 1372 3605 gratorum
1392 3510 1609 3582 servitiorum

198 3641 390 3704 vestrorum
416 3636 663 3729 acceptabilem
687 3645 899 3731 representat
925 3659 1039 3710 coram
1066 3637 1167 3709 nobis
1192 3635 1408 3709 devotionem
1437 3642 1607 3724 vestram,

198 3775 303 3848 quam
331 3756 422 3828 sicut
443 3757 645 3831 Thomasius
667 3760 714 3832 de
735 3761 950 3854 ldontenigro
972 3761 1180 3854 justitiarius
1203 3760 1418 3854 Principatus
1442 3759 1610 3850 majestati

198 3887 314 3950 nostre
332 3901 393 3973 per
411 3903 493 3953 suas
511 3883 647 3956 lictores
668 3885 866 3976 nunciavit,
886 3885 1093 3957 exhibuistis
1109 3884 1154 3956 ad
1171 3884 1280 3978 ipsius
1298 3883 1556 3978 requisitionem
1574 3883 1611 3954 in

198 4002 322 4074 nostris
337 4005 487 4077 servitiis
505 4007 728 4080 landabiliter
747 4008 1077 4100 commendandam
1094 4018 1231 4102 propter
1249 4009 1346 4102 quod
1368 4009 1511 4102 gratiam
1530 4029 1609 4080 nos·

197 4132 283 4196 tram
300 4125 401 4198 vobis
418 4128 629 4201 vendicastis
648 4129 694 4202 de
718 4130 810 4203 bono
835 4131 871 4202 in
896 4132 1020 4203 melius
1044 4131 1267 4204 favorabilem
1288 4139 1322 4202 et
1344 4131 1544 4224 benignam.
1567 4131 1611 4202 Ut

197 4245 302 4340 igitur
331 4251 542 4326 continuatio
575 4254 795 4326 servitiorum
823 4263 995 4348 gratorum
1029 4255 1297 4328 benivolentiam
1330 4264 1480 4327 nostram
1511 4253 1610 4327 vobis

196 4369 373 4445 confirmet
390 4375 428 4444 in
439 4376 602 4449 omnibus
618 4399 690 4471 que
707 4379 839 4450 bonum
852 4388 1003 4451 vestrum
1016 4380 1200 4474 respiciant
1216 4387 1250 4450 et
1265 4387 1503 4470 angmentum,
1522 4376 1609 4450 tide-

196 4491 282 4565 litati
296 4507 411 4569 vestre
425 4496 567 4573 tirmiter
582 4501 806 4596 precipiendo
818 4501 1026 4576 mandamus
1039 4514 1210 4597 quatenus
1227 4503 1261 4574 in
1279 4501 1442 4574 fidelitate
1452 4511 1487 4574 et
1502 4501 1609 4575 devu-

196 4617 291 4691 tioue
310 4631 425 4695 nostra
442 4645 567 4718 purum
586 4626 741 4698 animum
757 4628 943 4718 babentes,
965 4628 1109 4699 servitia
1122 4637 1237 4700 nostra
1255 4626 1305 4698 sic
1325 4625 1492 4697 studeatis
1508 4647 1609 4722 pera-

197 4763 295 4835 gere,
315 4755 385 4817 tum
409 4747 456 4820 ad
472 4751 728 4844 requisitionem
745 4753 920 4845 justitiarii
948 4752 1137 4848 supradicti
1157 4773 1261 4844 quam
1286 4751 1323 4822 iu
1346 4749 1509 4823 omnibus
1532 4751 1608 4824 aliis
