4350 5922
239 537 337 597 lenter.
357 531 418 616 le]
686 531 882 594 HISTORIA
906 527 1200 590 utrtottttt'tctt.
1610 530 1649 588 ll

240 692 282 744 ac
304 667 515 742 lombardos
535 673 717 738 reduntur
741 665 1009 740 sollicitudinem
1029 665 1135 760 patris
1152 662 1478 776 habentesxdiversa
1501 663 1650 737 studue-

238 793 345 865 rimus
365 790 522 863 invenire
538 789 680 861 consilia
699 799 735 862 et
756 789 906 885 experiri
931 789 1065 862 labores
1082 797 1121 859 ut
1141 786 1273 860 eisdem
1298 784 1376 858 linis
1394 795 1507 882 posset
1522 786 1649 858 laude-

239 913 318 986 bilis
334 921 511 986 annuente
523 911 670 984 Domino
685 912 882 1006 provenire.
900 912 995 986 Idem
1016 919 1130 983 autem
1146 919 1240 983 tanto
1258 909 1395 1005 plenius
1413 917 1448 980 et
1464 931 1559 980 nunc
1574 909 1647 980 effi·

239 1053 316 1105 cere
340 1033 503 1104 volumus
532 1039 662 1124 quanto
685 1028 847 1102 dilacioni
870 1031 969 1102 locus
999 1026 1044 1100 de
1072 1037 1184 1100 cetero
1212 1049 1280 1100 non
1309 1027 1467 1100 occurrit.
1495 1027 1536 1097 Et
1568 1050 1647 1100 cum

240 1154 421 1227 karissimo
437 1154 472 1225 in
489 1153 622 1225 Christo
638 1151 711 1224 lilio
733 1162 848 1224 nostro
871 1151 1036 1224 Fedcrico
1052 1151 1283 1222 Romanorum
1304 1150 1498 1244 imperatori
1515 1171 1649 1246 semper

238 1287 402 1371 angusto,
424 1277 607 1349 Ierusalem
627 1285 662 1348 et
684 1274 799 1348 Sicilie
824 1275 898 1368 regi
918 1275 1060 1363 illustri,
1083 1273 1221 1344 anobis
1238 1293 1299 1366 per
1314 1271 1480 1366 speciales
1502 1274 1648 1346 nuncios

238 1401 424 1496 requirenti
443 1408 482 1473 nt
496 1399 564 1471 sibi
578 1421 625 1472 ex
640 1395 753 1472 officio
767 1408 883 1471 nostru
895 1397 1096 1470 assistamus
1114 1395 1236 1468 deesse
1250 1397 1286 1466 in
1301 1417 1364 1467 suo
1380 1396 1457 1486 jure
1475 1417 1545 1468 non
1563 1418 1648 1491 pos·

237 1525 358 1614 simus,
386 1523 448 1618 qui
475 1544 596 1596 snmus
622 1522 848 1594 omnibns·in
873 1519 1006 1614 justitia
1032 1519 1226 1597 debitores:
1254 1518 1339 1613 quin
1368 1519 1473 1590 immo
1501 1519 1584 1612 quia
1610 1521 1645 1590 in

237 1667 373 1720 omnem
387 1654 552 1718 eventum
568 1643 714 1740 expedit
730 1654 769 1716 nt
788 1644 902 1746 uitato¹
913 1643 1112 1716 discrimine
1128 1641 1338 1732 imminenti,
1358 1654 1524 1738 quaeunt
1542 1663 1646 1716 causa

237 1767 410 1842 discordie
435 1791 497 1866 pro
517 1777 691 1842 vostrast
717 1768 960 1863 tranquillitate
986 1767 1120 1862 imperii
1147 1787 1189 1838 ac
1213 1787 1275 1862 pro
1297 1765 1481 1858 dirigendo
1503 1768 1647 1842 feliciter

235 1893 336 1965 'lerre
350 1893 474 1964 Sancte
493 1893 651 1987 negotio,
678 1891 799 1965 divina
815 1891 1033 1965 Providentia
1050 1890 1215 1978 iaciente,
1240 1889 1421 1962 salubriter
1445 1892 1642 1987 sopiantur;

236 2013 384 2110 ideoque
398 2015 607 2110 presentium
622 2013 724 2086 vobis
738 2013 938 2086 anctoritate
956 2011 1161 2084 mandamns
1177 2021 1211 2084 et
1232 2013 1324 2086 bona
1347 2011 1417 2086 lide
1434 2016 1645 2090 consulimus

170 2145 174 2152 '
235 2149 407 2232 qnatenus
424 2149 502 2234 post
517 2139 771 2234 susceptionem
795 2158 913 2210 earnm
939 2135 1182 2209 ambaxatores
1197 2146 1329 2210 vestros
1342 2137 1518 2212 Mantuam
1536 2149 1645 2214 trans·

237 2261 376 2334 mittatis
392 2283 496 2357 super
519 2260 683 2357 predictis
702 2261 751 2334 ita
768 2259 978 2334 sufficienter
991 2259 1174 2332 instructos
1189 2269 1225 2333 et
1242 2281 1305 2356 pro
1320 2269 1417 2356 parte
1434 2273 1546 2336 vestra
1566 2264 1646 2358 ple-

236 2405 318 2456 num
344 2384 548 2456 mandatnm
570 2383 738 2457 babentes
763 2393 803 2454 ut
825 2383 920 2456 omni
942 2382 1155 2478 subterfugio
1180 2381 1214 2455 et
1238 2384 1418 2456 occasione
1439 2405 1500 2457 seu
1526 2407 1645 2460 neces·

234 2507 332 2580 sitate
352 2529 418 2580 vos
440 2507 565 2580 iterum
589 2507 791 2581 consulendi
820 2507 1033 2604 postpositis,
1055 2507 1225 2599 consiliis,
1250 2507 1390 2582 monitis
1416 2520 1450 2584 et
1475 2509 1646 2584 mandatis

235 2632 442 2704 venerabilis
464 2631 577 2705 fratris
601 2632 754 2728 episcopi
777 2633 967 2706 Hostiensis
987 2641 1022 2704 et
1043 2632 1159 2706 dilecti
1184 2630 1245 2704 lilii
1271 2633 1379 2704 nostri
1403 2633 1533 2706 Thomu
1555 2635 1645 2708 tituli

234 2753 358 2828 Sancte
382 2755 510 2829 Sabine
536 2755 719 2852 presbiteri
745 2755 948 2847 cardinalis,
977 2778 1066 2851 quos
1087 2755 1132 2828 ad
1156 2765 1271 2852 partes
1297 2756 1389 2852 ipsas
1418 2771 1556 2853 propter
1580 2757 1646 2830 hoc

234 2897 312 2950 cum
335 2878 439 2973 plene
456 2878 635 2974 legationis
660 2879 773 2952 officio
798 2879 1015 2976 providimus
1041 2879 1281 2968 destinandos,
1304 2900 1425 2974 parere
1451 2879 1583 2974 possint
1608 2881 1644 2952 in

234 3003 396 3075 omnibus
419 3015 634 3093 reverenter,
662 3004 806 3077 sollicite
828 3004 1000 3102 provisuri
1026 3013 1065 3074 ut
1086 3003 1169 3076 dicti
1191 3003 1428 3075 ambaxatores
1453 3003 1490 3073 in
1514 3005 1645 3076 octavis

236 3123 395 3198 instantis
409 3125 623 3200 Pentecostcs
641 3125 689 3224 (a)
703 3127 845 3200 Mantua
862 3127 1001 3201 valeant
1016 3125 1177 3217 inveniri,
1193 3147 1271 3197 cum
1286 3126 1476 3199 timendum
1491 3127 1535 3198 sit
1549 3125 1646 3221 quod

236 3248 265 3319 si
278 3248 463 3344 expedicio
477 3250 676 3342 hujusmodi
697 3251 825 3346 negotii
840 3272 887 3323 ex
905 3271 1127 3346 quacumque
1142 3271 1243 3321 causa
1260 3248 1383 3339 modo,
1402 3249 1498 3344 qnod
1511 3262 1646 3323 avertat

240 3371 420 3463 Dominus,
439 3383 676 3468 postponatur,
695 3373 733 3448 id
747 3375 856 3470 possit
872 3375 1052 3446 imminere
1071 3371 1213 3468 periculi
1227 3371 1322 3466 quod
1337 3372 1401 3446 vix
1416 3372 1452 3444 in
1468 3385 1644 3469 posterum

239 3495 353 3567 multis
368 3495 544 3570 laboribus
560 3497 683 3594 poterit
698 3498 841 3571 aboleri.

285 3619 412 3691 Datum
426 3621 583 3710 Vitcrbii,
605 3621 680 3694 lllll
697 3619 863 3694 kalendas
876 3620 965 3713 junii
979 3618 1047 3715 (t),
1068 3640 1159 3692 anno
1175 3617 1392 3715 pontificatus
1409 3621 1515 3692 nostri
1534 3622 1644 3695 unde·

237 3762 339 3817 ormo.

276 3917 319 3998 (a)
341 3918 401 3997 Ap.
416 3919 505 3980 llabn
513 3925 581 4001 port
594 3926 723 3984 octaaatu
736 3919 840 3984 Sancti
851 3917 1003 3982 lobannis.

272 4251 309 4325 (t)
328 4251 407 4326 Apud
423 4253 594 4326 bernaldum
604 4253 687 4328 juttt,
703 4255 751 4314 sed
763 4271 883 4314 emoneo.
896 4255 966 4311 Dum
984 4254 1056 4311 enim
1071 4253 1259 4314 ambaxatorcs
1274 4255 1407 4314 metoecis
1422 4256 1596 4313 lombardiae
1616 4257 1643 4313 in

241 4348 341 4406 odana
357 4349 543 4424 Pentecostes,
558 4352 661 4410 scilicet
678 4353 750 4410 circa
770 4352 893 4425 quintum
910 4351 1044 4410 decimum
1060 4351 1128 4424 junii
1141 4351 1227 4424 diem,
1246 4353 1388 4410 convenire
1405 4353 1546 4422 deberent,
1561 4352 1645 4425 liquet

239 4445 361 4518 papalem
369 4447 513 4520 epistolam
527 4463 581 4506 non
595 4455 710 4506 excunte
718 4449 802 4522 junio,
813 4449 861 4507 sed
873 4463 965 4506 mense
980 4449 1050 4507 maio
1063 4449 1190 4523 scriptam
1204 4449 1295 4506 brisso.
1308 4449 1441 4520 preterea,
1455 4450 1520 4506 dum
1533 4451 1560 4506 in
1573 4451 1643 4506 serie

242 4540 387 4600 litterarum
405 4543 538 4618 papalium
556 4545 608 4602 sub
618 4555 650 4601 n⁰
664 4549 698 4604 st
710 4547 763 4604 ista
776 4552 894 4616 notatur,
907 4561 976 4620 quae
987 4553 1136 4620 sequuntur
1151 4546 1227 4602 datae
1239 4545 1275 4604 tv
1289 4545 1415 4604 kalendas
1429 4545 1496 4618 junii
1511 4561 1595 4618 usqne
1608 4546 1643 4602 ad

239 4653 376 4697 numerum
391 4643 441 4699 tac
453 4641 645 4716 prodtmnntnr.
