4246 5906
1092 615 1308 680 rutnnatct
1333 619 1510 686 sscitant
1825 631 1903 712 [batt.
1918 637 1993 702 1239.

644 1167 868 1252 Mandatum
898 1167 948 1250 ad
975 1167 1223 1252 ammiratum
1254 1169 1362 1280 regni
1391 1171 1441 1252 de
1472 1171 1625 1252 tarsinis
1652 1171 1694 1252 in
1728 1173 1887 1256 diuersis
1916 1175 1996 1257 locis

590 1301 789 1408 faciendis,
801 1302 850 1384 de
867 1301 1123 1384 tanuensibus
1140 1301 1379 1413 inquirendis
1398 1312 1529 1386 utrum
1547 1313 1775 1388 mercatores
1792 1307 1841 1388 ad
1852 1307 1999 1389 emenda

590 1435 740 1518 venalia
759 1460 808 1518 an
827 1433 1085 1542 exploratores
1108 1435 1158 1517 ad
1179 1435 1464 1518 incommodum
1488 1438 1774 1544 procurandum
1791 1439 1831 1518 in
1850 1465 2000 1548 regnum

590 1567 782 1674 venerint,
802 1565 851 1650 de
871 1566 1016 1648 tarsina
1043 1567 1146 1676 apud
1172 1565 1370 1676 Neapolim
1397 1568 1437 1648 in
1463 1572 1610 1676 aptiore
1631 1569 1715 1652 loco
1740 1572 1995 1654 construenda.

673 1795 803 1878 (degeat.
818 1795 922 1874 imper.
935 1791 1053 1855 mode.
1069 1795 1110 1872 11,
1126 1793 1177 1854 iol.
1196 1803 1233 1856 86
1249 1812 1348 1870 verso3
1364 1798 1396 1856 ln
1409 1795 1482 1858 cdlt.
1497 1797 1635 1870 Carcan..
1650 1817 1682 1877 p.
1699 1799 1783 1876 ²⁹2.)

641 2003 689 2074 De
708 2001 875 2096 imperiali
900 1999 1057 2074 mandato
1072 2003 1161 2094 sacto
1172 2023 1236 2096 per
1252 2003 1450 2096 magistrum
1472 2003 1515 2074 lt.
1538 2003 1578 2074 de
1595 2005 1745 2096 Trajecto
1768 2007 1899 2100 scripsit
1919 2007 2003 2078 Lan·

591 2129 716 2200 rectius
734 2155 744 2198 .·

640 2249 853 2340 Fredericus,
871 2259 955 2340 etc,
975 2249 1016 2321 N.
1035 2247 1179 2346 Spinule
1193 2249 1392 2342 ammirato,
1411 2259 1478 2322 etc.
1499 2249 1660 2341 litteras,
1679 2261 1746 2324 cte.
1764 2251 1867 2338 Quod
1881 2263 2003 2343 auum,

591 2377 681 2448 sicut
693 2373 885 2470 expediens
897 2373 1029 2446 vidisse
1041 2383 1074 2445 tc
1087 2371 1223 2464 scribis,
1236 2395 1315 2444 curn
1328 2373 1462 2468 Angelo
1478 2372 1524 2447 dc
1535 2375 1645 2446 llarra
1659 2385 1694 2448 et
1704 2375 1781 2447 aliis
1792 2376 1916 2448 nostris
1928 2375 2007 2449 tide·

590 2501 683 2573 libus
696 2498 862 2572 ordinasti
878 2507 917 2570 ut
931 2495 1040 2570 teride
1055 2505 1123 2569 tras
1141 2507 1175 2570 et
1191 2497 1350 2570 vaclatta
1366 2519 1437 2572 nna
1454 2499 1490 2570 in
1506 2498 1637 2590 Galeta,
1656 2499 1766 2572 terida
1781 2509 1850 2572 tres
1868 2500 1903 2570 in
1920 2501 2005 2572 Nea·

591 2625 674 2721 poli,
694 2622 804 2696 teride
819 2633 889 2696 tres
906 2633 941 2696 et
954 2620 1113 2694 vacketta
1129 2643 1200 2694 una
1217 2621 1253 2694 in
1267 2621 1385 2694 Castro
1399 2621 1504 2711 llari,
1524 2621 1622 2714 galea
1640 2643 1710 2694 una
1723 2633 1758 2694 et
1774 2622 1933 2694 vaclretta
1944 2645 2008 2694 una

590 2750 628 2820 in
648 2746 810 2836 Amallia,
834 2758 869 2820 et
889 2744 1000 2820 terida
1018 2767 1105 2836 nna,
1124 2746 1223 2838 galea
1238 2767 1309 2818 una
1328 2755 1363 2818 et
1381 2745 1540 2818 uaclretta
1560 2767 1630 2817 una
1655 2744 1775 2817 tierent
1795 2747 1831 2817 in
1850 2747 2007 2837 Salemn,

592 2883 627 2946 et
653 2874 689 2944 in
707 2871 838 2946 eisdem
858 2871 944 2945 locis
967 2870 1113 2942 tarsinas
1131 2891 1195 2966 pro
1215 2880 1312 2966 parte
1332 2871 1439 2944 lactas
1462 2869 1625 2964 compleri
1642 2866 1800 2968 [terens]
1819 2893 1880 2966 per
1904 2881 2010 2944 totum

593 3021 634 3072 ac
652 2999 738 3070 alias
751 2993 962 3070 necessarias
981 2993 1027 3068 de
1046 3015 1137 3066 novo
1157 2993 1244 3085 lieri,
1268 3003 1306 3066 nt
1322 2994 1468 3067 vassella
1484 3006 1601 3066 nostra
1616 2995 1652 3066 in
1666 2993 1718 3066 eis
1735 2995 1916 3068 commode
1930 3018 2011 3069 con·

592 3135 790 3216 serventur,
820 3119 1015 3196 celsitudini
1042 3131 1156 3192 nostre
1184 3121 1315 3215 placet;
1347 3130 1487 3212 gratnm
1510 3119 1705 3214 quinimmo
1733 3131 1895 3214 gerentes
1917 3121 2012 3216 qnod

594 3248 735 3323 obsides
757 3267 846 3342 quos
871 3245 916 3318 de
942 3243 1147 3317 lombardia
1172 3245 1207 3315 in
1231 3265 1381 3338 regnam
1402 3265 1463 3338 per
1491 3254 1526 3316 te
1551 3245 1726 3318 transferri
1751 3245 2011 3337 mandavimus,

593 3373 777 3447 salubriter
799 3369 1020 3456 transtulisti,
1047 3377 1080 3440 et
1102 3368 1297 3460 justitiariis
1322 3369 1537 3464 Principatus
1562 3381 1598 3441 et
1625 3369 1727 3442 Terre
1748 3369 1891 3442 Laboris
1914 3371 2015 3461 juxta

594 3495 797 3570 mandatum
817 3503 933 3566 nostre
953 3491 1170 3564 celsitudinis
1193 3491 1391 3586 assignasti.
1418 3493 1470 3564 Da
1498 3493 1732 3564 Januensibus
1756 3513 1846 3586 quos
1873 3495 2017 3566 rebelles

595 3631 729 3694 nostros
744 3639 820 3692 esse
837 3615 1004 3710 scripsisti
1027 3625 1062 3690 et
1083 3615 1187 3689 valde
1204 3615 1458 3710 exploratores,
1482 3625 1597 3711 preter
1621 3615 1792 3688 licentiam
1811 3629 1846 3690 et
1862 3619 2017 3690 manda-

594 3755 669 3816 tum
687 3751 855 3830 nostrum,
875 3741 981 3814 immo
1001 3739 1046 3814 ad
1067 3738 1284 3813 tractandum
1304 3759 1374 3834 qne
1387 3737 1528 3811 honoris
1544 3739 1652 3812 nostri
1671 3761 1741 3813 non
1758 3751 1858 3830 sunt,
1879 3743 2021 3814 venisse

594 3865 784 3962 significas,
803 3866 967 3940 volumus
983 3873 1022 3936 ut
1040 3864 1153 3960 primo
1171 3883 1361 3958 cognoscas
1377 3863 1407 3934 si
1423 3861 1560 3935 licteras
1581 3873 1715 3936 nostras
1735 3865 1932 3936 securitatis
1950 3863 2020 3935 ha-

595 3993 717 4082 beant,
738 3991 766 4062 si
782 3989 886 4064 etiam
913 3997 1053 4084 propter
1076 3987 1236 4081 generale
1261 3985 1462 4060 mandatum
1481 3997 1637 4059 nostrum
1658 3987 1739 4059 olim
1768 3987 1957 4078 emissum,
1983 3998 2021 4058 nt

595 4137 716 4191 omnes
735 4113 891 4208 undique
911 4111 1094 4184 salubriter
1112 4120 1147 4184 et
1170 4120 1300 4182 secrete
1322 4109 1357 4180 in
1377 4128 1524 4202 regnum
1541 4109 1684 4182 ueniant
1706 4109 1767 4204 qui
1785 4109 1965 4182 voluerint
1987 4111 2021 4180 in

595 4237 830 4336 emptionibus
849 4257 965 4308 rerum
985 4235 1160 4308 venalium
1177 4231 1306 4306 ibidem
1329 4254 1433 4305 snum
1456 4231 1642 4306 comodum
1659 4243 1773 4328 preter
1789 4235 1942 4326 alicujus
1965 4235 2024 4304 in-

593 4365 721 4460 juriam
750 4381 953 4458 procurare,
982 4358 1030 4430 ad
1058 4355 1224 4431 emendas
1251 4377 1306 4430 ras
1334 4356 1475 4430 venales
1503 4355 1696 4451 specialiter
1720 4357 1901 4446 venerint,
1931 4368 1968 4428 et
1994 4357 2023 4426 si

597 4486 804 4583 compereris
828 4505 888 4558 eos
911 4483 1048 4556 venisse
1077 4503 1139 4577 pro
1166 4480 1397 4553 mercimoniis
1420 4490 1461 4553 nt
1484 4489 1537 4554 est
1562 4479 1713 4572 dictum,
1743 4501 1807 4552 nec
1833 4480 1976 4553 licteras
2003 4501 2023 4549 a

597 4613 696 4686 nobis
725 4609 917 4682 securitatis
945 4607 1096 4694 habere,
1127 4626 1190 4678 nec
1223 4615 1378 4677 nostrum
1410 4603 1631 4676 incomodum
1658 4604 1772 4700 palam
1800 4605 1858 4675 vel
1884 4602 2023 4676 occulte

597 4747 755 4826 tractare,
772 4732 925 4806 licentias
946 4751 1008 4804 eos
1024 4751 1103 4802 cum
1122 4729 1174 4803 eis
1193 4749 1264 4824 qua
1282 4737 1442 4802 emerunt
1456 4727 1501 4800 de
1520 4749 1640 4820 regno.
1661 4727 1811 4814 Quodsi
1831 4749 1903 4800 non
1924 4747 2024 4798 mer·
