4228 5892
467 549 530 612 tte
971 549 1184 612 istnuutcl
1204 550 1379 612 succum
1690 551 1771 634 [dur.
1790 553 1874 618 1239.

517 685 566 756 De
583 683 740 755 mandam
754 683 924 778 impe-icti
939 687 1028 776 sacto
1047 706 1109 778 per
1126 685 1274 777 judicem
1290 687 1425 756 Petrum
1443 683 1483 756 de
1507 685 1608 756 Vinea
1624 689 1758 782 empsit
1778 687 1818 758 P.
1839 688 1877 758 de

467 808 586 902 Capua
603 807 736 878 lictores
751 807 963 902 imperiales:

515 930 737 1020 Frederieus,
754 939 837 1024 etc,
853 932 1002 1006 Iohanni
1020 931 1066 1006 de
1078 933 1210 1030 ltaymo
1225 931 1271 1006 de
1283 931 1423 1028 Capua,
1436 940 1504 1005 etc.
1520 931 1564 1005 Ut
1579 932 1671 1006 circa
1684 933 1876 1008 custodiam

465 1062 500 1127 et
517 1053 746 1126 munitionem
762 1063 951 1128 castrorum
973 1065 1167 1128 nostrornm
1180 1053 1318 1151 Aprutii
1336 1054 1516 1150 diligentia
1531 1063 1566 1126 et
1578 1055 1712 1128 cantela
1725 1056 1877 1128 secndor

465 1177 652 1269 hoheatur,
682 1177 900 1273 providimus
926 1187 961 1252 et
986 1200 1062 1252 esse
1085 1180 1248 1252 novimus
1273 1189 1508 1274 opportunum
1535 1179 1629 1251 viros
1653 1176 1820 1274 providos
1843 1190 1877 1252 et

465 1297 586 1374 fideles
601 1299 648 1373 de
661 1321 769 1396 regno
789 1311 906 1375 nostro
927 1311 1096 1390 stetuere,
1116 1322 1265 1396 qnorum
1286 1301 1506 1398 providentia
1527 1311 1639 1375 castra
1662 1301 1739 1396 ipsa
1756 1311 1876 1376 custo-

464 1420 532 1495 diri
557 1422 708 1496 debeant
735 1422 781 1497 ed
805 1408 970 1498 honorem
996 1425 1103 1498 nostri
1130 1425 1292 1498 culminis
1317 1434 1353 1498 et
1378 1425 1516 1497 muniri.
1545 1425 1686 1521 Propter
1712 1425 1809 1518 qnod
1833 1424 1875 1499 de

463 1555 524 1620 tne
548 1546 765 1642 providentia
786 1557 821 1620 et
843 1547 1008 1622 fidelitate
1025 1546 1166 1638 contisi,
1187 1558 1222 1622 te
1240 1549 1455 1644 provisorem
1472 1558 1662 1622 caseorum
1685 1557 1875 1621 nostorum

463 1689 526 1766 per
538 1679 650 1743 totum
660 1671 919 1763 justitiariatum
931 1671 1069 1768 Aprutii
1082 1670 1665 1763 doximusstatnendnm,volentes
1679 1683 1775 1745 tuam
1788 1673 1875 1746 circe

463 1793 540 1890 ipse
569 1793 836 1868 sollicitudinem
865 1795 1029 1890 experiri.
1061 1796 1177 1881 Quare
1205 1795 1360 1870 fidelitati
1386 1807 1445 1868 tne
1474 1796 1628 1870 districte
1656 1795 1874 1891 precipiendo

462 1915 670 1990 mandamns
686 1927 858 2011 quatenns
876 1939 980 2013 snper
997 1917 1120 1992 eodem
1133 1919 1274 2010 negotio
1291 1929 1326 1992 te
1337 1918 1519 1992 sollicitum
1534 1918 1702 1991 exhibeas
1719 1927 1753 1990 et
1763 1929 1874 1991 atten-

462 2047 536 2110 tum
557 2040 753 2134 etsingulis
772 2041 881 2113 tribus
907 2043 1085 2114 mensibus
1103 2051 1212 2114 castra
1234 2043 1310 2138 ipsa
1327 2042 1553 2136 personaliter
1569 2042 1704 2132 visites,
1724 2051 1759 2114 et
1775 2041 1874 2114 redu·

450 2184 544 2236 ¹cens
554 2162 590 2233 in
602 2163 737 2258 scriptis
752 2165 1012 2238 castellanorum
1025 2165 1179 2254 nomine,
1192 2174 1301 2238 terras
1312 2174 1346 2238 et
1361 2165 1517 2238 civitates
1531 2143 1650 2238 eornm
1661 2173 1697 2236 et
1709 2174 1872 2236 statutum

355 2337 358 2342 -
462 2286 499 2358 in
517 2307 737 2380 unoquoque
759 2309 942 2360 nnmerum
965 2288 1208 2380 servientium,
1230 2288 1507 2382 uniuscnjusque
1530 2285 1635 2360 fidem
1658 2296 1694 2360 et
1710 2287 1873 2359 sollieitu-

461 2407 580 2483 dinem
594 2409 793 2504 diligentius
805 2411 974 2505 inquires,
986 2423 1021 2485 et
1033 2411 1062 2482 ei
1078 2432 1183 2504 quem
1196 2410 1328 2483 videris
1338 2409 1604 2498 removendum,
1617 2410 1803 2482 substituto
1815 2433 1873 2506 per

461 2542 496 2606 te
511 2533 579 2607 alio
597 2533 642 2606 de
657 2535 755 2606 terris
772 2535 926 2608 domenii
945 2535 1054 2607 nostri
1072 2533 1118 2608 de
1132 2533 1461 2625 oonsilioJostitiarii
1474 2532 1664 2606 stallorum
1680 2542 1873 2606 nostrornm

461 2654 615 2730 fidelium
632 2657 801 2752 regionis,
821 2659 883 2752 qui
898 2656 1010 2730 tidelis
1024 2657 1083 2749 sit,
1104 2655 1149 2729 de
1163 2677 1288 2748 genere
1302 2655 1457 2729 fidelium
1473 2666 1569 2728 ortus
1580 2655 1747 2750 omnique
1764 2657 1874 2750 suspi-

460 2781 559 2852 cione
577 2789 709 2866 careat,
731 2780 829 2852 illum
848 2781 977 2854 debeas
993 2801 1188 2871 removere,
1215 2781 1409 2854 castellanis
1431 2781 1588 2876 exceptis
1605 2779 1872 2873 snbsoriptornm

462 2911 649 2998 castrorum
669 2925 758 2998 qnos
783 2902 892 3004 [com]
917 2925 964 2978 ex
991 2914 1084 2977 certe
1109 2905 1254 2977 scientis
1281 2914 1397 2976 nostra
1423 2905 1540 2976 statuti
1564 2903 1693 2974 luerint
1713 2922 1782 2975 non
1808 2903 1871 2976 nisi

461 3023 688 3100 demandato
714 3035 830 3101 nostro
852 3028 1010 3100 volumus
1028 3028 1217 3117 removeri,
1240 3036 1275 3098 et
1298 3029 1388 3100 lucta
1407 3047 1471 3122 per
1495 3037 1529 3098 te
1552 3025 1774 3121 inquisitione
1799 3033 1872 3119 post

418 3225 421 3232 ,
461 3149 687 3223 remotionem
705 3151 814 3246 ipsius
840 3151 984 3224 anchis
1002 3161 1064 3256 ent
1085 3173 1105 3222 e
1129 3160 1163 3224 te
1189 3161 1229 3224 ut
1246 3149 1402 3224 diximus
1429 3149 1641 3241 laciendum,
1668 3169 1746 3221 eam
1763 3149 1873 3241 justi-

461 3271 561 3344 tiario
578 3273 731 3366 regionis
747 3275 903 3368 assignes
924 3285 963 3346 ut
982 3277 1085 3368 juxta
1100 3273 1333 3369 inquisitionis
1354 3295 1416 3369 per
1436 3282 1470 3346 te
1490 3275 1578 3348 lecte
1600 3282 1661 3346 aut
1684 3294 1746 3368 per
1764 3273 1871 3364 justi-

461 3394 600 3467 tiarinm
620 3395 651 3468 si
669 3395 836 3492 expedire
852 3397 983 3470 videris
1006 3398 1131 3470 iterum
1149 3394 1308 3468 iaciendo
1324 3396 1444 3469 merite
1460 3395 1638 3492 puniatur.
1662 3395 1705 3468 lit
1723 3415 1768 3467 ne
1789 3396 1872 3468 lorte

461 3519 636 3591 oestellnni
661 3521 720 3594 vel
738 3521 928 3594 servientes
949 3543 1069 3596 corum
1094 3531 1156 3594 aut
1172 3520 1326 3616 ipsorum
1348 3521 1454 3616 aliqui
1478 3521 1570 3594 dem
1595 3520 1645 3591 toi
1665 3519 1871 3615 prescientes

460 3641 652 3735 adventus,
675 3645 737 3738 qni
757 3645 948 3742 culpabiles
965 3655 1080 3718 essent
1103 3655 1137 3718 et
1159 3667 1246 3741 pena
1270 3643 1384 3738 digni,
1402 3644 1530 3718 dolosis
1550 3643 1713 3717 versutiis
1730 3663 1871 3738 premu-

461 3765 543 3853 niti,
573 3789 610 3840 se
632 3768 737 3840 intui
759 3771 930 3865 presentia
954 3779 1070 3865 gratos
1095 3769 1301 3859 exhibeant,
1324 3771 1460 3864 ingrata
1485 3779 1642 3862 gerentes
1666 3788 1773 3862 opera
1795 3775 1870 3862 post

460 3910 652 3981 recessum,
675 3901 715 3964 ut
738 3893 839 3988 plene
863 3894 926 3966 tibi
951 3895 1081 3988 liqueat
1108 3894 1154 3967 de
1176 3893 1338 3984 occultis,
1362 3893 1522 3966 volumus
1545 3901 1582 3966 et
1603 3890 1809 3964 mandamus
1833 3896 1870 3959 nt

460 4013 693 4108 persingulas
710 4017 867 4089 civitates
889 4027 924 4088 et
943 4016 1101 4089 terracin
1119 4015 1247 4110 quibus
1266 4026 1377 4089 casua
1389 4027 1486 4108 snnt,
1509 4015 1598 4088 dnos
1614 4013 1659 4088 de
1671 4012 1869 4085 melioribus

461 4133 598 4207 civibus
619 4138 818 4211 earumdem
843 4137 913 4210 lide
939 4137 1065 4233 dignos
1088 4139 1216 4230 eligas,
1237 4140 1298 4233 qni
1310 4139 1508 4230 juramento
1529 4138 1670 4233 prestito
1693 4143 1869 4208 teneantur

460 4258 615 4352 qualibet
628 4259 851 4333 hebdomada
870 4282 939 4333 non
956 4263 1059 4334 certis
1074 4272 1108 4334 et
1119 4263 1256 4334 stetutis
1272 4261 1397 4336 dicbus
1416 4273 1565 4336 cestrum
1588 4260 1691 4334 simul
1706 4239 1743 4331 et
1757 4257 1868 4330 subito

461 4380 588 4454 intrare
610 4393 645 4454 et
667 4393 736 4455 tam
764 4384 940 4456 castellani
963 4407 1068 4479 qnam
1093 4386 1304 4459 servientum
1331 4405 1445 4458 mores
1472 4393 1667 4457 scrutentur
1690 4391 1725 4453 et
1748 4389 1864 4466 actos,

460 4504 594 4576 oculato
612 4505 715 4577 etiem
733 4504 802 4578 tide
819 4507 1028 4602 perspicient
1043 4509 1072 4579 si
1094 4517 1241 4580 statutus
1259 4507 1389 4580 ibidem
1406 4529 1570 4580 numerus
1584 4506 1768 4592 habeatur,
1784 4511 1819 4574 et
1838 4499 1866 4570 si

460 4621 522 4696 fiat
540 4625 671 4700 ibidem
691 4629 952 4724 aliquod‘qnod
977 4631 1182 4704 castellanus
1204 4631 1308 4704 vellet
1327 4631 1468 4704 forsitan
1488 4641 1523 4703 te
1543 4631 1665 4720 latere,
1688 4627 1789 4722 plene
1810 4622 1865 4696 tihi
