4350 5922
283 515 378 574 boner.
398 511 457 596 l⁰.]
732 513 927 574 HISTORIA
951 511 1242 576 blruotlltrlcll.
1654 507 1694 570 50

284 649 449 722 lrnlridus
468 647 518 746 (a)
541 651 587 724 de
608 649 810 746 llintperclr,
835 651 1030 724 Hadmarus
1060 649 1105 724 de
1129 645 1396 735 Sunnenberch,
1422 653 1458 718 et
1484 644 1543 718 alii
1567 666 1694 738 quam-

304 775 408 848 lures.

282 797 305 870 p
329 902 455 971 Datum
476 899 643 990 Wienne,
664 922 756 974 anno
780 899 953 973 dominice
976 898 1220 972 incarnationis
1240 895 1361 971 lll⁰CC⁰
1372 895 1556 983 xxxv110,
1577 913 1696 967 mense

284 1024 413 1118 aprilis,
441 1021 577 1096 decime
600 1021 815 1117 indictionis,
844 1025 977 1120 imperii
1003 1025 1109 1096 nostri
1129 1022 1176 1120 (b)
1196 1044 1287 1095 anno
1314 1021 1447 1111 xvnr,
1473 1019 1572 1112 regni
1594 1020 1694 1091 Jeru-

284 1149 386 1222 salem
404 1149 494 1240 Xll·,
513 1149 611 1242 regni
630 1169 713 1222 vero
730 1148 847 1222 Sicilie
862 1147 1060 1240 XXXVssP,
1081 1147 1237 1220 feliciter.
1254 1145 1378 1219 Amen.

493 1433 746 1446 ——--——----.-0.
754 1437 909 1445 .---..--
917 1437 1073 1446 .-..---..---
1080 1439 1089 1444 -
1097 1439 1143 1445 -.-.
1150 1439 1174 1445 -
1194 1437 1227 1446 η-
1234 1437 1319 1446 ...—·-.--
1325 1435 1478 1446 ----—---

333 1683 572 1788 inidoneus,
611 1683 871 1768 Romanorum
911 1684 1133 1794 imperator,
1172 1683 1316 1770 Novam
1356 1683 1552 1766 Civitatem
1586 1681 1696 1792 juxte

291 1817 491 1901 Wiennam
514 1817 555 1898 in
584 1843 695 1900 suam
724 1827 762 1900 et
783 1817 932 1927 imperii
958 1818 1141 1901 ditionem
1166 1816 1384 1899 immediate
1412 1817 1563 1925 recipit,
1586 1817 1697 1926 eique

289 1951 418 2034 eadem
452 1951 651 2061 privilegia
682 1959 720 2034 et
747 1949 942 2034 libertates
973 1977 1070 2062 quas
1105 1949 1382 2033 Viennensibus
1422 1949 1583 2034 contulit
1617 1953 1698 2031 im-

287 2086 454 2198 pertitus.

363 2295 497 2374 (Edlder.
514 2296 682 2368 llomvn,
696 2291 802 2356 Arrlin
815 2295 853 2356 ad
875 2310 946 2356 ann.
968 2303 1063 2371 18²8,
1080 2311 1111 2372 p.
1128 2305 1197 2356 att.
1210 2327 1250 2342 -
1268 2295 1376 2368 Hueo,
1394 2294 1447 2354 Die
1459 2291 1694 2376 Mediatirirnnq,

399 2421 431 2481 p.
448 2411 505 2464 aar
515 2423 524 2477 ;
533 2402 621 2464 ambo
628 2411 729 2464 nmen
738 2403 892 2476 mendose,
902 2403 975 2464 dum
988 2408 1137 2480 praeterea
1150 2400 1402 2463 confirmationem
1416 2399 1455 2462 ab
1468 2404 1532 2478 lpse
1547 2401 1696 2462 Frlderlco

401 2509 531 2570 secundo
543 2509 692 2570 ludultam
708 2507 870 2572 exhibeant
882 2509 938 2570 sub
950 2509 997 2570 hle
1009 2526 1085 2586 quae
1102 2525 1220 2570 omnem
1239 2525 1359 2570 mosum
1372 2508 1521 2568 excedunt
1533 2509 1696 2570 chronolo-

401 2618 476 2694 glots
488 2619 567 2678 notis
583 2635 591 2675 ε
607 2615 682 2678 neta
695 2623 766 2678 runt
778 2613 829 2676 lec
846 2617 880 2676 in
892 2616 995 2678 metria
1008 2613 1090 2696 apud
1106 2616 1260 2678 Wicnnnnr
1275 2633 1354 2676 enno
1374 2615 1585 2676 incarnationis
1597 2613 1696 2676 domi-

400 2723 464 2784 nice
476 2722 614 2795 MCCH,
636 2722 742 2784 decime
758 2721 1143 2802 incomminatione
1163 2740 1214 2784 eos
1232 2723 1448 2801 exemplarlbus
1466 2723 1552 2784 valde
1574 2723 1695 2784 adulte-

399 2832 470 2891 retls
483 2847 552 2892 usos
565 2829 656 2892 luisse
672 2829 743 2910 (t).)

331 3013 368 3082 ln
385 3011 526 3108 nomine
544 3021 661 3086 sancte
675 3021 709 3085 et
729 3011 915 3085 individue
930 3011 1114 3084 Trinitatis.
1140 3011 1333 3084 Fridericus
1357 3011 1552 3104 secundus,
1574 3011 1695 3084 divina

289 3137 418 3210 favente
441 3137 622 3209 clementia
648 3139 880 3209 Romanorum
907 3137 1091 3231 imperator
1115 3158 1250 3231 semper
1270 3146 1457 3230 augustus,
1482 3135 1694 3208 Hierusalem

291 3269 320 3332 et
341 3260 457 3333 Sicilie
488 3282 564 3333 rex.
583 3261 775 3334 Romanum
798 3261 983 3356 imperium
1001 3260 1047 3332 ad
1066 3260 1243 3333 tuitionem
1265 3259 1364 3349 fidei,
1386 3271 1453 3335 etc.
1473 3257 1636 3358 [Sequetur
1655 3263 1695 3334 de

288 3387 378 3456 verbo
398 3383 445 3455 cd
460 3385 596 3456 certem
611 3385 697 3455 nont
715 3387 753 3454 in
763 3385 939 3478 privitepio
952 3383 1185 3478 eoncedente,
1205 3384 1272 3454 nisi
1290 3383 1375 3476 qnod
1391 3405 1453 3479 pro
1471 3384 1566 3456 cives
1585 3385 1694 3457 Vien-

290 3529 407 3580 nenses
423 3507 543 3581 fideles
565 3509 672 3580 nostri
690 3509 811 3602 lepitnr
829 3508 924 3581 cives
942 3509 1038 3580 Nove
1056 3507 1211 3580 Civitatis
1231 3507 1349 3581 fideles
1370 3508 1478 3580 nostri
1496 3521 1527 3580 et
1547 3521 1691 3599 caetero,

288 3636 418 3705 natatis
435 3631 636 3732 mutandis]

321 3809 361 3890 (a)
385 3810 466 3871 Allbl
479 3807 646 3890 lanfridus,
661 3809 749 3872 male.

323 3914 361 3995 (l)
382 3917 491 3978 Forma
503 3933 624 3996 prorsus
636 3916 753 3978 insolita
765 3931 862 3995 neque
874 3915 913 3976 ad
926 3915 1017 3976 fldem
1029 3916 1180 3994 originalls
1192 3916 1311 3976 chartae
1325 3916 1554 3977 accommodate.

562 4069 992 4078 --o-—n-—on—-m-——o-*u
1000 4069 1020 4074 --
1027 4069 1031 4074 -
1039 4069 1129 4076 ...υ-.-
1136 4067 1446 4075 -.-.--—.--—-—·-·

318 4153 354 4226 (t)
373 4155 431 4211 lloc
452 4153 622 4227 privilegium
639 4153 716 4210 valde
738 4152 850 4210 dubium
871 4169 904 4208 ex
922 4152 980 4210 aliis
996 4153 1077 4210 etiam
1095 4153 1183 4210 causis
1201 4153 1356 4210 habendum
1373 4169 1523 4212 censemus.
1542 4155 1691 4212 Fridericus

287 4251 351 4307 enim
369 4251 494 4309 dustriae
510 4251 579 4323 dux,
600 4257 664 4308 tunc
681 4250 837 4323 imperatori
851 4250 996 4322 rebellans,
1014 4251 1084 4326 apud
1103 4252 1205 4308 Novam
1222 4251 1364 4308 Civitatem
1385 4253 1558 4329 (Naustadt)‚
1573 4261 1604 4310 ut
1621 4253 1690 4310 inlra

287 4345 368 4404 videre
387 4348 453 4420 erit,
468 4348 573 4405 assidue
593 4345 765 4418 morabatur,
782 4345 830 4402 ubi
849 4346 929 4403 etiam
951 4363 1021 4406 anno
1035 4350 1104 4404 taes
1118 4348 1218 4405 sororis
1239 4364 1304 4406 suae
1325 4350 1432 4422 nuptias
1450 4367 1512 4406 cum
1530 4350 1690 4424 thuringiae

287 4440 435 4516 landgravio
445 4443 600 4501 celebravit.
615 4445 675 4514 Qua
688 4451 777 4502 mente
791 4446 937 4518 imperator
950 4451 1024 4502 tanta
1039 4445 1199 4502 liberalitate
1212 4461 1276 4518 erga
1289 4445 1362 4503 cives
1375 4446 1426 4503 eibi
1440 4447 1612 4506 adversantes
1624 4465 1690 4507 usus

284 4535 360 4598 luerit
373 4556 427 4598 non
439 4539 509 4598 bene
528 4543 721 4616 comperimus,
737 4542 788 4600 nisi
801 4543 975 4616 conjiciamus
988 4543 1060 4617 quod
1078 4543 1130 4600 hac
1152 4548 1211 4601 arte
1225 4543 1333 4602 eosdem
1346 4543 1399 4602 sibi
1419 4545 1571 4604 alliciendos
1589 4545 1689 4604 Fride-

284 4634 348 4696 bcvs
360 4637 517 4712 speraverit.

1778 1687 1843 1743 aper

1745 1741 1877 1798 wlmaro,

1776 1797 1850 1852 nprlll·
