4278 5920
231 591 328 654 butor.
353 590 414 676 lt]
681 589 879 652 ttlstonla
904 590 1199 654 DleoldATlCA.
1586 591 1646 652 las

232 727 417 800 &marana
444 727 563 818 miles,
593 723 741 798 dilectus
768 725 882 801 fidelis
908 737 1037 817 noster,
1064 727 1160 824 apud
1188 727 1344 800 Brixiam
1371 726 1473 800 nobis
1502 725 1647 800 feliciter

234 851 481 941 existentibus,
512 871 628 924 coram
654 857 770 922 nostra
796 850 1000 922 celsitudine
1027 853 1233 932 constitutus
1259 871 1323 924 ena
1351 849 1451 922 nobis
1483 851 1647 944 petitione

234 978 438 1048 monstravit
460 974 557 1068 qnod
574 975 729 1047 nonnulli
750 975 908 1048 homines
930 975 975 1048 de
993 976 1148 1070 partibus
1165 972 1370 1048 Lombardie
1391 973 1647 1066 requisiverunt

234 1121 312 1174 enm
326 1096 367 1171 ¹ut
383 1100 465 1194 quia
484 1109 624 1194 propter
642 1099 809 1173 bellorum
827 1099 1026 1172 discrimina
1043 1112 1078 1172 et
1097 1099 1359 1194 oppressionum
1371 1097 1647 1191 importunitates

235 1221 362 1315 quibua
380 1223 510 1295 ibidem
539 1221 773 1318 multipliciter
790 1222 1043 1315 gravabantur,
1068 1221 1114 1294 ab
1137 1221 1218 1294 inde
1241 1222 1386 1294 totaliter
1408 1220 1587 1293 discedere
1613 1231 1648 1294 et

237 1344 329 1440 apud
348 1348 496 1418 insulam
517 1345 635 1418 Sicilie
652 1367 755 1417 suum
774 1347 956 1418 transferre
977 1346 1175 1420 desiderant
1200 1346 1406 1426 incolatum,
1425 1345 1455 1416 si
1472 1344 1517 1418 de
1536 1346 1648 1439 impe·

237 1469 328 1541 rialis
342 1470 557 1542 celsitudinis
579 1469 781 1565 procederet
799 1469 1016 1564 beneplacito
1038 1482 1072 1542 et
1090 1469 1252 1543 mandato
1274 1478 1314 1540 ut
1332 1469 1579 1542 concederetur
1597 1471 1648 1543 eis

237 1592 335 1664 locus
359 1602 474 1666 certus
499 1595 536 1665 in
564 1594 687 1666 eadem
710 1593 822 1664 insula
846 1593 908 1664 ubi
939 1593 1023 1664 dicti
1049 1593 1206 1666 homines
1230 1592 1275 1665 de
1303 1592 1468 1687 predictis
1495 1595 1649 1687 partibus

237 1717 440 1790 lombardie
453 1718 500 1790 ad
516 1717 643 1790 dictam
659 1717 806 1788 insulam
825 1739 927 1788 snum
945 1719 1189 1788 transferentes
1203 1717 1417 1789 domicilium
1434 1738 1512 1787 curn
1529 1739 1649 1790 eornm

237 1841 389 1932 familiis,
413 1841 621 1914 animalibus
643 1850 678 1912 et
696 1840 870 1912 massariis
887 1840 1068 1912 commode
1081 1841 1220 1912 valeant
1238 1839 1441 1913 commorari
1455 1841 1521 1912 sub
1542 1841 1651 1914 felicis

238 1947 345 2037 nostri
368 1966 516 2037 nominis
538 1965 726 2058 regimine,
745 1965 791 2036 ad
810 1965 996 2058 imperialis
1022 1973 1137 2037 nostre
1153 1963 1365 2036 celsitudinis
1386 1964 1648 2054 exaltationem,

237 2088 380 2182 gloriam
405 2097 440 2162 ct
461 2089 642 2162 bonorem.
665 2089 713 2160 Cu
730 2111 772 2160 us
789 2089 1100 2182 supplicationibus
1124 2089 1277 2160 inclinati
1305 2090 1419 2160 locum
1437 2090 1497 2182 qui
1526 2089 1653 2160 dicitur

237 2214 443 2308 Scnppellns
464 2215 568 2285 situm
586 2212 622 2282 in
641 2212 762 2284 eadem
784 2212 897 2284 insula
920 2213 1035 2284 Sicilie
1058 2213 1094 2284 in
1121 2214 1213 2285 valle
1237 2213 1384 2284 Mazarie
1409 2214 1498 2284 ultra
1524 2213 1652 2286 llumen

238 2338 372 2408 Salsum
391 2359 470 2408 cnm
492 2345 564 2408 toto
581 2336 728 2433 tetrior?
748 2363 759 2407 r
778 2345 814 2408 et
831 2336 986 2408 districtu
1008 2357 1073 2409 suo
1096 2345 1132 2409 et
1151 2337 1288 2428 juribus
1309 2337 1382 2408 suis
1401 2335 1565 2430 predictis
1592 2337 1655 2409 ho-

238 2460 392 2532 minibus
408 2459 610 2532 lombardie
625 2469 660 2531 et
674 2459 835 2532 omnibns
857 2459 933 2532 aliis
955 2460 1016 2554 qui
1040 2460 1085 2532 dc
1103 2460 1265 2555 predictis
1282 2460 1438 2554 partibus
1456 2460 1502 2532 ad
1523 2460 1655 2532 dictum

239 2585 411 2680 Scnppelli
428 2587 541 2656 locum
557 2604 718 2678 processu
739 2584 902 2678 temporis
917 2605 955 2656 se
971 2586 1146 2656 conserent
1165 2584 1212 2656 ad
1225 2583 1450 2656 habitandum
1472 2583 1604 2656 ibidem
1621 2593 1657 2656 et

240 2707 369 2781 exinde
387 2707 587 2781 laciendum
606 2730 668 2802 per
685 2706 847 2779 eumdem
865 2681 1045 2780 Oddonem
1073 2707 1107 2780 et
1125 2707 1269 2780 heredes
1286 2710 1378 2800 ejus,
1399 2717 1500 2802 prout
1515 2708 1566 2780 eis
1584 2729 1657 2781 me·

240 2831 308 2904 lius
323 2833 437 2904 visum
452 2833 552 2904 luerit
564 2831 746 2926 expedire,
767 2831 812 2904 de
831 2831 1015 2926 imperialis
1032 2841 1149 2904 nostro
1162 2831 1437 2904 mansuetudinis
1455 2832 1565 2925 gratia
1580 2851 1658 2926 spe-

240 2955 318 3028 ciali
347 2957 613 3050 inperpetuum
646 2954 811 3027 duximus
839 2953 1112 3028 concedendum.
1143 2956 1271 3028 Verum
1302 2955 1386 3048 quia
1417 2955 1532 3028 dictus
1561 2955 1658 3027 locus

241 3080 416 3174 Scnppelli
434 3101 505 3152 non
524 3087 597 3152 erat
626 3079 723 3152 Iocus
746 3078 922 3150 sufficiens
945 3100 1013 3150 neo
1035 3089 1137 3174 aptus
1160 3077 1292 3150 eisdem
1315 3078 1514 3151 bominibus
1531 3069 1577 3150 'ad
1597 3078 1659 3151 ha·

242 3200 445 3294 bitandnm,
467 3203 581 3276 dictus
606 3201 707 3276 Oddo
733 3203 941 3297 supplicavit
959 3211 1075 3274 nostre
1094 3202 1260 3296 majestati
1284 3202 1461 3274 humiliter
1478 3211 1512 3274 et
1530 3201 1659 3276 devote

244 3334 282 3396 ut
300 3334 424 3398 terram
443 3325 621 3398 Corilionis
633 3325 733 3398 sitam
751 3326 786 3397 in
804 3325 957 3420 predicta
974 3325 1215 3399 insulanostra
1229 3325 1389 3397 Siciliain
1406 3325 1495 3398 valle
1510 3325 1658 3400 Mazario

244 3449 333 3520 ultra
351 3449 480 3522 flumen
496 3449 631 3520 Salsum
646 3470 715 3542 qne
730 3457 781 3520 est
801 3448 845 3521 de
863 3449 1024 3522 demanio
1041 3457 1155 3522 nostre
1169 3449 1265 3521 curie
1279 3470 1360 3520 cum
1373 3457 1444 3522 toto
1465 3450 1654 3541 territorio,

245 3571 312 3644 situ
332 3581 368 3644 et
380 3572 547 3646 districtu.
561 3593 639 3659 suo,
659 3593 739 3643 cnm
757 3572 976 3662 nemoribus,
997 3573 1155 3666 pascuis,
1172 3571 1286 3664 aquis,
1305 3572 1403 3644 terris
1421 3574 1487 3643 snb
1505 3573 1605 3666 aquis
1623 3584 1658 3646 et

246 3697 321 3768 sinc
336 3695 447 3790 aquis,
464 3697 561 3768 terrie
575 3695 731 3768 aratoriis
747 3705 782 3766 et
793 3695 869 3767 aliis
885 3695 1166 3788 quibuscumque
1181 3696 1352 3786 casalinis,
1367 3695 1498 3790 prediis
1513 3697 1658 3770 urbanis

245 3828 279 3890 et
293 3819 475 3892 rusticanis
490 3842 510 3893 e
531 3819 652 3892 nsdem
671 3832 759 3892 terre
771 3828 806 3892 et
821 3841 899 3890 cnm
911 3820 1073 3890 omnibus
1082 3818 1233 3911 juribus,
1249 3820 1451 3909 rationibus,
1465 3821 1607 3912 justitiis
1622 3830 1666 3894 et·

246 3941 460 4036 pertinentiis
471 3941 623 4035 suisque
636 3941 728 4014 dieta
743 3951 832 4014 terra
844 3941 952 4014 babet
966 3951 999 4012 et
1012 3942 1140 4013 habere
1153 3951 1264 4036 potest
1278 3942 1441 4036 predictis
1457 3943 1657 4018 bominibus

246 4064 452 4138 lombardie
473 4073 508 4138 et
524 4065 600 4138 aliis
617 4064 679 4158 qni
698 4065 744 4139 de
769 4064 930 4158 predictis
955 4065 1109 4158 partibus
1129 4067 1212 4138 illuc
1229 4087 1267 4138 se
1283 4069 1465 4140 transferre
1483 4071 1656 4141 voluerint

246 4197 280 4260 ct
294 4189 551 4261 successoribus
570 4209 690 4262 eorum
712 4188 759 4262 ad
775 4188 1002 4262 habitandum
1024 4189 1153 4262 ibidem
1175 4200 1211 4263 et
1229 4190 1358 4264 exinde
1379 4192 1575 4266 iaciendum
1593 4216 1656 4289 per

246 4313 407 4386 eumdem
422 4311 601 4386 Oddonem
615 4322 651 4385 et
665 4312 811 4385 heredes
826 4314 920 4404 ejus,
941 4322 1043 4408 prout
1060 4313 1110 4385 eis
1127 4314 1163 4384 in
1181 4324 1386 4410 perpetuum
1401 4317 1525 4390 melius
1540 4317 1654 4390 vuum

248 4436 350 4508 inerit
368 4437 554 4531 expedire,
574 4445 608 4508 ot
625 4436 721 4530 qnod
743 4458 864 4510 omnes
886 4437 1098 4509 habitatores
1122 4438 1301 4510 Corilionis
1325 4439 1361 4510 in
1379 4441 1576 4514 nemoribus
1592 4441 1654 4516 de·

248 4559 352 4631 manii
371 4570 485 4633 nostre
502 4561 596 4633 curie
621 4560 776 4656 predicte
800 4571 888 4632 terre
907 4560 1086 4634 Corilionie
1109 4572 1145 4636 et
1169 4562 1337 4635 territorio
1359 4565 1434 4656 ejus
1461 4564 1653 4639 circumad·

245 4682 437 4772 jacentibus
459 4684 553 4778 ligna
569 4683 651 4757 viva
671 4704 734 4780 pro
751 4683 913 4757 domibus
932 4695 966 4757 ot
983 4686 1123 4758 ruribus
1141 4687 1243 4759 etiam
1263 4709 1305 4760 ac
1327 4697 1464 4762 mortua
1484 4710 1547 4783 pro
1573 4689 1654 4782 igne

323 4803 364 4867 V.
1457 4821 1493 4875 rt
