4224 5898
500 538 561 600 306
1001 539 1214 602 turbanter
1239 540 1413 602 suctum
1722 543 1800 628 [dns.
1821 545 1904 608 l239.

500 673 669 746 dientium
696 674 917 763 scandalum,
946 697 1015 750 non
1041 675 1202 760 auderet,
1219 697 1281 771 pro
1305 697 1376 770 qua
1401 675 1502 748 nobis
1529 695 1593 771 par
1615 679 1799 773 specialem
1821 703 1908 752 nou·

500 798 593 870 cium
612 819 714 870 snum
728 796 799 869 lide
812 798 970 891 dignum,
989 801 1089 890 cujus
1103 799 1149 872 ad
1166 800 1231 874 hnc
1246 799 1480 872 testimonium
1498 801 1797 893 invocamus,.ore
1810 812 1907 877 tenus

498 941 661 1016 expresse
687 921 842 1014 promisit
871 921 967 1016 qnod
1002 923 1033 994 si
1060 923 1242 1016 negocium
1271 922 1544 996 lombardorum
1568 925 1614 996 in
1641 927 1719 1016 ejus
1748 927 1908 998 manibus

497 1063 722 1138 poneremus,
745 1065 790 1116 ne
806 1043 891 1116 dum
909 1044 1003 1138 quod
1026 1045 1062 1120 in
1082 1046 1199 1141 aliquo
1221 1045 1516 1140 magnificentiam
1531 1055 1683 1120 nostram
1698 1049 1904 1138 offenderet,

496 1167 738 1240 verumetiam
753 1167 857 1240 totius
874 1169 968 1240 orbis
979 1167 1149 1259 decimas,
1168 1173 1270 1242 Terre
1287 1171 1413 1242 Sancte
1425 1171 1685 1246 nooeedtatibna
1703 1171 1903 1267 deputatas,

496 1291 622 1364 nostris
656 1291 775 1362 usibne
799 1292 996 1386 applicaret.
1028 1294 1100 1366 Nec
1128 1303 1180 1366 est
1208 1293 1346 1366 mirum.
1373 1293 1583 1368 laetantibus
1611 1293 1703 1366 euim
1730 1304 1765 1366 et
1797 1297 1906 1368 acutas

495 1414 764 1488 lombardorum
793 1416 921 1488 aculeis
946 1416 1183 1511 pungebatur,
1206 1418 1336 1510 quibus
1358 1425 1460 1513 pmut
1485 1418 1678 1511 ab'qnorum
1697 1419 1906 1513 prelatorum

494 1539 708 1612 confessione
726 1539 941 1634 accepimus,
966 1538 1012 1612 de
1029 1539 1221 1614 asdstendo
1238 1539 1288 1612 eis
1303 1548 1423 1613 contre
1444 1561 1507 1612 noe
1525 1549 1560 1612 et
1579 1541 1759 1634 imperium
1783 1563 1906 1635 corpo-

495 1662 566 1734 rale
592 1663 740 1757 prestitit
764 1665 1016 1755 juramentum,
1046 1653 1126 1735 cim
1153 1685 1212 1738 eos
1241 1663 1539 1758 peregrinantibus
1566 1664 1666 1736 nobis
1690 1658 1905 1758 inpartibus

494 1785 593 1879 Syrie
614 1806 675 1878 pro
703 1784 843 1856 servitio
868 1785 948 1858 lesu
977 1785 1120 1876 Christi,
1149 1787 1336 1860 transmisit
1358 1787 1395 1858 iu
1416 1808 1583 1880 regnum,
1604 1787 1667 1859 sed
1691 1807 1772 1858 cnm
1797 1787 1904 1880 turpis

493 1909 597 1982 luerit
627 1909 692 1980 isla
724 1909 928 2002 promissio,
956 1907 1061 1984 fidem
1088 1911 1246 2005 frangere
1272 1911 1365 1982 licite
1393 1919 1525 2006 poterat
1553 1921 1588 1982 et
1615 1909 1746 1983 editum
1771 1911 1904 1982 variare

493 2030 682 2102 decretum.
704 2032 742 2102 ln
760 2055 909 2126 quornm
927 2033 1080 2108 savorem
1098 2056 1171 2106 rem
1189 2033 1311 2106 auditu
1326 2033 1523 2108 horribilem
1541 2041 1575 2104 et
1593 2032 1799 2106 discretione
1812 2055 1903 2127 qua-

492 2151 578 2224 libet
591 2173 633 2224 ac
649 2154 782 2227 ratione
794 2163 978 2248 carentem,
990 2157 1102 2230 lacere
1113 2155 1255 2227 minime
1266 2154 1477 2228 formidavit.
1494 2155 1580 2228 Cum
1598 2155 1690 2226 euim
1701 2176 1809 2248 per...
1825 2157 1900 2228 Per·

491 2296 707 2368 gameusem,
728 2277 769 2348 G.
784 2278 1019 2367 Brixiensem,
1039 2281 1081 2350 Η.
1097 2279 1347 2352 cumanensem
1365 2279 1563 2374 episcopos,
1582 2287 1617 2350 et
1633 2279 1898 2372 aliosprclatos,

492 2419 555 2470 uos
578 2400 704 2472 laceret
729 2399 907 2474 admoneri
930 2401 1027 2497 quod
1050 2404 1107 2475 val
1125 2402 1393 2477 satisfactionem
1419 2401 1686 2478 lombardorum
1710 2423 1772 2497 per
1789 2403 1900 2496 ipsum

492 2521 698 2596 deberemus
714 2525 889 2620 accipere,
909 2527 966 2600 vel
985 2537 1123 2620 treugas
1136 2529 1312 2621 prolerre
1330 2527 1453 2602 Sancte
1469 2525 1627 2602 subsidio
1643 2547 1705 2620 per
1715 2526 1901 2620 quadrien·

492 2647 608 2738 nium,
628 2655 666 2717 ut
684 2647 974 2741 supradiximus,
995 2649 1143 2722 indictas
1161 2651 1345 2722 observare
1359 2649 1577 2738 Lambardis,
1597 2670 1675 2722 cum
1692 2649 1737 2720 ab
1752 2649 1904 2722 indicta-

491 2791 569 2842 rum
584 2778 782 2862 treugarum
796 2779 948 2865 tempore
956 2771 1027 2862 jam
1040 2771 1329 2866 quinquiennium
1345 2762 1561 2856 excessisset,
1584 2789 1717 2863 nosque
1728 2790 1803 2842 rem
1817 2771 1903 2842 tanti

492 2891 623 2966 consilii
648 2892 692 2964 ad
722 2891 1004 2967 deliberationem
1033 2904 1228 2968 nostrorum
1257 2893 1412 2968 fidelium
1441 2891 1577 2968 modion
1603 2892 1766 2986 temporis
1791 2895 1903 2988 spatio

492 3036 747 3108 servassemus,
775 3017 1000 3090 monitoribus
1025 3017 1129 3113 ipsis,
1159 3019 1205 3092 de
1227 3017 1473 3113 appmbatione
1494 3016 1601 3110 legati
1622 3016 1770 3111 predicti
1792 3017 1831 3088 G.
1855 3017 1903 3092 de

491 3139 607 3212 Monte
624 3141 741 3233 Longo
757 3139 936 3231 videlicet,
961 3142 1023 3236 qui
1047 3140 1143 3236 apud
1162 3141 1436 3216 Mediolanenses
1459 3139 1596 3212 interim
1614 3140 1828 3228 morabatur,
1849 3141 1902 3212 in·

493 3262 613 3336 ducias
634 3263 905 3360 approbantibus
927 3263 1158 3358 supradictas,
1182 3275 1285 3358 prout
1309 3265 1375 3338 bec
1397 3265 1513 3337 omnia
1534 3262 1670 3357 liquido
1693 3265 1901 3358 prelatorum

491 3388 700 3481 prelatorum
729 3385 921 3458 testimonio
954 3387 1242 3482 comprobantem
1274 3387 1389 3476 medio
1419 3397 1589 3482 tempore,
1622 3407 1686 3458 nec
1714 3388 1902 3460 voluntatis

491 3517 607 3581 nostre
632 3508 761 3582 indicio
786 3529 850 3580 nec
881 3507 1036 3582 fidelium
1064 3520 1258 3613 nostrornm
1282 3511 1435 3584 consiliis
1462 3509 1669 3604 expectatis,
1698 3519 1903 3604 conceptum

492 3632 589 3704 virus
604 3632 757 3705 evomuit
770 3643 888 3706 contra
902 3654 984 3722 nos,
998 3644 1100 3728 pmut
1112 3634 1308 3728 aliquorum
1323 3633 1444 3708 relatio
1457 3633 1585 3724 retulit,
1603 3631 1846 3728 procedendo(
1868 3627 1898 3728 ).

491 3755 543 3828 lla
564 3756 675 3845 Deus,
695 3755 740 3826 ba
764 3756 998 3828 crudelissime
1021 3765 1117 3851 pater
1139 3767 1173 3830 et
1194 3757 1368 3852 pontifex,
1387 3755 1448 3850 qni
1473 3765 1513 3827 ut
1531 3777 1672 3828 servum
1693 3755 1899 3845 redimeres,

492 3875 602 3950 filium
618 3877 816 3972 perdidistil
836 3880 1009 3954 Postremo
1026 3893 1060 3955 ta
1077 3903 1141 3976 pro
1156 3881 1275 3972 nobie,
1292 3880 1398 3952 immo
1411 3899 1476 3954 vos
1492 3879 1596 3952 totius
1612 3879 1791 3973 optimates
1808 3879 1901 3952 orbis

491 4008 526 4072 et
543 4001 716 4100 principes
739 4002 916 4096 exigimus
940 4003 1137 4096 adjurantes
1157 4002 1216 4100 (t),
1239 4023 1308 4076 non
1334 4002 1431 4097 quod
1447 4002 1493 4076 ad
1514 4002 1804 4097 propulsationem
1824 4001 1902 4074 talis

493 4124 619 4217 injuria
633 4125 732 4200 nobie
752 4135 868 4200 nostra
882 4148 952 4200 non
972 4128 1144 4200 sufficiant
1162 4128 1392 4218 munimenta,
1418 4126 1482 4200 scd
1503 4135 1543 4198 ul
1560 4134 1652 4198 totns
1666 4124 1820 4198 muudus
1838 4147 1900 4217 ag·

535 4313 576 4394 (a)
598 4315 635 4375 ln
648 4317 734 4394 aplst.
759 4317 839 4378 Patr.
863 4318 900 4379 dc
913 4319 983 4381 Vln.
1004 4319 1126 4381 additur
1137 4315 1179 4380 nd
1198 4315 1381 4398 oppetunt
1400 4316 1571 4380 rmlturiam
1586 4311 1783 4394 medendo,
1801 4316 1902 4375 minus

492 4427 615 4482 ructent
627 4424 793 4498 oplnamnr.

533 4523 573 4605 (b)
596 4527 633 4587 ln
646 4527 771 4588 codicib.
786 4533 817 4589 ct
836 4530 867 4589 la
882 4531 998 4607 epistol.
1013 4533 1092 4594 Patr.
1109 4531 1147 4592 de
1160 4531 1283 4592 Vincla:
1299 4529 1425 4610 Propter
1437 4525 1515 4610 qnod
1524 4533 1647 4590 sermm
1665 4532 1693 4588 et
1706 4524 1834 4586 maium
1843 4541 1899 4603 pc·

493 4632 616 4692 tmtiuar
629 4649 749 4693 manum
763 4631 845 4695 nobis
858 4635 999 4716 enipimar
1014 4634 1194 4715 adjntmm.
