4226 5900
507 625 569 688 466
1007 629 1220 691 FlileRlCl
1247 627 1421 690 saeuum
1727 627 1809 706 [Ass.
1827 627 1914 692 lma.

506 781 612 854 mam
629 769 745 834 vestra
761 769 796 834 et
810 760 955 834 aliorum
970 782 1094 856 regum
1111 771 1146 836 et
1159 763 1368 861 principum,
1384 762 1414 836 si
1431 784 1517 835 sane
1533 761 1786 858 diligenterque
1804 773 1915 835 atten-

506 883 639 974 deritis,
659 905 723 978 per
747 904 961 978 consequens
981 906 1037 958 res
1052 895 1186 980 agatur.
1203 887 1372 972 Quocirca
1391 886 1607 960 serenitatem
1627 887 1759 980 regiam
1776 907 1917 980 presan

504 1007 591 1080 tium
613 1016 733 1080 tenore
754 1007 938 1082 affectuose
966 1009 1175 1104 requirimus
1195 1031 1236 1083 ac
1258 1031 1423 1104 rogamus
1448 1017 1620 1104 quatem
1643 1009 1849 1083 industriam
1873 1030 1916 1081 ac

503 1129 689 1225 potentiam
715 1139 866 1204 vestram
889 1133 1017 1204 talibus
1045 1155 1093 1206 ex
1116 1133 1245 1227 quibus
1271 1142 1406 1206 tantum
1426 1133 1642 1206 obstaculum
1667 1132 1913 1218 lormidamus,

503 1253 593 1326 siout
614 1273 766 1327 amorem
786 1263 821 1325 et
835 1254 1001 1328 honorem
1020 1267 1174 1329 nostrum
1190 1255 1355 1350 diligitis,
1377 1263 1448 1328 tam
1471 1263 1611 1328 strenue
1638 1277 1743 1350 quam
1772 1256 1916 1328 virilitor

502 1377 700 1473 opponatis,
719 1399 791 1450 non
807 1381 1042 1473 permittentes
1059 1379 1106 1452 de
1123 1379 1337 1470 redditibus,
1359 1379 1481 1468 talliis,
1499 1378 1650 1452 collectis
1662 1388 1722 1452 aut
1737 1379 1915 1475 aliquibus

501 1501 578 1574 aliis
593 1501 861 1575 obventionibus
881 1504 980 1596 regni
999 1503 1108 1576 vestri
1128 1503 1313 1600 pecuniam
1335 1501 1487 1597 aliquam
1512 1503 1560 1576 ad
1579 1523 1756 1575 romanam
1779 1503 1914 1576 curiam

502 1624 688 1720 deportari.
706 1624 778 1698 Neo
793 1625 889 1699 istud
908 1647 972 1698 vos
988 1625 1091 1698 decet
1107 1635 1169 1698 aut
1186 1623 1331 1722 expedit
1350 1626 1570 1698 conniventia
1588 1625 1743 1720 qualibet
1755 1633 1818 1698 aut
1834 1625 1914 1697 dis-

500 1749 718 1822 simulatione
733 1749 962 1844 pertransire,
978 1751 1068 1822 sicut
1083 1771 1147 1823 vos
1161 1771 1233 1823 non
1250 1749 1384 1824 velletis
1396 1749 1494 1844 quod
1508 1759 1626 1822 contra
1640 1769 1705 1822 vos
1720 1770 1742 1820 a
1758 1749 1864 1822 nobis
1878 1759 1914 1821 et

500 1873 626 1944 nostris
645 1871 912 1968 qualiacumque
932 1873 1037 1968 petita
1060 1874 1116 1946 vel
1135 1873 1285 1968 peteuda
1304 1873 1468 1966 suffragia
1486 1873 1650 1947 daremns
1664 1871 1843 1972 aliquibus
1857 1874 1913 1944 vel

498 1995 603 2071 modo
626 1993 783 2089 quolibet
800 1993 875 2068 dari
899 2003 1108 2090 pateremur.
1135 1995 1272 2092 Alioqui
1296 1995 1427 2068 nedum
1450 1995 1576 2084 simili,
1596 1994 1660 2068 sed
1681 1995 1819 2088 justiori
1851 2015 1913 2089 per

498 2139 562 2190 vos
587 2118 800 2190 instruamur
821 2118 1002 2213 exemplo,
1026 2127 1066 2190 ut
1097 2119 1140 2192 iis
1165 2120 1226 2214 qni
1253 2119 1353 2192 nobis
1383 2117 1527 2192 attinent
1552 2127 1588 2190 et
1613 2117 1740 2212 quibus
1769 2118 1912 2192 vinculo

497 2242 624 2316 veteris
646 2240 840 2314 dilectionis
861 2243 1098 2337 astringimur,
1122 2243 1305 2338 hucusque
1325 2251 1451 2333 negata
1473 2251 1593 2316 contra
1614 2263 1678 2315 vos
1704 2250 1740 2313 et
1761 2262 1910 2334 rognum

497 2375 651 2438 vestrum
669 2365 887 2458 largiremur,
908 2365 995 2440 dnm
1016 2387 1081 2440 vos
1094 2389 1187 2464 papa
1205 2368 1241 2438 in
1264 2366 1503 2463 prosecutione
1519 2365 1653 2460 iustitie
1671 2375 1788 2438 nostre
1807 2367 1911 2438 lavo-

496 2489 621 2562 rabiles
645 2490 816 2563 invenerit
832 2491 895 2585 qni
913 2490 1013 2564 vobis
1030 2491 1066 2562 in
1088 2491 1184 2562 nullo
1202 2490 1340 2585 penitus
1361 2489 1502 2578 attinet,
1523 2489 1590 2561 nisi
1607 2489 1703 2584 quod
1721 2489 1907 2582 gloriatur,

495 2611 592 2707 quod
610 2634 679 2686 non
699 2613 778 2686 sine
794 2613 902 2686 multa
927 2612 1140 2686 verecundia
1156 2613 1323 2704 dicimus,
1346 2613 1384 2684 iu
1401 2612 1502 2686 vobis
1525 2612 1654 2685 habere
1673 2611 1808 2686 domini
1833 2613 1909 2706 ligii

494 2743 709 2828 potestatem.
728 2735 838 2831 Super
854 2735 1027 2830 premissis
1044 2745 1160 2810 autom
1181 2735 1328 2830 singulis
1344 2745 1380 2809 et
1393 2757 1500 2832 snper
1517 2735 1594 2808 aliis
1611 2737 1774 2808 omnibus
1790 2737 1908 2808 servi-

494 2857 551 2930 tiis
569 2859 693 2932 nostris
715 2859 752 2930 in
776 2859 860 2954 ipsis
879 2859 1036 2954 partibus
1061 2859 1304 2954 procurandis,
1327 2879 1408 2932 ecce
1426 2859 1601 2932 mictimus
1621 2859 1722 2932 vobis
1739 2861 1782 2930 ll.
1807 2859 1909 2932 Chal·

493 2981 575 3056 baot
602 2980 672 3079 (a),
695 2983 838 3054 militem
864 2991 899 3056 ct
921 2982 1060 3056 fidelem
1082 2991 1258 3074 nostrum,
1276 2983 1420 3056 latorem
1437 2983 1669 3078 presentium,
1686 2982 1908 3056 dilectionem

493 3115 644 3180 vestram
662 3115 823 3200 rogantes
839 3107 1001 3180 attentius
1015 3115 1188 3201 quatenus
1204 3128 1247 3180 ea
1263 3128 1333 3202 que
1345 3107 1447 3178 vobis
1467 3127 1514 3179 ex
1529 3115 1627 3201 parte
1644 3115 1759 3180 nostra
1777 3104 1910 3178 dixerit

493 3230 584 3302 sicut
600 3251 749 3325 persone
765 3238 880 3302 nostre
893 3229 1129 3303 indubitanter
1146 3229 1283 3303 dilectio
1300 3238 1415 3304 vestra
1436 3227 1555 3302 medat
1569 3239 1604 3302 et
1619 3229 1808 3326 adimpleat
1825 3252 1907 3303 cnm

493 3354 636 3443 ellectu,
657 3375 699 3426 ac
723 3375 785 3448 per
810 3354 926 3448 ipsum
953 3353 1083 3447 precise
1109 3375 1152 3426 ac
1181 3353 1408 3427 determinate
1430 3352 1639 3448 respondeat
1664 3351 1833 3447 quioquid
1861 3353 1907 3426 de

493 3477 657 3573 predictis
673 3477 834 3550 omnibns
849 3476 1040 3572 providerit
1054 3485 1088 3550 et
1105 3476 1318 3550 ordinaverit
1336 3476 1546 3550 laciendum.
1571 3477 1740 3549 Volumus
1757 3477 1851 3549 enim
1868 3477 1906 3548 in

493 3601 702 3674 instantibus
718 3601 865 3693 negotiis
881 3621 958 3674 esse
974 3601 1058 3674 certi
1074 3601 1241 3695 aquibus
1259 3599 1448 3674 debeamus
1465 3608 1650 3694 expectare
1667 3599 1850 3672 consilinm
1871 3611 1908 3672 et

493 3727 653 3820 aquibus
667 3725 712 3796 sit
728 3723 923 3797 cavendum
940 3723 954 3819 (
979 3723 1005 3819 ).

535 3917 578 3998 (a)
599 3921 713 3982 Nomen
723 3923 758 3979 ut
770 3917 951 3980 arbltramnr
964 3917 1115 3998 mutilum,
1129 3917 1203 3978 dum
1215 3917 1295 3996 apud
1308 3917 1471 3996 Bymcrum
1484 3919 1598 3996 legatur
1609 3917 1649 3978 Η.
1664 3913 1700 3975 de
1715 3913 1860 3978 samue
1873 3922 1904 3976 et

491 4026 523 4084 ln
537 4023 659 4101 epistola
672 4025 807 4101 requentl
820 4020 856 4082 dc
868 4019 1016 4084 Cambete.
1032 4024 1115 4097 Quae
1130 4025 1259 4101 sltjusta
1271 4022 1357 4083 lectlo
1371 4023 1528 4083 nescimus.

524 4325 560 4396 (t)
576 4323 625 4382 Cui
639 4321 768 4396 epistolae
783 4322 874 4394 adiicit
887 4322 980 4380 llatth.
996 4320 1176 4380 Parisionsis:
1193 4321 1256 4378 aut
1271 4321 1334 4394 quia
1350 4320 1465 4378 verbum
1481 4319 1582 4380 domiui
1597 4317 1769 4394 imperatoris
1782 4317 1902 4391 positum

488 4421 538 4480 luit
548 4423 576 4478 in
588 4436 636 4478 ore
646 4421 730 4494 ipsius
741 4420 827 4477 nuntii
838 4419 901 4476 dioti
912 4419 947 4476 ll.
961 4419 1099 4490 mauron,
1112 4418 1141 4476 in
1152 4433 1250 4494 magna
1260 4423 1337 4493 parte
1346 4419 1469 4476 mutilata
1481 4425 1524 4476 est
1536 4431 1667 4491 praesens
1679 4413 1826 4472 amicabilis
1838 4414 1898 4485 epi·

488 4519 556 4578 stola
576 4525 605 4576 et
625 4517 711 4575 multa
734 4523 798 4574 sunt
818 4515 870 4574 sub
890 4515 1070 4574 taciturnitate
1086 4515 1289 4589 praetermissa.
1312 4515 1367 4572 lter
1388 4531 1454 4574 vero
1474 4513 1613 4588 respondit
1634 4509 1806 4569 mmdbando
1826 4508 1901 4580 qood

486 4613 615 4675 voluntati
626 4629 712 4688 papae
724 4629 778 4672 non
791 4619 833 4670 cst
842 4627 925 4672 ausus
937 4611 1130 4683 cunundioere,
1145 4613 1195 4670 sed
1207 4611 1356 4670 mirabatur
1366 4625 1449 4685 snpra
1461 4610 1571 4668 modum
1581 4607 1653 4682 quod
1665 4621 1743 4665 soror
1754 4621 1804 4663 sua
1813 4604 1901 4677 impr·

487 4713 570 4772 ratris
581 4727 635 4770 non
645 4712 732 4770 adbuc
745 4727 873 4772 coronam
884 4711 912 4768 in
924 4709 991 4770 loeis
1002 4714 1030 4768 ot
1042 4707 1196 4768 dritaulm
1209 4707 1362 4768 solennibus
1374 4709 1402 4766 iu
1415 4709 1527 4784 imperio
1540 4705 1679 4780 magnifice
1691 4703 1842 4778 portavit.»
