4246 5906
524 593 584 654 soa
1026 596 1244 660 roronarcr
1267 583 1443 660 sactum
1752 597 1835 682 [un.
1853 597 1935 661 rasa.

521 727 617 823 quod
633 725 783 802 habebat
800 729 968 824 contingit
982 733 1151 826 amoueri,
1172 731 1422 830 propterquod
1437 732 1599 806 volumus
1620 743 1828 807 mercatores
1847 733 1937 829 ipsus

521 875 583 948 per
605 873 668 926 vos
689 852 734 926 de
761 854 908 948 pecunia
936 855 1037 928 erarii
1062 857 1170 930 nostri
1197 857 1365 953 percolo,
1396 854 1554 929 fidelitati
1577 864 1692 929 vestre
1714 856 1936 952 precipiendo

521 975 728 1050 mandamus
745 986 918 1071 quatenus
931 979 960 1052 si
977 988 1186 1054 mercatores
1199 980 1372 1075 predictos
1384 978 1558 1075 predIctas
1571 979 1706 1052 IIcteras
1721 987 1857 1052 noscas
1868 990 1935 1052 am

521 1109 675 1194 patentes
689 1121 794 1194 quam
807 1101 891 1174 allas
905 1122 995 1196 quas
1010 1103 1169 1176 misimus
1182 1103 1316 1198 Angelo
1329 1111 1523 1198 pretaxato,
1542 1101 1642 1176 vobis
1655 1101 1931 1195 assIgnaverunt

521 1244 585 1296 vos
602 1224 694 1320 ipsas
711 1225 896 1320 rccipIatis,
916 1236 951 1298 et
968 1245 1028 1300 ecs
1046 1226 1243 1301 secundum
1264 1228 1408 1300 formam
1426 1227 1622 1300 Iictcmrum
1639 1225 1792 1320 ipsarum
1813 1223 1860 1298 de
1877 1245 1934 1319 pe·

521 1348 624 1420 cunia
639 1347 741 1421 erarii
757 1349 864 1422 nostri
882 1370 951 1444 qne
963 1361 1090 1446 estper
1109 1371 1232 1424 manus
1246 1361 1394 1442 vostras,
1412 1349 1573 1445 quietatis
1584 1357 1653 1422 mm
1667 1347 1713 1421 de
1727 1357 1819 1421 sorta
1831 1369 1934 1442 quam

522 1469 566 1542 de
587 1470 763 1562 interesse,
782 1481 817 1544 et
837 1473 982 1567 receptis
1000 1471 1163 1568 predictis
1186 1473 1330 1561 licteus,
1352 1473 1595 1546 nichilominus
1612 1471 1657 1544 de
1674 1472 1844 1544 solutione
1859 1471 1933 1567 ipsa

520 1591 595 1666 fieri
618 1593 748 1666 faciatis
772 1593 868 1669 aliud
894 1595 1056 1690 scriptum
1085 1605 1286 1690 competens
1308 1593 1355 1668 ad
1381 1595 1477 1668 curie
1501 1603 1616 1667 nostre
1637 1594 1826 1681 cantalam,
1848 1595 1933 1667 etsi

523 1717 606 1790 torte
624 1738 687 1790 uos
698 1739 818 1792 omnes
833 1728 1008 1814 presentes
1031 1719 1230 1804 nouenos,
1251 1719 1464 1814 quicumque
1479 1727 1635 1791 vestmm
1653 1737 1797 1812 presens
1819 1718 1930 1806 fuerit,

521 1849 675 1914 nostrum
690 1842 944 1938 beneplacitum
967 1853 1178 1937 exequatur,
1198 1862 1293 1916 mora
1312 1843 1430 1936 aliqua
1447 1863 1517 1914 non
1532 1849 1704 1936 protracta
1718 1862 1762 1912 ne
1777 1861 1840 1936 per
1856 1863 1932 1916 mo·

520 1987 595 2039 ram
611 1963 707 2036 curia
725 1973 840 2038 nostra
860 1965 1050 2061 dampnum
1069 1965 1234 2038 incurrat.

568 2089 693 2161 Datum
710 2088 843 2180 Parme,
861 2088 921 2160 VII
938 2085 1144 2179 decembris,
1158 2087 1236 2160 XIII
1255 2085 1467 2160 Indicti0uis.

327 2781 375 2821 ⁷.
431 2735 477 2817 ··,
571 2719 793 2806 Mandatum
829 2718 879 2799 ad
910 2715 1161 2827 Justitimium
1196 2713 1442 2823 Capitanatae
1478 2720 1520 2796 ut
1551 2735 1665 2820 super
1696 2709 1933 2794 accusatione

519 2849 710 2936 maledicti
727 2849 899 2935 duellum
916 2847 998 2932 fieri
1015 2848 1150 2932 debeat
1167 2847 1267 2931 inter
1285 2846 1494 2956 litigantes.

602 3057 728 3139 (Rspcst.
741 3058 844 3137 imper.
859 3052 981 3117 mecla.
994 3055 1035 3133 11,
1051 3053 1102 3114 Iol.
1118 3061 1151 3114 tt
1171 3052 1317 3125 verso31n
1329 3051 1400 3111 edit.
1416 3049 1553 3123 carran„
1568 3065 1599 3126 p.
1615 3047 1698 3126 aar.)

569 3235 616 3305 Dc
636 3229 805 3324 Imperiuli
824 3228 979 3302 uundcto
1001 3229 1091 3319 sacto
1103 3247 1167 3320 per
1191 3226 1386 3318 mcpirtmm
1408 3224 1453 3294 II.
1475 3220 1518 3292 dc
1543 3221 1689 3313 Ilojcctc
1707 3221 1843 3314 scripsit
1868 3221 1930 3292 Ilo-

518 3360 632 3450 perias
648 3355 688 3427 dc
705 3354 869 3426 Sukruo:
1186 3432 1192 3440 ι

567 3479 780 3568 Fredericus,
800 3485 883 3564 etc,
902 3473 1069 3548 Riccardo
1089 3473 1135 3549 de
1157 3471 1405 3546 Mouteiuscolc
1417 3468 1607 3562 justitIario
1632 3466 1842 3562 Capitiuats,
1862 3475 1927 3539 etc.

518 3605 658 3702 Recepit
672 3602 836 3678 serenitas
850 3607 967 3674 nostro
981 3599 1115 3672 licterss
1132 3607 1211 3670 tuas
1229 3591 1464 3670 benivolentia
1482 3602 1660 3682 consueta,
1680 3602 1715 3663 et
1733 3611 1933 3694 prcoessum

519 3729 708 3825 qnestIcnIs
725 3725 841 3800 habite
865 3725 953 3796 inter
977 3721 1238 3816 vinciguerram
1264 3720 1310 3794 dc
1334 3720 1499 3806 Corneto,
1518 3715 1736 3790 Guillslmum
1764 3713 1810 3786 de
1837 3714 1928 3786 Sela·

518 3855 628 3949 gardo
650 3861 684 3926 et
709 3853 845 3925 Petrum
868 3849 1013 3920 Irarum
1036 3845 1191 3920 vidimus
1212 3853 1247 3918 et
1273 3842 1507 3917 intelleximus
1531 3839 1723 3934 diligenter.
1755 3839 1867 3931 Super
1888 3857 1929 3909 ec

521 3998 604 4051 vero
618 3973 716 4071 qnod
737 3972 937 4048 consultasti
953 3968 1191 4044 excellentiam
1210 3977 1362 4041 nostram
1380 3976 1497 4038 utrum
1522 3963 1690 4057 majestati
1714 3973 1830 4034 nosue
1850 3961 1926 4054 pla·

518 4112 627 4192 caret,
658 4109 696 4172 ut
720 4120 825 4193 super
845 4093 1064 4170 accusatione
1090 4091 1263 4166 maledicti
1290 4091 1446 4164 ducllum
1471 4089 1560 4160 iuter
1586 4107 1646 4160 eos
1672 4083 1744 4158 fieri
1766 4083 1926 4170 deberet,

518 4223 711 4299 celsitudlni
733 4233 847 4296 nostre
868 4221 979 4316 placet
997 4225 1036 4290 ut
1061 4217 1150 4290 inter
1168 4217 1260 4311 Ipsos
1277 4235 1395 4288 coram
1417 4225 1451 4285 ta
1473 4211 1630 4286 duellum
1656 4208 1731 4281 lieri
1755 4206 1881 4280 debeat
1895 4213 1929 4279 at

517 4344 712 4444 compleri(
736 4345 762 4443 ).

565 4475 690 4546 Datum
707 4471 842 4560 Parme,
863 4468 922 4542 VII
941 4465 1145 4555 decembris,
1166 4463 1242 4536 XIII
1257 4461 1469 4536 indictionis.

1134 4627 1345 4642 -nn--u--a
1351 4617 1924 4638 *μαψ-μ

553 4715 588 4790 (l)
605 4715 645 4774 ul.
656 4715 772 4774 Goratit.
786 4731 862 4788 repo.
875 4711 971 4784 sicil,
981 4710 1028 4770 lib.
1043 4711 1077 4782 11,
1088 4709 1129 4770 tit.
1143 4708 1272 4780 XXXIII,
1284 4715 1304 4766 t.
1319 4707 1406 4780 1v.p.
1422 4709 1484 4764 too.
1621 4792 1623 4796 .
