4242 5904
218 595 398 680 lrtnrcr.12.]
668 593 863 654 HISTORIA
885 593 1175 654 olrlobttlcrt.
1568 591 1629 652 225

218 735 428 806 contulimus
450 727 582 802 eisdem
604 727 713 821 gratia
735 737 851 801 nostra
874 739 914 800 ut
936 751 999 823 pro
1025 728 1128 800 domo
1151 748 1257 822 quam
1280 726 1410 800 babent
1431 725 1467 796 in
1490 724 1629 798 Alden-

218 857 305 929 burc
326 855 451 928 nostris
474 850 653 926 beneficiis
674 851 873 946 amplianda
897 853 998 924 liceat
1018 853 1069 924 eis
1088 873 1204 924 emere
1230 872 1293 946 pro
1318 849 1479 923 trecentis
1504 847 1629 920 marcis

219 979 350 1074 argenti
372 977 606 1074 possessiones
628 983 664 1047 et
679 975 781 1046 etiam
800 975 890 1047 bona
910 997 1017 1069 quea
1036 996 1180 1048 munere
1198 975 1351 1070 precario
1373 974 1430 1046 vel
1446 971 1630 1064 cujuslibet

219 1123 323 1176 onero
349 1101 487 1175 servicii
509 1089 588 1172 sint'
602 1107 777 1193 exempta,
808 1100 950 1172 fratrum
977 1110 1010 1170 et
1036 1121 1227 1195 pauperum
1260 1098 1383 1170 usibus
1412 1095 1624 1190 deputanda.

218 1229 305 1299 Nam
330 1225 474 1320 dignum
495 1233 547 1296 est
573 1232 612 1294 ut
639 1221 685 1294 de
710 1222 926 1317 plenitudine
955 1223 1125 1296 bonorum
1149 1231 1345 1296 nostrorum
1368 1221 1540 1315 accipiant
1566 1240 1629 1314 per

219 1373 325 1444 mam
342 1347 577 1445 promptuaria
596 1346 719 1418 domus
741 1347 802 1418 Dei
822 1347 859 1416 in
879 1346 997 1418 divine
1015 1347 1167 1418 caritatis
1188 1346 1321 1440 copiam
1342 1343 1551 1416 effundatur.
1572 1341 1628 1414 Ad

220 1476 320 1566 cnjus
333 1473 385 1545 rei
402 1471 601 1544 memoriam
616 1469 812 1542 evidentem
829 1491 970 1564 presens
988 1469 1153 1564 scriptum
1172 1468 1244 1540 tisri
1263 1478 1298 1540 ct
1316 1468 1421 1560 sigilli
1439 1466 1546 1540 nostri
1562 1489 1629 1562 op·

220 1597 386 1691 pensione
403 1595 546 1666 iacimus
562 1593 728 1666 roborari.

267 1721 384 1792 Testes
406 1718 510 1808 hujus
538 1717 587 1788 rei
609 1725 718 1787 sunt:
740 1718 775 1787 S.
806 1716 1047 1810 Maguntinus,
1067 1717 1124 1786 W.
1150 1713 1457 1808 Magdeburgcnsis
1484 1735 1628 1788 venera-

220 1843 306 1916 biles
329 1840 597 1937 arcbiopiscopi,
616 1841 657 1912 ll.
678 1839 908 1927 pataviensis,
932 1841 974 1909 ll.
994 1839 1271 1933 Herbipolensis,
1292 1841 1329 1909 t.
1355 1839 1626 1930 wormatiensis,

223 2020 287 2037 ...
311 1963 495 2037 illisnensis
524 1964 692 2058 episcopi,
721 1984 837 2036 comes
863 1962 907 2036 de
930 1963 1172 2051 Hennenberc,
1197 1962 1406 2054 burgravius
1427 1963 1472 2035 de
1493 1964 1628 2034 Noren-

219 2092 317 2182 berc,
339 2091 379 2161 F.
398 2089 443 2162 de
460 2088 721 2179 Truendingen,
742 2086 783 2158 G.
802 2099 837 2160 et
855 2087 893 2160 C.
914 2089 1035 2160 iratres
1053 2087 1098 2160 de
1116 2087 1333 2179 Hohenlocb,
1351 2086 1390 2160 C.
1412 2086 1457 2159 de
1474 2085 1629 2160 Smidel-

219 2215 290 2302 icit,
312 2223 347 2284 et
362 2212 421 2284 alii
438 2214 674 2306 quamplures.
1246 2303 1250 2310 Ι

266 2337 353 2408 Acta
370 2344 452 2408 sunt
469 2332 560 2432 [bec]
579 2357 670 2408 anno
684 2334 858 2408 dominice
873 2335 1116 2408 incarnationis
1130 2335 1461 2408 M⁰cc⁰xxxv111⁰.

263 2463 390 2532 Datum
407 2461 444 2530 in
465 2460 584 2532 castris
612 2461 648 2530 in
676 2458 856 2532 obsidione
874 2460 1011 2547 Brixis,
1033 2481 1141 2544 anno,
1164 2481 1302 2552 mense,
1331 2459 1521 2532 indictione
1545 2479 1628 2555 pre-

220 2584 370 2679 scriptis,
390 2584 435 2658 vl
454 2583 669 2678 septembris,
689 2585 751 2654 Xll
769 2583 979 2655 indictionis.

430 2897 851 2910 mmo-n·-
857 2891 1411 2908 u—-ffl

269 3194 498 3300 Fridericus,
518 3193 778 3277 Romanorum
796 3193 1016 3302 imperator,
1035 3193 1181 3276 civibus
1196 3194 1244 3276 de
1262 3191 1517 3300 Nordelingen
1534 3217 1628 3300 pre-
1666 3211 1807 3310 „1¹03ng
1809 3280 1822 3311 0

217 3328 359 3409 carium
382 3329 432 3408 ad
450 3327 656 3409 triennium
680 3352 842 3435 sequens
869 3326 1100 3434 completum
1122 3325 1297 3432 remittit,
1317 3334 1361 3408 ut
1381 3325 1569 3408 civitatem
1591 3335 1628 3406 et
1679 3318 1806 3427 ,gladia

221 3458 372 3566 domos,
392 3459 567 3541 incendio
585 3458 822 3564 combustae,
842 3458 994 3542 valeant
1010 3483 1199 3567 reperere.

299 3680 433 3760 (Editum
442 3698 492 3759 ap.
502 3682 615 3756 Lunro,
625 3679 833 3754 decharchia,
844 3689 919 3760 part.
930 3682 1049 3760 special.
1060 3685 1171 3744 contin.
1181 3684 1233 3753 IV,
1243 3701 1274 3760 p.
1285 3683 1315 3743 11
1327 3681 1433 3761 (operis
1441 3689 1515 3743 tom.
1526 3680 1624 3761 XIV),

334 3804 366 3864 p.
385 3795 418 3860 t,
432 3796 466 3846 ιιο
482 3795 509 3847 t.
525 3788 615 3848 -Et
629 3805 678 3864 sp.
693 3788 822 3848 Monuni
838 3787 932 3862 Boia,
947 3795 1020 3848 tom.
1036 3789 1138 3868 XXX,
1153 3808 1183 3868 p.
1199 3797 1349 3862 268-269,
1364 3805 1450 3849 num.
1466 3787 1624 3862 ncctlx,

335 3908 374 3950 ex
386 3893 520 3970 originali
534 3897 620 3971 culus
633 3893 760 3970 sigillum
773 3897 806 3953 in
819 3910 870 3953 ora
884 3911 937 3955 sua
950 3895 1070 3956 sinistro
1093 3896 1205 3956 laesum
1225 3895 1370 3973 appendet
1392 3911 1430 3955 ex
1448 3893 1506 3956 illis
1526 3897 1626 3956 sericis

336 3997 419 4058 rubrl
435 4005 465 4058 et
476 3998 547 4059 tlsvl
560 3997 689 4078 coloris)

266 4191 500 4288 Fr(idericus),
519 4194 581 4266 Dei
599 4194 710 4287 gratia
723 4195 954 4267 Romanorum
971 4195 1156 4289 imperator
1169 4216 1305 4290 semper
1319 4203 1502 4289 augustus,
1518 4198 1625 4267 Jeru-

220 4317 322 4388 salem
338 4326 373 4388 et
394 4317 507 4388 Sicilie
531 4339 605 4389 rex.
623 4319 686 4389 Per
701 4339 845 4412 presens
867 4319 1034 4413 scriptum
1056 4329 1175 4391 notum
1191 4319 1336 4391 iacimus
1353 4319 1527 4392 universis
1552 4320 1624 4392 im-

222 4439 303 4532 perii
326 4438 491 4512 fidelibus
512 4449 584 4511 tam
603 4441 821 4536 presentibus
838 4465 942 4536 quarn
967 4443 1108 4533 tuturis,
1131 4443 1226 4538 quod
1250 4465 1329 4515 cnm
1347 4443 1469 4516 civitas
1491 4443 1622 4517 Norde-

221 4561 352 4655 lingcn,
383 4575 580 4659 emergente
607 4567 783 4638 infortunii
811 4588 914 4656 casu,
947 4567 1123 4640 combusta
1149 4569 1269 4658 luerit,
1300 4577 1335 4640 et
1362 4568 1456 4640 cives
1484 4578 1624 4664 propter

221 4685 487 4760 combustionem
527 4687 673 4761 eandem
709 4690 745 4762 in
774 4692 929 4785 personis
959 4702 994 4765 et
1027 4693 1131 4765 rebus
1166 4693 1286 4786 gravia
1314 4691 1439 4765 fuerint
1472 4692 1622 4789 dampna

293 4806 333 4870 V.
1424 4824 1462 4878 aa
