4228 5892
242 511 340 572 lanrcr.
366 506 425 591 la]
690 505 888 568 HISTORIA
913 505 1205 570 olrnollarlce.
1588 497 1649 558 loa

240 643 459 719 rectitudinis
484 641 681 737 denigraret
698 650 732 716 et
752 651 823 714 tem
840 642 956 716 subito
976 650 1011 715 et
1025 643 1210 738 improviso
1232 639 1323 712 malo
1341 656 1411 710 non
1428 633 1574 730 possetis
1589 653 1649 704 oo·

240 787 397 855 currere,
412 765 543 837 inimici
557 764 706 838 hominis
719 766 849 839 malitia
867 766 1025 862 nequiter
1040 773 1257 862 suggerente.
1274 762 1358 834 Cum
1374 759 1479 853 igitur
1493 754 1650 850 ejusdem

239 900 311 964 tam
333 911 463 986 procax
486 899 521 962 et
539 891 712 964 lautorum
729 912 873 964 suorum
894 889 1078 965 infidelitas
1093 899 1206 986 pateat
1221 897 1256 961 et
1272 892 1436 983 appareat
1451 881 1647 970 manifesta,

240 1015 394 1088 excutite
408 1035 472 1087 vos
493 1014 659 1086 instanter
678 1013 723 1088 de
741 1015 900 1088 manibus
920 1015 1138 1109 occupantis,
1163 1017 1365 1088 revocantes
1380 1007 1547 1080 vicarium
1568 1025 1649 1076 nos·

241 1146 334 1209 trum
358 1138 395 1210 in
411 1136 586 1210 civitatem
602 1137 649 1210 ad
672 1139 825 1232 regimen
846 1149 1048 1212 consuetum
1066 1147 1101 1212 et
1117 1136 1217 1210 nobis
1232 1145 1266 1208 et
1286 1131 1430 1228 imperio
1450 1133 1552 1224 juxta
1565 1127 1649 1200 soli·

241 1270 317 1332 tum
336 1260 535 1352 militantes,
555 1268 596 1332 ut
615 1260 644 1331 si
666 1261 746 1356 quis
767 1262 870 1334 homo
887 1281 1037 1356 nequem
1059 1269 1176 1334 eontra
1199 1280 1264 1332 vos
1287 1256 1390 1330 luerit
1414 1251 1648 1338 machinatus,

242 1386 287 1459 de
317 1386 427 1480 ipsius
455 1385 607 1458 versutia
637 1387 833 1459 nullatenus
861 1385 1029 1478 timeatis,
1061 1385 1123 1458 sed
1152 1384 1288 1482 possitis
1316 1401 1493 1453 unacum
1521 1373 1651 1449 vicario

241 1517 357 1581 nostm
381 1508 627 1582 rationabiliter
652 1511 830 1600 excusari,
856 1509 951 1604 quod
975 1531 1153 1604 nunqnam
1176 1515 1291 1604 posset
1315 1503 1503 1578 ascendere
1527 1500 1565 1571 in
1592 1520 1651 1572 cor

241 1645 395 1704 nostrum
419 1642 458 1706 ut
481 1653 595 1706 comes
619 1632 800 1706 Provincia
826 1655 930 1729 quem
955 1655 1089 1729 semper
1116 1631 1362 1705 honoravimus
1389 1637 1423 1702 et
1453 1628 1542 1700 inter
1566 1623 1651 1697 alios

241 1753 361 1828 fideles
378 1763 511 1827 nostros
526 1756 766 1850 reputavimus
786 1757 988 1852 specialem,
1006 1757 1042 1829 in
1060 1764 1189 1828 tantam
1205 1753 1355 1850 potnerit
1374 1749 1555 1848 perfidiam
1575 1769 1652 1820 oor·

239 1877 363 1950 ruisse.
382 1878 453 1950 Nos
468 1877 560 1949 enim
573 1880 675 1972 juxta
693 1875 928 1952 credulitatem
944 1887 1096 1952 nostram
1110 1877 1155 1951 de
1178 1875 1404 1950 inconstantia
1421 1883 1456 1947 et
1470 1873 1652 1968 ingratitu-

241 1999 324 2074 dine
347 2023 411 2073 sue
433 2023 504 2074 una
528 2001 712 2074 vobiscum
734 2002 898 2098 deceptos
924 2003 1108 2076 asserimus
1133 2002 1306 2092 extitisse,
1331 1999 1427 2072 velot
1456 1999 1517 2093 qui
1537 1997 1652 2072 eidem

241 2124 372 2196 vicario
393 2132 510 2197 nostro
532 2123 694 2198 dedimus
715 2125 752 2195 in
773 2125 944 2198 mandatis
968 2137 1007 2198 ut
1029 2128 1061 2198 ei
1084 2135 1248 2220 tanquam
1272 2145 1419 2220 persone
1443 2133 1559 2195 nostre
1578 2143 1653 2195 ser-

245 2249 336 2322 viret
363 2257 398 2321 et
419 2249 591 2344 presentie
615 2272 678 2323 sue
706 2249 850 2323 oonsilio
876 2251 912 2322 in
934 2251 1059 2323 nostris
1080 2251 1227 2344 negotiis
1250 2257 1414 2321 uteretur.
1440 2248 1654 2344 Quapropter

241 2371 480 2467 deceptionem
496 2371 656 2445 eamdem
677 2395 741 2446 seu
757 2373 1087 2469 negligentiamque
1109 2373 1220 2446 notari
1239 2382 1424 2467 potnerunt
1438 2371 1527 2468 parti
1540 2379 1654 2444 vestre
1749 2439 1751 2444 .

240 2495 378 2590 penitus
388 2497 612 2588 remittentes,
628 2519 693 2570 vos
706 2497 742 2569 in
754 2507 904 2572 nostram
918 2500 1062 2593 gratiam
1074 2517 1293 2590 revocamus,
1309 2495 1528 2568 universitati
1540 2503 1654 2568 vestre

240 2620 444 2693 mandantes
468 2629 640 2715 qnatenus
668 2621 798 2694 dictum
827 2625 987 2696 comitem
1014 2623 1187 2696 infidelem
1210 2631 1364 2696 nostrum
1393 2642 1434 2692 ac
1459 2620 1653 2692 invasorem

241 2751 397 2815 vestrum
416 2743 555 2838 penitus
571 2754 787 2841 reputantes,
806 2767 878 2820 una
896 2769 975 2818 cum
989 2747 1119 2818 vicario
1133 2755 1250 2819 nostro
1264 2767 1345 2817 snas
1363 2741 1507 2815 insidias
1524 2751 1558 2814 et
1575 2761 1654 2814 ver·

241 2865 351 2938 antias
370 2865 525 2959 evitetis,
544 2867 590 2940 de
606 2868 725 2941 favore
743 2878 860 2942 nostro
877 2868 991 2942 securi
1011 2889 1116 2962 quem
1141 2869 1176 2940 in
1195 2868 1417 2942 conversione
1438 2874 1553 2938 vestra
1571 2885 1655 2958 erga

241 2988 422 3061 universos
440 2997 475 3061 et
487 2989 643 3083 singulos
659 2991 843 3065 liberaliter
857 2993 1095 3066 reformamus.
1116 2993 1152 3066 Si
1166 3013 1251 3066 vero
1264 2991 1477 3084 contingeret
1490 3011 1553 3063 vos
1565 2991 1654 3063 ulte·

241 3111 315 3184 rins
332 3112 368 3182 in
387 3114 462 3206 ejus
478 3112 646 3187 seditione
665 3137 821 3209 manere,
837 3115 877 3188 G.
899 3117 1060 3188 nuntium
1079 3125 1235 3189 nostrum
1255 3117 1337 3188 illoc
1357 3114 1524 3187 duximus
1542 3122 1653 3186 trans-

240 3238 446 3311 mittendum
469 3239 532 3333 qui
558 3239 657 3314 vobis
684 3241 800 3316 banna
820 3252 855 3315 et
878 3245 1026 3319 mulctas
1049 3245 1219 3341 imponat,
1247 3263 1317 3339 qne
1340 3241 1430 3314 sient
1453 3241 1654 3336 imposuerit

240 3361 448 3456 requirenda
465 3363 649 3436 statuimus
664 3372 699 3437 et
715 3364 899 3441 servanda.

295 3921 527 4031 Fridericus,
554 3927 814 4014 Romanorum
841 3930 1061 4040 imperator,
1087 3931 1229 4042 gratias
1267 3931 1346 4042 agit
1371 3931 1499 4014 comiti
1528 3929 1649 4014 Tolo-

243 4079 337 4136 sano
355 4057 461 4164 quod
479 4058 551 4141 sihi
569 4071 702 4144 contra
718 4088 859 4171 papam
876 4071 914 4145 et
938 4065 1114 4146 comitem
1141 4064 1358 4148 Provinciae
1385 4073 1464 4146 tam
1490 4063 1652 4146 fideliter

243 4187 467 4297 adhaereat,
487 4190 679 4303 mittitque
696 4181 731 4277 ei
749 4195 928 4278 nuntium
954 4195 1156 4304 specialem
1174 4223 1266 4279 suae
1282 4197 1500 4280 intentionis
1527 4223 1649 4307 geru-

243 4315 347 4428 lum,
368 4321 572 4405 exhortans
590 4335 634 4408 nt
658 4325 708 4408 ab
734 4326 936 4410 insolentia
962 4327 1186 4411 sacerdotali
1204 4354 1245 4411 se
1268 4328 1429 4412 invicem
1456 4337 1647 4411 tueantur.

327 4498 462 4596 (Edider.
477 4505 626 4566 Minnnnn
642 4512 673 4567 et
684 4507 827 4581 Dunnnn,
841 4504 979 4586 Ampliat.
993 4504 1115 4582 coeca,
1129 4513 1153 4570 t.
1169 4507 1211 4583 11,
1226 4508 1282 4569 col.
1301 4517 1390 4581 1140,
1405 4517 1438 4568 n⁰
1454 4507 1509 4569 vl.
1520 4539 1561 4555 -
1574 4509 1648 4570 Goll.

363 4622 430 4668 cum
447 4609 515 4672 cod.
531 4611 607 4672 Bibl.
623 4611 722 4674 Cesar.
732 4609 938 4692 Paris.,soodr
950 4612 984 4677 S.
1007 4611 1510 4694 ema-earoy‚nrrss,pnu1.)

1702 3933 1833 4042 [aral
