4278 5920
210 587 385 672 16616616]
651 588 849 651 HISTORIA
875 586 1168 652 nletottttulce
1577 594 1616 654 ’19

211 723 340 808 uolens
357 747 425 832 per
443 721 583 804 festum
600 721 842 805 Penteoosten
864 725 923 829 (1)
943 747 1024 806 esse
1042 721 1081 802 iu
1101 719 1229 830 Spina,
1248 722 1395 804 vocavit
1416 722 1617 807 dominum

210 856 428 966 episcopum
464 853 814 960 [Wormatienseml
840 865 879 938 at
905 854 1001 938 alios
1036 879 1134 964 quos
1166 852 1308 936 habere
1343 855 1465 962 potuit
1499 857 1617 965 prin-

210 989 310 1098 oipes
332 1049 547 1070 .......
572 987 641 1070 llie
667 1013 757 1072 uero
780 988 1046 1072 Pentheoostes
1070 985 1272 1069 celebravit
1298 987 1477 1068 dominus
1506 987 1616 1070 Lan-

209 1121 336 1205 dolfus
371 1121 570 1231 episeopus
598 1120 758 1203 missam
786 1120 1021 1230 solempnem
1050 1143 1178 1202 oorem
1209 1118 1365 1200 domino
1392 1118 1618 1227 imperatore

208 1254 248 1336 in
274 1252 432 1336 eeclesia
459 1252 627 1362 Spirensi
650 1251 727 1363 (2).
756 1257 889 1336 tunel.
926 1260 1119 1360 Wormat,
1144 1277 1206 1360 ap.
1238 1250 1433 1357 Bounuun,
1457 1251 1614 1360 Ibidem,

209 1412 247 1495 p.
271 1387 348 1470 166
366 1395 405 1468 61
425 1387 514 1468 167.

260 1953 493 2062 briderium,
516 1953 777 2036 Romanorum
799 1953 1020 2064 imperator,
1045 1955 1095 2036 ad
1118 1953 1431 2064 supplicationem
1453 1983 1618 2068 praepo-
1643 1963 1820 2074 „mpffm

211 2087 271 2172 siti
292 2097 329 2174 et
349 2097 557 2172 conuentus
575 2087 774 2198 hospitalis
802 2086 963 2171 Sanctae
992 2087 1132 2172 Mariae
1157 2088 1205 2170 de
1233 2088 1351 2171 Lutra
1376 2087 1618 2203 priuilegium

212 2247 295 2306 ase
316 2221 400 2332 ipso
421 2221 545 2305 eidem
571 2220 704 2305 domui
730 2223 757 2305 6
780 2219 1005 2330 septembris
1026 2223 1129 2304 1116
1151 2219 1369 2328 indultum,
1398 2233 1555 2308 renovat
1582 2235 1620 2308 et

212 2354 409 2439 inserendo
426 2351 639 2438 confirmat.

290 2575 394 2656 (Edit.
412 2577 585 2652 Lmnnn,
609 2572 709 2639 aaut.
722 2570 1028 2652 maranata-tan,
1051 2591 1083 2654 p.
1110 2573 1399 2638 ree-Memorat.
1413 2591 1464 2656 ap.
1485 2577 1617 2644 116666.

327 2681 423 2764 nde,
434 2689 461 2744 t.
474 2682 587 2758 ml,
603 2699 673 2762 pars
691 2681 730 2758 1⁸,
744 2697 774 2760 p.
789 2689 862 2762 teo,
876 2687 940 2744 not.
953 2699 988 2758 6,
1002 2681 1055 2742 ubl
1069 2687 1185 2742 tautum
1197 2685 1285 2743 notae
1298 2681 1520 2764 chronologicae
1531 2685 1633 2746 exult

327 2787 459 2868 beatur.)

258 2983 296 3056 lu
314 2981 456 3056 nomine
474 2991 593 3056 sanote
613 2989 648 3054 et
663 2978 847 3054 individue
864 2979 1049 3054 Trinitatis.
1069 2979 1262 3054 Friderious
1284 2978 1477 3072 socundus,
1498 2983 1618 3060 divina

209 3109 345 3181 favente
363 3106 543 3180 clamantia
568 3107 798 3180 Romanorum
818 3104 1017 3200 imperator,
1044 3125 1179 3199 semper
1195 3113 1381 3195 augumtus,
1405 3105 1617 3180 1666666166

207 3237 241 3303 61
269 3227 384 3302 Sicilie
413 3249 492 3302 rex.
519 3227 708 3324 Imperialis
735 3228 937 3302 exoellantie
964 3229 1085 3300 titulus
1111 3227 1316 3317 declaratur,
1335 3250 1415 3300 cum
1440 3230 1533 3302 illius
1559 3232 1617 3303 in-

209 3352 298 3426 tuitu
323 3373 385 3449 per
411 3374 517 3448 quem
551 3360 663 3448 preest
691 3351 905 3448 principibus
932 3350 1027 3424 orbis
1050 3360 1157 3442 terre,
1187 3371 1349 3446 personas
1379 3353 1555 3447 religiosas
1582 3365 1617 3426 et

206 3474 282 3550 loos
296 3475 370 3548 Deo
388 3473 502 3548 dicata
520 3474 579 3570 pia
600 3474 724 3548 mantis
748 3473 927 3548 allectione
955 3481 1082 3560 tuetur,
1109 3482 1144 3545 et
1159 3475 1270 3566 justas
1294 3495 1414 3547 eorum
1444 3477 1617 3550 lavorabi-

206 3597 284 3671 liter
299 3598 482 3696 petitiones
504 3597 665 3671 admittit.
694 3597 744 3671 Ea
769 3608 907 3694 propter
927 3605 1046 3670 notum
1062 3595 1137 3669 fieri
1162 3597 1324 3670 volumus
1349 3596 1522 3671 universis
1544 3600 1616 3672 im-

207 3721 293 3817 pen'i
307 3719 481 3814 fidelibus,
498 3729 569 3794 tam
586 3721 803 3816 presentibus
820 3743 926 3816 quam
943 3721 1089 3812 tuturis,
1107 3719 1204 3814 quod
1220 3719 1404 3795 reverendi
1423 3723 1616 3818 prepositus

207 3855 242 3918 et
258 3854 452 3920 oonvantus
471 3843 595 3920 domus
611 3845 790 3942 hospitalis
810 3847 935 3918 Sancte
955 3844 1061 3917 Maria
1082 3842 1178 3938 apud
1200 3844 1356 3935 Lutram,
1376 3845 1616 3919 Premonstra-

207 3969 314 4044 tonsis
341 3969 491 4061 ordinis,
516 3969 636 4045 fideles
660 3971 790 4062 nostri,
819 3969 1013 4044 eelsitudini
1043 3978 1159 4042 nostra
1188 3967 1365 4062 quoddam
1396 3970 1616 4066 privilegium

210 4103 460 4190 presentarunt,
483 4091 656 4169 indultum
674 4113 695 4167 a
713 4093 814 4167 nobis
835 4095 1017 4167 elementer
1037 4091 1152 4166 eidem
1168 4091 1326 4189 hospitali
1351 4101 1503 4188 tempora
1516 4095 1615 4189 regni

243 4399 281 4569 {gi
294 4397 611 4553 ἴᾙὲυῗζιᾱοίἠη
619 4495 681 4568 J'ura
695 4493 824 4552 66666166
837 4498 865 4550 61
881 4491 1074 4550 mutatinum
1091 4497 1184 4549 eontra
1194 4491 1324 4549 moniales
1336 4492 1371 4548 de
1382 4494 1618 4552 Numenmtlnster

211 4590 261 4650 sibi
271 4591 515 4650 rebellesetetiem
525 4597 620 4650 eontra
631 4592 721 4666 ipsum
732 4591 922 4665 imperatorem
932 4589 1034 4648 eisdam
1042 4589 1176 4647 laventem
1189 4587 1299 4646 viriliter
1310 4587 1477 4660 detmuarat,
1496 4593 1525 4647 at
1543 4590 1618 4648 litem

211 4687 368 4748 obtinuerat.
382 4687 424 4748 Ci.
438 4687 543 4748 donat.
561 4690 705 4768 Wormut.,
718 4703 763 4764 ap.
776 4689 921 4758 domm,
938 4688 1044 4757 Fontes,
1056 4692 1076 4743 t.
1090 4687 1123 4756 ll,
1137 4703 1167 4760 p.
1181 4689 1243 4756 466,
1262 4689 1324 4742 467.
