4262 5910
257 607 355 690 rimu.
373 626 435 704 rs]
522 576 526 584 ¹
702 623 898 684 arsronrr
923 619 1219 683 nrrnouarrcr.
1602 625 1663 688 aas

255 763 331 856 ipsa
355 758 516 854 recipiat,
543 765 578 828 et
599 765 767 850 quantum
792 757 1023 830 necessarium
1047 756 1149 828 luerit
1173 753 1292 828 castris
1313 756 1396 850 ipsis
1421 756 1590 850 detineat;
1619 761 1663 834 de

257 883 395 956 residuo
414 902 497 954 vero
513 880 615 954 faciat
631 880 727 974 quod
746 881 885 954 utilitati
902 880 998 952 curie
1015 891 1130 952 nostre
1145 879 1268 950 melius
1288 879 1464 952 videbitur
1481 882 1661 977 expedire.

257 1007 307 1080 lle
330 1005 515 1098 granariis,
541 1003 691 1098 campis,
715 1003 943 1090 molendinis,
968 1003 1124 1098 terragiis
1151 1011 1185 1074 et
1208 1001 1392 1076 scadontiis
1411 1004 1569 1098 Auguste
1594 1028 1664 1100 qne

257 1140 296 1202 ut
312 1129 478 1224 scripsisti
494 1127 636 1222 qnidam
655 1129 743 1200 inter
759 1148 796 1200 sc
813 1127 994 1216 dividunt,
1010 1135 1045 1198 et
1062 1127 1157 1198 curia
1176 1135 1291 1198 nostra
1311 1127 1396 1198 nihil
1414 1129 1575 1223 percipit,
1594 1151 1673 1226 qne·

258 1253 287 1326 si
305 1254 416 1326 lorcnt
434 1251 496 1322 uni
512 1249 738 1345 'procuranda
755 1249 954 1340 commissa,
976 1249 1022 1322 ad
1042 1248 1260 1322 commodum
1285 1257 1400 1322 nostre
1418 1251 1512 1324 curie
1531 1251 1664 1324 redun-

258 1375 372 1459 daret,
395 1376 506 1470 planet
524 1373 727 1446 excellentie
744 1379 859 1446 nostre
876 1382 916 1444 ut
938 1392 1000 1466 per
1017 1371 1149 1444 dictum
1167 1380 1337 1445 secretum
1354 1373 1480 1466 aliquis
1497 1374 1664 1448 discretus

257 1509 292 1572 et
305 1499 416 1572 fidelis
431 1499 498 1592 hys
513 1496 675 1570 omnibns
690 1503 914 1590 proponatur,
934 1515 1117 1588 perquem
1136 1494 1171 1564 in
1185 1495 1268 1588 ipsis
1286 1494 1381 1565 curie
1399 1503 1513 1567 nostre
1538 1496 1665 1569 utilitas

259 1629 471 1718 procuretur.
489 1622 538 1692 De
556 1620 632 1691 aliis
646 1619 854 1690 victualibus
872 1617 967 1688 curie
987 1627 1103 1688 nostre
1117 1639 1186 1710 que
1203 1627 1285 1688 sunt
1301 1639 1363 1711 per
1378 1639 1502 1690 manus
1517 1628 1614 1709 tuas,
1630 1629 1666 1692 et

259 1754 298 1816 ut
310 1744 475 1838 scripsisti
489 1744 518 1814 si
535 1742 718 1814 mictentur
738 1742 774 1814 in
794 1741 992 1814 Barbariam
1006 1741 1061 1812 vel
1077 1740 1266 1834 Yspaniam
1284 1741 1396 1812 carius
1412 1742 1661 1834 venderentur,

258 1870 369 1963 placet
379 1867 480 1938 nobis
496 1878 534 1938 ut
552 1867 761 1960 ubicumque
777 1865 903 1938 melius
919 1864 1025 1938 vendi
1040 1873 1196 1958 possunt,
1217 1864 1292 1956 ipsa
1305 1864 1467 1936 victualia
1480 1865 1666 1940 vendenda

258 1991 484 2064 tranemictas.
504 1989 763 2062 Dehominibns
777 1989 939 2062 Heracleo
956 2008 1025 2079 que
1038 1987 1157 2058 volunt
1177 1988 1311 2058 solvere
1329 1995 1368 2056 ut
1381 1987 1546 2080 scripsisti
1558 1997 1666 2062 terra·

258 2115 354 2208 gium
371 2115 467 2186 curie
484 2121 599 2186 nostre
615 2135 680 2208 pro
693 2113 792 2186 terris
807 2133 897 2206 quas
915 2120 1048 2200 tenent,
1065 2109 1249 2204 dequibus
1263 2110 1359 2182 curie
1372 2119 1486 2182 nostra
1501 2112 1666 2207 percipiet

257 2257 369 2331 usque
384 2239 499 2309 inser
518 2237 612 2308 mille
634 2237 706 2308 fere
721 2235 865 2326 salmas,
884 2235 997 2328 placet
1014 2234 1115 2306 nobis
1129 2243 1166 2306 ut
1180 2233 1293 2328 ipsum
1309 2233 1494 2326 terragium
1514 2233 1560 2306 ad
1576 2255 1665 2329 opus

258 2361 354 2434 curie
376 2369 491 2433 nostre
511 2360 604 2433 idem
629 2369 780 2432 secretus
802 2380 880 2430 cum
902 2358 1046 2430 consilio
1069 2367 1129 2430 tno
1147 2356 1253 2452 recipi
1277 2344 1379 2428 saciat*
1397 2365 1430 2428 et
1449 2377 1528 2428 cum
1549 2356 1664 2432 debita

259 2484 438 2578 diligentia
454 2483 643 2578 procurari.
666 2481 844 2576 Deplagia
861 2501 1065 2575 veroquam
1083 2479 1187 2552 iidem
1201 2479 1357 2554 homines
1369 2479 1531 2554 Heraclea
1545 2490 1666 2574 petunt

259 2606 353 2696 lieri,
373 2613 414 2678 ut
430 2605 534 2678 barce
555 2584 687 2700 possint
704 2603 879 2696 ingradari
893 2613 928 2676 et
940 2602 1011 2676 lieri
1029 2604 1154 2698 poterit
1171 2624 1251 2675 cum
1267 2603 1432 2698 expensis
1449 2604 1664 2680 solummodo

257 2729 351 2800 mille
377 2737 593 2816 tarenorum,
624 2733 658 2798 et
684 2727 766 2798 inde
790 2726 886 2798 curie
912 2734 1025 2798 nostre
1054 2723 1275 2798 commodum
1304 2726 1437 2820 grande
1468 2727 1661 2820 perveniet,

257 2852 369 2946 placet
386 2850 486 2923 nobis
502 2858 542 2921 ut
563 2849 656 2923 idem
674 2859 825 2922 secretus
841 2850 885 2923 de
903 2849 1044 2922 consilio
1063 2857 1122 2921 tuo
1143 2849 1293 2944 plagium
1314 2849 1424 2943 ipsam
1447 2851 1521 2922 fieri
1540 2859 1666 2922 statum

259 2973 288 3044 si
306 2972 466 3045 videatur
484 2971 650 3066 expedire
672 2973 768 3045 curie
788 2979 914 3044 nostre.
939 2972 1008 3066 lpsi
1027 2972 1118 3043 enim
1138 2979 1269 3044 secreto
1292 2993 1396 3066 super
1418 2975 1581 3046 omuibus
1601 2996 1666 3045 su-

258 3093 424 3188 pradictis
454 3113 516 3188 per
549 3093 686 3168 licteras
715 3102 847 3168 nostrae
876 3095 1043 3190 speciales
1068 3094 1241 3166 mictimus
1269 3102 1382 3166 nostre
1413 3093 1664 3188 beneplacitum

259 3217 457 3308 mejestatis.

307 3341 430 3410 Datum
444 3338 539 3434 apud
556 3339 666 3427 Pisas,
685 3339 779 3412 XXV
795 3339 1004 3430 decembris,
1023 3339 1099 3412 Xlll
1117 3338 1329 3412 indictionis.

307 3463 416 3532 Item:
521 3459 523 3462 ’
541 3537 543 3542 ,

307 3585 525 3676 Fredericus,
543 3595 625 3676 etc,
646 3595 775 3660 secreto
797 3580 1009 3684 [Messanc],
1026 3595 1091 3658 etc.
1111 3583 1325 3680 Significavit
1341 3583 1440 3656 nobis
1454 3605 1517 3679 per
1531 3587 1664 3660 licterae

260 3728 340 3780 suas
365 3706 518 3800 Angelus
542 3706 712 3793 Frisarus,
739 3707 850 3780 fidelis
872 3716 1003 3798 noster,
1029 3707 1124 3802 quod
1150 3707 1313 3780 victualia
1337 3707 1433 3780 curie
1459 3715 1573 3782 nostre
1594 3719 1664 3784 tam

259 3828 304 3901 de
320 3829 487 3924 portubus
497 3851 602 3922 qnam
617 3828 661 3900 de
675 3831 841 3921 granariis
853 3830 977 3902 nostris
990 3853 1060 3924 que
1075 3829 1209 3902 dudum
1220 3831 1267 3904 Μ.
1284 3829 1501 3906 Marchalaba
1513 3842 1665 3906 secret-ne

259 3953 405 4047 accepit,
420 3951 464 4024 ed
476 3973 598 4024 manns
611 3974 693 4025 snas
707 3973 776 4025 non
789 3955 1011 4046 perveniunt,
1028 3965 1131 4049 pront
1142 3953 1334 4026 secundnm
1347 3955 1490 4028 formam
1504 3957 1664 4030 commis·

258 4075 364 4148 sionis
382 4093 445 4148 sne
467 4084 656 4148 noscuntur
679 4074 725 4147 ad
752 4097 852 4148 suum
872 4078 1020 4150 officium
1041 4078 1222 4172 pertinere.
1239 4078 1367 4150 Verum
1386 4079 1470 4172 qnia
1493 4087 1531 4150 tu
1554 4089 1664 4154 castra

259 4207 377 4270 nostra
398 4198 435 4268 in
455 4198 610 4292 partibus
628 4198 713 4292 ipsis
729 4201 855 4272 muniri
876 4201 978 4292 lacis,
997 4202 1106 4294 placet
1123 4201 1325 4272 excellentie
1342 4211 1456 4273 nostre
1474 4201 1569 4296 quod
1586 4203 1663 4274 vic-

253 4321 365 4392 tualia
388 4321 463 4414 ipsa
491 4319 535 4394 de
553 4321 721 4414 portubus
740 4331 774 4392 et
795 4323 962 4411 macariis
981 4323 1104 4395 uostris
1124 4323 1295 4418 percipias
1314 4333 1347 4395 et
1367 4334 1533 4416 quantum
1555 4347 1663 4422 expe·

258 4443 332 4514 dire
347 4443 476 4514 videris
493 4464 554 4537 pro
571 4443 760 4514 munitione
772 4453 959 4516 castrorum
978 4446 1142 4528 retineas;
1164 4445 1208 4518 de
1225 4445 1363 4516 residuo
1383 4447 1487 4518 facias
1506 4449 1602 4542 quod
1616 4451 1663 4524 ad

259 4563 478 4634 commodum
506 4565 601 4636 curie
629 4567 745 4637 nostre
771 4566 892 4637 melius
919 4566 1092 4638 videbitur
1116 4566 1292 4662 expedire.
1319 4567 1533 4658 Significavit
1558 4573 1663 4644 etiam

175 4797 176 4800 Ἴ
258 4684 357 4756 nobis
385 4685 480 4778 quod
507 4685 552 4759 de
575 4688 751 4782 granario,
779 4688 927 4784 campis,
959 4689 1183 4781 molendinis,
1214 4699 1247 4762 et
1272 4689 1457 4764 scadentiis
1480 4692 1659 4788 Anguste,

339 4807 375 4868 V.
959 4824 963 4836 ·
1463 4825 1501 4876 80
