4228 5892
247 533 350 594 Ιιιιιιιπ.
368 531 429 612 12]
696 530 892 592 HISTORIA
918 530 1207 595 utrtottrtTIctt.
1597 531 1658 594 363

247 675 436 756 merentur,
462 685 542 738 ecce
565 663 612 737 ad
636 665 781 736 salutem
808 675 842 736 et
867 666 1149 738 confortationem
1175 677 1325 741 vestram
1353 667 1400 742 ad
1427 675 1542 763 partos
1566 665 1658 761 ipsas

249 790 345 863 omni
373 811 469 861 mora
489 787 678 884 postposita
704 787 854 879 dirigere
879 789 1123 884 proposuimus
1150 813 1288 884 gressus
1311 801 1461 880 nostros,
1482 799 1521 862 ut
1537 811 1601 864 vos
1624 799 1660 864 et

250 910 420 1007 imperiali
433 911 614 984 affectione
626 910 747 983 videre
763 919 797 982 et
813 911 913 1006 plene
929 933 1148 1018 remunerare
1163 915 1349 1008 possimus,
1366 923 1494 986 statum
1507 923 1659 988 vestrum

251 1032 289 1105 in
306 1041 424 1127 optata
440 1032 674 1126 tranquilitate
690 1031 871 1126 disponere
889 1031 1001 1106 modis
1020 1035 1182 1107 omnibus
1198 1035 1416 1110 intendentes
1431 1044 1470 1108 ut
1488 1037 1659 1132 presentia

251 1165 287 1229 et
303 1155 455 1251 potentia
473 1165 591 1228 nostra
606 1165 719 1228 vestra
738 1154 910 1229 desideria
926 1158 1137 1252 repleantur.

307 1723 536 1828 Friderious,
553 1721 813 1850 Rompnorum
831 1720 1052 1830 imperator,
1072 1721 1203 1806 scribit
1220 1723 1465 1832 Papiensibus
1481 1726 1535 1810 eis
1548 1753 1663 1810 eom-
1692 1736 1871 1792 {willel

254 1856 403 1967 patiens
424 1855 472 1937 de
493 1851 802 1962 oppressionibus
822 1879 889 1961 per
911 1834 1207 1938 Mediolanenses
1232 1856 1370 1965 illatis,
1389 1867 1427 1941 et
1451 1861 1601 1943 nuntiat
1625 1887 1665 1944 se

256 1989 306 2072 ad
323 2014 389 2072 cos
406 1986 584 2070 festinare
601 1985 849 2068 temeritatem
867 1985 1066 2068 rebellium
1084 2013 1369 2098 oppressurum.

338 2188 473 2268 (Edider.
488 2187 639 2248 Menum
653 2192 683 2247 et
696 2186 845 2264 numan,
859 2182 995 2266 Ampliat.
1015 2182 1134 2260 collect..
1150 2194 1173 2250 t.
1189 2187 1231 2266 11,
1246 2189 1303 2248 ecl.
1321 2198 1416 2269 1¹⁵⁴,
1431 2199 1465 2252 ιιο
1482 2191 1564 2254 XXJ.
1590 2191 1663 2256 Gcll.

377 2312 447 2356 cum
460 2296 527 2357 cod.
543 2294 619 2356 Blbl.
635 2295 733 2356 Cossu
750 2295 856 2372 earm,
866 2291 961 2374 sends
976 2294 1011 2356 S.
1027 2296 1123 2354 Germ.
1133 2292 1257 2376 Harlay,
1273 2305 1344 2376 455,
1358 2315 1428 2374 pers
1441 2299 1483 2374 11,
1501 2309 1534 2362 ιιο
1548 2298 1613 2379 ⁴8.)

305 2489 526 2582 Prodamus,
554 2497 617 2561 ete.
645 2489 891 2584 Papiensibus‚
916 2497 981 2561 otc.
1002 2487 1140 2562 Moleste
1158 2484 1352 2563 tulimus‘et
1371 2491 1482 2564 altiori
1506 2493 1669 2566 memorie

258 2635 329 2687 non
353 2614 485 2708 absque
504 2612 605 2704 justis
629 2613 780 2686 motibus
801 2633 1019 2685 reservamus
1043 2613 1140 2707 quod
1165 2613 1474 2687 Mediolanensium
1496 2615 1669 2688 temeritas

259 2758 346 2810 ausa
364 2744 416 2808 est
429 2735 475 2808 ad
492 2743 684 2808 vestrarum
699 2733 1002 2829 depopulationem
1015 2733 1173 2805 villarum
1188 2735 1406 2807 othonorum
1423 2736 1670 2808 infortunatum

260 2859 423 2933 habuisse
448 2880 669 2954 progressum
687 2855 762 2956 (l),
785 2865 820 2929 et
843 2857 994 2930 maxime
1015 2879 1094 2928 cum
1118 2857 1154 2928 in
1177 2857 1313 2930 damnis
1336 2867 1371 2930 et
1392 2857 1671 2954 oppressionibus

260 2985 385 3058 vestris
406 2993 501 3056 tanto
528 3005 591 3056 nos
613 2992 713 3077 urget
731 2981 977 3078 compassionis
998 2980 1140 3054 affectus
1165 2993 1295 3076 quanto
1319 3003 1382 3076 pro
1406 2979 1476 3056 fide
1503 2992 1671 3056 nostrast

263 3104 397 3198 imperii
418 3123 581 3199 personas
599 3110 730 3175 vestras
747 3099 900 3196 periculo
921 3109 955 3172 et
972 3099 1205 3173 indifferenter
1221 3101 1389 3174 incendiis
1404 3100 1538 3173 tamdiu
1555 3123 1671 3196 expo-

262 3228 400 3301 sueritis
429 3229 521 3299 bona
546 3235 673 3299 vestra.
704 3225 918 3320 Quapropter
945 3224 991 3297 ad
1017 3233 1130 3320 partos
1156 3225 1248 3320 ipsas
1274 3233 1427 3296 nostrum
1456 3234 1672 3320 prepotenter

264 3350 495 3424 acceleramus
512 3369 707 3440 accessum,
721 3347 994 3443 presumptiones
1008 3356 1042 3420 et
1055 3347 1253 3420 insolentias
1267 3347 1445 3420 rebellium
1460 3345 1668 3443 oppressuri.

264 3473 371 3547 Vobis
383 3494 522 3568 quoque
533 3473 719 3545 liberaliter
731 3481 765 3546 et
774 3473 959 3545 clementer
972 3471 1095 3544 adesse
1107 3471 1304 3543 curabimus
1311 3470 1373 3565 qui
1386 3479 1436 3542 tot
1449 3491 1671 3564 personarum

267 3607 302 3670 et
315 3618 428 3670 rerum
448 3596 667 3670 incommoda
682 3597 821 3668 nomine
843 3604 877 3669 et
892 3595 1034 3668 obtentu
1055 3605 1169 3667 nostre
1192 3593 1274 3666 fidei
1292 3595 1383 3690 passi
1405 3595 1487 3666 estis
1509 3616 1571 3690 per
1591 3595 1672 3668 din·

267 3720 338 3792 tina
356 3729 511 3815 tempora
533 3729 567 3792 et
586 3716 740 3814 quotidie
753 3718 823 3792 fide
839 3719 1091 3814 promptissima
1110 3719 1298 3791 sustinetis,
1321 3721 1478 3810 Exurgat
1496 3719 1601 3812 igitur
1618 3718 1672 3788 in·

266 3843 360 3916 victa
380 3842 466 3916 fides
487 3844 706 3939 Papiensium
735 3852 927 3916 nostrorum
961 3841 1131 3933 fidelium,
1156 3852 1190 3914 et
1221 3864 1283 3914 suo
1313 3842 1438 3915 robore
1466 3844 1673 3914 confortetur

266 3977 381 4039 vestra
409 3989 589 4061 nunquam
617 3988 738 4040 casura
768 3967 925 4058 devotio,
953 3966 1106 4061 quiade
1135 3975 1309 4061 presumta
1333 3987 1444 4060 nuper
1469 3975 1586 4038 contra
1609 3987 1673 4038 vos

267 4090 451 4163 insolentia
465 4113 642 4185 nunquam
663 4090 729 4162 sibi
745 4091 946 4185 gloriabitur
962 4089 1134 4161 iuimicus.
1153 4089 1242 4162 Ecce
1258 4090 1355 4185 quod
1358 4142 1671 4163 ...............

317 4211 475 4309 (Caetera
490 4214 646 4313 desunt.)

270 4373 517 4384 ...α-...ω
526 4375 531 4381 .
538 4375 650 4382 .--.
656 4374 720 4383 .—

304 4441 341 4515 (t)
359 4441 398 4500 Cf.
417 4441 545 4499 otiante.
567 4439 665 4499 derel.
684 4442 716 4498 ιἰι
739 4440 804 4498 Ital.
820 4443 915 4513 pestis,
929 4457 957 4514 p.
978 4442 1041 4510 tue,
1057 4439 1105 4496 ubi
1121 4444 1247 4496 narratur
1268 4437 1434 4512 expedition
1454 4429 1628 4512 Papiensibus
1647 4437 1676 4495 in

270 4544 379 4613 pontem
389 4539 573 4596 Placentinum
585 4538 663 4596 iactu.
676 4539 750 4609 Quae
762 4555 825 4596 cum
836 4539 907 4596 male
920 4537 1107 4610 successisset,
1121 4537 1267 4612 Papiensss
1280 4537 1371 4595 mulda
1383 4535 1489 4595 damnis
1505 4536 1622 4610 acceptis
1633 4535 1677 4594 die

271 4637 301 4696 2⁴
318 4637 375 4710 julii
386 4637 421 4695 ad
432 4637 540 4712 propria
552 4642 729 4696 recessamnt.
