4278 5920
518 573 577 636 134
1014 573 1228 634 unioculo!
1253 573 1427 634 SECUNDI
1632 597 1639 606 ·
1741 575 1818 660 [aar.
1837 577 1930 640 1237.

518 716 683 782 motatum
696 727 896 801 aggressum
913 707 1081 802 tantisper
1092 707 1295 778 obmisimus
1310 729 1421 802 usqne
1442 727 1543 780 mane
1559 710 1729 803 sequenti,
1751 710 1933 786 discinctis

515 831 753 906 tautummodo
769 830 894 925 gladiis
911 829 957 902 ad
974 831 1144 924 quietem,
1159 831 1222 904 sed
1236 832 1361 904 tunicis
1378 831 1496 904 ferreis
1514 853 1583 905 non
1600 833 1735 924 exutis,
1756 835 1802 908 ad
1817 836 1933 910 indu-

514 957 656 1030 bitatam
669 956 848 1028 victoriam
862 955 986 1028 carocii
1001 955 1163 1046 redituri;
1178 955 1274 1050 quod
1289 957 1559 1052 superveniente
1574 957 1665 1049 luce,
1678 957 1768 1032 inter
1781 961 1932 1033 aliorum

514 1083 637 1156 vilium
660 1103 823 1154 curruum
845 1091 993 1168 turmas,
1009 1080 1164 1174 qualibet
1177 1080 1377 1153 defensione
1400 1080 1589 1176 reperimus
1615 1081 1809 1175 desertum,
1829 1108 1931 1158 sum·

514 1205 633 1277 mitate
651 1205 788 1298 pertine,
806 1203 867 1275 ubi
883 1224 971 1274 crux
989 1203 1160 1290 extiterat,
1177 1203 1394 1294 detmncata;
1414 1225 1484 1297 que
1500 1225 1588 1276 crux
1604 1205 1708 1276 etiam
1725 1205 1809 1279 dum
1826 1209 1933 1282 vide-

515 1339 607 1403 retur
622 1327 833 1422 fugientibus
845 1347 1002 1417 onerosa,
1019 1327 1055 1398 in
1071 1326 1188 1400 medio
1205 1327 1319 1398 extitit
1337 1327 1512 1400 derelicta.
1526 1328 1679 1401 Castrum
1697 1333 1800 1404 etiam
1816 1331 1931 1405 Curtis

514 1454 623 1541 Nove,
645 1454 745 1545 cnjus
760 1451 952 1524 munimine
968 1451 1061 1545 ipsos
1074 1449 1223 1523 insultus
1238 1459 1372 1523 nostros
1385 1451 1533 1524 evadere
1549 1451 1791 1544 credebamus,
1812 1465 1932 1530 eusto-

515 1577 578 1652 des
599 1585 634 1648 et
647 1576 758 1648 incole
775 1575 942 1668 reliquere
962 1601 970 1644 ι
992 1595 1098 1647 nec...
1122 1585 1271 1670 potestas
1289 1595 1456 1647 eorum...
1475 1574 1576 1648 ducis
1598 1575 1818 1650 venetiarum
1836 1579 1931 1653 iliius

515 1721 586 1798 quo
605 1699 695 1773 duce
711 1689 872 1793 lugubria
888 1699 987 1792 signa
1003 1699 1177 1791 tulerunt,
1199 1720 1321 1771 manua
1336 1707 1468 1771 nostras
1485 1700 1607 1772 evasit.
1623 1701 1666 1774 iit
1683 1709 1722 1773 ut
1738 1704 1845 1775 multa
1860 1703 1930 1776 sub

516 1823 720 1919 compendio
735 1819 1003 1910 concludamus,
1025 1831 1098 1893 tum
1115 1823 1206 1917 capti
1224 1831 1297 1893 tum
1311 1821 1456 1914 mortui,
1474 1823 1562 1895 inter
1580 1845 1668 1918 qnos
1683 1827 1781 1898 multi
1799 1827 1933 1902 iiiedio-

516 1949 666 2023 lanensis
697 1947 853 2020 lectionis
878 1945 1040 2040 primates
1066 1954 1102 2018 et
1126 1944 1299 2040 principes
1329 1955 1549 2037 corruerunt,
1582 1946 1703 2021 decem
1734 1949 1828 2023 milia
1856 1951 1931 2024 lere

428 2083 434 2094 '
516 2095 662 2146 numero
690 2079 945 2165 computantur.
970 2069 1046 2154 Que
1069 2069 1184 2141 omnia
1212 2067 1448 2162 significamus
1475 2071 1576 2144 vobis
1604 2073 1651 2146 ed
1675 2073 1860 2166 gaudium,
1890 2085 1931 2146 ut

516 2197 699 2296 provenire
724 2195 861 2268 noveris
879 2191 956 2291 (ric)
977 2193 1121 2291 imperio
1146 2193 1192 2267 ad
1214 2205 1438 2289 augmentum
1456 2195 1552 2292 quod
1572 2198 1634 2270 tibi
1652 2197 1820 2273 duximus
1837 2200 1930 2272 inti-

518 2316 759 2415 mandumic).

566 2447 691 2518 Datum
708 2443 890 2536 Cremone,
909 2451 1033 2537 quarto
1050 2439 1260 2534 decembris,
1281 2441 1466 2517 undecimo
1483 2443 1693 2518 indictionis.

570 3053 801 3159 Fridericus,
822 3051 1081 3134 Romanorum
1100 3049 1320 3159 imperator,
1341 3049 1509 3134 notificet
1526 3051 1805 3163 archiepiscopo
1823 3053 1932 3137 Ebo-

517 3188 662 3272 raoensi
692 3185 888 3269 victoriam
920 3184 968 3265 de
1002 3181 1347 3268 Mediolanensibus
1378 3193 1607 3292 reportatam
1640 3187 1743 3295 apud
1775 3187 1929 3270 Curtem

517 3320 661 3408 Novam
678 3317 862 3428 vigesimo
881 3315 1040 3424 septimo
1058 3315 1120 3398 die
1137 3314 1368 3399 novembris.

598 3519 719 3600 (naut.
737 3535 775 3578 ex
788 3517 854 3578 em.
875 3525 908 3578 a·
923 3513 1093 3596 casseu
1106 3517 1142 3580 a.
1160 3515 1362 3598 mmmm
1378 3517 1476 3580 our.
1493 3519 1741 3600 rnc.‚pm11,
1756 3521 1929 3602 axum.)

564 3692 781 3781 Fredericus,
809 3699 863 3764 etc
866 3743 1037 3763 .....
1049 3721 1078 3761 ’.
1110 3743 1120 3762 .
1150 3744 1160 3762 .
1190 3691 1410 3763 .venerabili
1437 3691 1694 3788 archiepiscopo
1721 3693 1931 3768 Eboracensi

516 3815 643 3912 Angiie
672 3815 827 3912 primati,
853 3823 921 3887 etc.
955 3814 1044 3899 Quia
1075 3813 1228 3886 felicium
1261 3837 1483 3888 successuum
1518 3825 1711 3888 nostrorum
1746 3817 1929 3913 specialem

518 3941 653 4038 cuperis
672 3940 800 4014 habere
818 3937 980 4010 noticiam
998 3948 1038 4009 ui
1061 3959 1122 4032 per
1138 3937 1345 4011 industriam
1364 3949 1460 4011 tuem
1477 3939 1523 4012 ad
1541 3939 1625 4014 alios
1644 3941 1843 4014 convicinos
1856 3943 1930 4014 aia·

517 4067 618 4140 criter
644 4063 834 4153 deleratur,
855 4062 943 4134 scire
969 4071 1003 4134 te
1026 4063 1191 4135 volumus
1219 4071 1255 4135 et
1278 4062 1375 4134 letari
1397 4063 1492 4156 quod
1513 4063 1787 4137 Mediolanenses
1812 4063 1930 4138 hostes

516 4189 651 4284 imperii
673 4187 730 4261 die
753 4187 888 4260 veneris
911 4186 1034 4261 XXVII
1060 4187 1186 4260 mensis
1213 4185 1410 4258 novembris
1430 4187 1497 4258 sub
1519 4189 1650 4282 potenti
1670 4209 1775 4261 manu
1802 4211 1928 4262 succu-

515 4313 624 4386 buere
640 4311 784 4386 devicti.
802 4311 889 4384 Nam
906 4333 985 4383 cum
1005 4332 1065 4383 eoe
1078 4310 1125 4383 ad
1147 4310 1214 4384 hoc
1230 4309 1329 4384 solita
1347 4309 1493 4406 perfidia
1515 4311 1720 4386 deduxisset
1734 4323 1775 4386 ut
1789 4315 1927 4387 collecta

557 4483 599 4564 (a)
622 4485 716 4563 Apud.
725 4485 902 4563 encyclicam
914 4485 947 4544 ln
956 4485 1043 4560 epist.
1053 4483 1134 4544 Petri
1147 4482 1184 4543 de
1196 4481 1297 4544 Vincis
1310 4486 1353 4544 sic
1366 4485 1489 4562 explicit
1504 4503 1513 4546 ι
1527 4504 1543 4544 ι
1554 4487 1618 4562 Qua
1631 4488 1731 4547 omnia
1745 4488 1928 4548 universitati

514 4595 612 4653 vestre
623 4591 825 4670 significamus
844 4591 883 4650 ad
896 4589 1052 4668 gandium,
1068 4595 1102 4650 ut
1116 4591 1269 4666 provenire
1287 4595 1404 4651 noverit
1422 4591 1461 4652 ad
1474 4599 1667 4682 augmentum
1681 4593 1763 4670 quod
1776 4610 1814 4654 cx
1828 4601 1927 4656 tenore

515 4700 693 4776 presentium
707 4697 814 4778 iegitur
827 4699 1003 4759 concessisse
1015 4696 1136 4758 titulum
1150 4698 1330 4774 imperialem
1345 4697 1385 4758 ad
1398 4697 1522 4776 gloriam
1536 4705 1566 4760 et
1578 4699 1771 4776 triumphum.
1789 4719 1806 4758 r
