4228 5892
214 629 313 691 lucrer.
333 625 394 706 ta]
665 623 862 686 HISTORIA
886 620 1178 685 bratonn'rtcn.

428 912 814 926 ffl—-u-
817 907 1411 926 unm-*aunuum

270 1174 431 1258 lacobus
449 1175 497 1257 de
513 1155 732 1258 Roncanbio
750 1173 895 1259 domini
919 1199 1039 1284 papae
1062 1173 1224 1258 vicarius
1251 1169 1381 1259 scribit
1397 1169 1622 1256 Bononien-
1657 1168 1820 1288 „pffil

216 1305 325 1390 sibus
357 1307 573 1417 quodcum
602 1305 785 1390 Henricus
816 1305 918 1389 filius
948 1306 1187 1416 imperatoris
1210 1303 1416 1390 Marchiam
1447 1301 1623 1386 Anconi-

217 1447 350 1520 tanam
378 1438 556 1520 invadere
584 1438 785 1546 disponat,
814 1437 887 1547 ipsi
922 1437 1003 1521 zelo
1032 1435 1219 1520 Ecclesiae
1248 1435 1394 1519 accensi
1425 1433 1625 1517 audaciam

88 1620 94 1632 ·
217 1569 323 1652 illus
340 1569 497 1654 viriliter
514 1570 735 1680 impediant.

303 1792 424 1872 (laedit
440 1809 479 1854 cx
492 1792 559 1854 eod.
574 1791 651 1854 Btbl.
666 1791 764 1854 Gesan
781 1793 888 1868 Par-ln,
900 1807 965 1853 erre.
972 1788 1064 1871 secde
1077 1788 1163 1866 tatic,
1179 1797 1269 1864 2954,
1283 1789 1333 1854 iol
1350 1799 1368 1851 5
1383 1792 1487 1865 recto.)

269 1988 400 2058 Littera
413 2007 513 2082 pum
529 1985 682 2059 domim
699 1987 837 2059 Iacobus
852 1985 893 2057 de
913 1983 1099 2056 Bocccnbio
1121 1983 1249 2055 domiai
1258 2006 1347 2079 pape
1371 1983 1515 2054 vicarius
1537 2005 1627 2055 com-

220 2111 319 2182 muni
336 2111 533 2182 Bononiensi
550 2109 735 2183 destinavit.

270 2235 370 2306 Latos
391 2254 546 2306 rumores
564 2233 738 2327 accipiens
761 2253 849 2326 quos
871 2231 963 2304 fama
983 2231 1126 2304 celebris
1148 2229 1195 2303 ad
1219 2229 1396 2303 ulteriores
1415 2238 1530 2326 partes
1552 2239 1630 2304 tes-

223 2358 367 2432 timonio
391 2358 535 2430 certiore
557 2356 716 2449 diffudit,
738 2355 893 2429 exultari
922 2376 984 2451 pre
1006 2355 1135 2449 gaudio
1161 2362 1196 2426 et
1223 2354 1259 2425 in
1278 2355 1464 2448 gratiaram
1485 2356 1631 2452 prorupi

224 2481 359 2555 debitas
380 2480 544 2555 actiones.
568 2481 597 2554 E
618 2481 693 2554 celo
716 2479 858 2574 quidem
880 2478 1079 2552 dimicatum
1104 2486 1156 2550 est
1176 2485 1210 2550 et
1231 2478 1407 2574 pmspexit
1431 2479 1565 2572 justitia
1587 2478 1632 2554 de

224 2604 472 2700 supernisque
494 2603 651 2678 debitum
676 2625 780 2678 suum
804 2602 931 2697 cuique
952 2602 1106 2674 tribuens
1126 2602 1239 2676 illesos
1258 2601 1348 2674 lilios
1363 2603 1464 2676 matri
1487 2625 1633 2678 conser-

225 2727 325 2801 vavit
335 2727 489 2802 Ecclesia
502 2736 537 2800 et
552 2729 731 2801 enervavit
748 2725 926 2800 manifeste
942 2725 1123 2800 brachium
1139 2726 1323 2822 impiorum
1340 2724 1403 2823 (a).
1418 2726 1495 2800 Non
1510 2749 1634 2802 manus

228 2860 345 2925 vestra
367 2853 518 2944 excelsa,
541 2851 604 2925 scd
623 2851 792 2924 Dominus
808 2851 875 2924 hac
891 2851 1007 2924 omnia
1021 2851 1101 2923 fecit
1120 2848 1215 2923 unde
1233 2851 1430 2946 letatur'pia
1445 2859 1554 2925 mater
1570 2853 1635 2926 Ec·

228 2975 346 3062 clesia,
365 2974 473 3048 hostis
492 2974 641 3068 ejicitur,
666 2975 799 3047 amicus
816 2975 970 3070 erigitur,
990 2981 1026 3048 et
1044 2974 1093 3047 sic
1111 2974 1203 3048 bona
1218 2975 1427 3071 proveniunt
1449 2977 1551 3050 nobis
1573 2999 1635 3073 pa·

228 3097 311 3170 riter
329 3097 503 3171 universa.
525 3099 633 3192 Igitur
660 3099 803 3172 viriliter
826 3099 917 3191 agite
940 3108 975 3171 et
997 3099 1205 3172 confortetur
1227 3121 1285 3173 cor
1303 3108 1457 3172 vestrum
1479 3101 1556 3174 vioe
1578 3121 1637 3195 ge·

228 3220 366 3294 natricis
381 3221 531 3294 Ecclesia
548 3221 781 3314 condolentes,
799 3243 869 3318 que
884 3215 1054 3296 vos'inter
1070 3232 1202 3297 ceteros
1213 3224 1430 3320 prerogativa
1443 3225 1637 3300 dilectionis

229 3344 447 3441 amplectitur
465 3354 499 3417 et
513 3344 706 3418 dilectionis
724 3343 881 3417 innititur
899 3343 1029 3419 fiducia
1047 3346 1227 3442 singulari.
1252 3350 1341 3421 Sane
1367 3349 1455 3422 sicut
1481 3371 1638 3423 summus

230 3467 387 3564 pontifex
412 3467 581 3542 intellexit
606 3469 770 3541 relatione
796 3467 966 3562 veridica,
982 3467 1160 3543 ‘Henricus
1183 3469 1275 3544 iilius
1297 3471 1467 3546 Frederici
1492 3474 1638 3568 impera·

232 3591 316 3664 toris
346 3589 596 3664 Anconitanum
622 3592 810 3665 biarchiam
837 3591 1002 3666 invadere
1027 3593 1258 3688 machinatur,
1284 3595 1382 3669 dolos
1406 3596 1576 3670 fabricans
1601 3607 1640 3670 ut

234 3713 315 3788 dolo
332 3715 579 3788 circumveniat
595 3713 797 3810 simpliciter
815 3717 1040 3790 ambulantes.
1060 3716 1130 3790 Sed
1144 3739 1248 3813 super
1268 3719 1340 3790 istis
1350 3719 1478 3814 jugiter
1490 3718 1536 3815 (b)
1555 3721 1641 3816 vigil

233 3835 386 3910 Ecclesia
404 3837 585 3910 concludet
601 3837 765 3911 laudibus
783 3835 826 3935 (i)
842 3839 917 3912 vias
935 3861 1033 3932 suas,
1061 3841 1179 3936 spinas
1203 3851 1352 3938 opponet
1373 3851 1407 3915 et
1430 3843 1572 3946 tribulos
1595 3866 1641 3918 ne

234 3961 331 4056 qnod
341 3961 501 4034 inimicus
516 3961 700 4034 crudeliter
713 3962 888 4056 cogitavit,
903 3962 1078 4037 crudelius
1093 3965 1167 4060 ipse
1182 3964 1347 4060 perficiat.
1359 3967 1546 4066 Exurgatis
1558 3989 1642 4042 vem

233 4085 376 4157 viriliter
397 4094 436 4157 ut
459 4086 594 4180 fugiant
617 4086 678 4180 qui
705 4086 851 4160 oderunt
873 4088 1062 4162 Ecclesiam
1087 4111 1109 4162 a
1136 4090 1223 4162 facia
1246 4091 1321 4183 ejus
1343 4099 1378 4162 et
1402 4091 1643 4186 dispergantur

234 4207 374 4303 penitus
398 4207 542 4281 inimici.
568 4207 679 4282 Pedes
704 4210 795 4282 enim
822 4209 904 4283 dicti
926 4212 1062 4283 Henrici
1086 4211 1132 4285 ad
1153 4213 1281 4284 malam
1306 4224 1449 4286 currunt
1472 4225 1512 4286 ut
1534 4214 1643 4288 effun-

235 4327 322 4402 dant
344 4331 560 4424 sanguinem.
589 4333 658 4406 Vos
682 4343 795 4406 nutem
820 4355 884 4430 pro
907 4355 1005 4406 maro
1030 4334 1165 4407 Domini
1188 4358 1325 4408 murum
1351 4337 1514 4434 opponite
1533 4348 1568 4412 et
1590 4339 1644 4412 in·

236 4474 394 4548 gessum
416 4457 491 4550 ejus
515 4455 551 4527 in
573 4456 725 4530 Marchia
747 4456 892 4532 audacia
917 4468 1079 4533 consueta
1095 4460 1237 4533 viriliter
1254 4461 1431 4557 impedite.
1451 4463 1529 4536 Scio
1552 4464 1643 4536 enim

279 4615 323 4700 (a)
342 4621 377 4681 ln
389 4621 488 4683 codiee
493 4623 658 4703 jactam.

280 4721 322 4804 (b)
343 4725 380 4786 In
392 4725 491 4788 codiee
502 4729 597 4808 capit
