4242 5904
503 597 564 659 188
1002 597 1220 662 unlnenlcl
1246 596 1420 658 sncdunl
1727 597 1806 674 [Aur.
1826 595 1909 658 1938.

500 732 648 806 verbum
663 732 746 806 huic
761 734 943 829 privilegio
963 735 1201 810 nostruinseri
1215 733 1401 826 jussimus,
1423 733 1539 803 omnia
1555 753 1626 827 qne
1643 732 1861 804 continentur
1877 730 1912 802 in

500 876 544 928 eo
566 856 611 930 de
631 856 819 951 imperialis
839 855 1085 953 praeminentia
1104 858 1215 950 gratia
1228 854 1480 928 confirmantes.
1501 857 1553 929 De
1566 855 1809 928 abundantiori
1821 878 1911 949 quo-

500 1000 569 1072 que
595 981 787 1052 serenitatis
804 993 921 1055 nostre
943 983 1053 1076 gratia
1071 981 1294 1055 comedimus
1314 988 1349 1052 et
1368 978 1612 1052 confirmamus
1634 979 1747 1052 eidem
1765 977 1911 1073 Guigoni

499 1103 615 1174 omnia
631 1103 699 1175 alia
715 1125 784 1198 qne
800 1126 821 1176 a
838 1105 938 1178 nobis
957 1116 991 1178 at
1007 1106 1052 1177 ab
1070 1105 1214 1202 imperio
1230 1113 1346 1176 nostro
1364 1112 1479 1190 tend,
1499 1103 1589 1174 sicut
1604 1125 1645 1176 ea
1660 1104 1754 1195 juste
1769 1113 1863 1176 tenet
1879 1113 1913 1176 et

499 1225 654 1321 possidet
672 1236 706 1299 et
726 1237 958 1300 antecessores
981 1230 1034 1301 sni
1053 1232 1145 1322 juste
1163 1229 1331 1300 hactenus
1349 1237 1546 1298 tenuerunt.
1566 1226 1794 1300 Concedimus
1811 1227 1911 1300 eliam

499 1351 565 1422 sibi
588 1360 626 1421 ut
647 1351 692 1423 de
711 1352 959 1446 omnibusque
977 1353 1022 1424 ad
1040 1353 1313 1444 jurisdictionem
1332 1360 1367 1423 et
1384 1350 1615 1444 cognitionem
1632 1359 1832 1423 nostramet
1849 1351 1913 1422 im·

499 1474 584 1567 perii
601 1473 789 1568 pertinent,
810 1476 960 1547 nonnisi
981 1497 1095 1548 coram
1118 1475 1219 1548 nobis
1243 1485 1277 1546 et
1293 1461 1554 1546 'succesoribus
1578 1473 1702 1546 nostris
1717 1482 1778 1544 aut
1793 1473 1913 1566 legalis

498 1595 534 1666 in
550 1617 656 1690 regno
669 1599 870 1692 Burgundie
887 1621 949 1693 per
965 1600 1149 1694 imperium
1166 1621 1227 1694 pro
1245 1607 1398 1693 tempore
1413 1598 1624 1686 statuendis,
1638 1596 1712 1692 ipse
1728 1617 1842 1692 perse
1856 1597 1912 1668 vel

497 1741 560 1816 per
586 1743 668 1794 suos
693 1721 816 1795 debeat
839 1723 1073 1814 adjustitiam
1104 1722 1289 1812 coherceri.
1324 1721 1513 1798 statuimus
1542 1721 1648 1815 igitur
1679 1729 1714 1792 st
1743 1719 1912 1814 imperiali

496 1844 678 1916 sanximus
704 1845 837 1935 edictu,
859 1857 1031 1938 qnatenus
1054 1847 1147 1918 nulla
1172 1867 1318 1940 persona
1340 1847 1408 1916 alta
1429 1847 1484 1916 vel
1505 1845 1663 1934 humilis,
1686 1845 1911 1918 ecclesiastica

496 1967 552 2038 vel
571 1967 751 2054 secularis,
776 1967 970 2061 predictum
990 1968 1182 2062 Gnigonem
1199 1980 1259 2041 aut
1277 1990 1492 2041 successores
1508 1989 1590 2040 suos
1606 1976 1723 2040 contra
1744 1970 1911 2061 presentis

496 2088 668 2182 privilegii
689 2091 795 2162 nostri
820 2101 971 2162 tenorem
997 2113 1084 2163 ausu
1103 2093 1282 2165 temerario
1306 2093 1498 2187 inquietare
1515 2092 1571 2166 vel
1594 2093 1775 2164 molestare
1792 2113 1910 2186 presu-

496 2221 587 2300 mat;
612 2212 710 2307 quod
734 2214 794 2306 qui
819 2217 1067 2310 presumpserit
1098 2216 1369 2310 indignationem
1396 2216 1556 2288 culminis
1582 2215 1688 2288 nostri
1714 2237 1753 2288 se
1778 2215 1911 2290 noverit

495 2337 717 2408 incursurum
735 2346 769 2408 et
785 2347 921 2410 centum
941 2339 1046 2411 libras
1062 2339 1137 2411 auri
1155 2339 1274 2434 optimi
1294 2361 1358 2434 pro
1375 2359 1464 2434 pena
1476 2339 1766 2434 compositurum,
1785 2339 1911 2412 medie·

493 2469 564 2533 tate
576 2461 706 2534 scilicet
717 2483 851 2535 camere
864 2473 980 2536 nostre
997 2474 1032 2536 et
1046 2465 1182 2557 reliqna
1196 2464 1380 2536 medietate
1392 2463 1503 2558 passis
1516 2463 1676 2554 injuriam
1689 2461 1905 2557 applicanda.

494 2587 538 2658 Ut
551 2593 665 2656 antem
682 2584 747 2656 hec
761 2595 878 2658 nostra
896 2587 1085 2678 innovatio,
1102 2587 1249 2679 adjectio
1263 2597 1297 2658 et
1314 2585 1526 2660 confirmatio
1545 2586 1650 2658 robur
1665 2586 1819 2682 optineat
1834 2606 1909 2679 per·

492 2716 597 2802 petue
616 2707 807 2798 firmitatis,
825 2709 1049 2804 privilegium
1067 2731 1210 2806 presens
1232 2711 1298 2782 sibi
1316 2711 1389 2784 fieri
1409 2722 1442 2783 et
1461 2711 1575 2803 sigillo
1595 2709 1783 2802 majestatis
1798 2719 1909 2782 nostre

489 2831 658 2924 jussimus
677 2833 898 2907 communiri.

542 2956 652 3047 Hujus
676 2955 725 3028 rei
746 2965 849 3028 testes
872 2965 977 3028 sunt:
997 2957 1172 3030 lohannes
1199 2957 1403 3030 Viennensis
1427 2957 1721 3051 archiepiscopus,
1742 2956 1783 3027 ll.
1808 2955 1907 3050 Vapi-

493 3079 605 3150 censis
621 3080 819 3174 episcopus,
835 3082 873 3152 P.
890 3080 1222 3176 Gratianopolitanus
1237 3082 1440 3177 episcopus,
1462 3082 1504 3153 ll.
1523 3080 1574 3175 (a)
1593 3079 1817 3152 Vercellensis
1836 3077 1908 3172 epi·

493 3223 639 3297 scopus,
661 3203 813 3296 Hngntio
829 3204 1048 3276 laurinensis
1072 3205 1255 3299 episcopus
1266 3259 1276 3297 ,
1297 3205 1489 3278 Pandullue
1507 3205 1683 3277 Pactensis
1702 3205 1904 3300 episcopus,

491 3323 689 3397 Bonilacins
714 3325 865 3398 marchio
890 3326 1149 3418 Montislerrati,
1173 3326 1388 3400 Mainlredus
1412 3327 1565 3398 marchio
1583 3326 1729 3414 Lamia,
1748 3325 1908 3420 magister

492 3445 614 3520 Petrus
628 3449 674 3522 de
687 3449 796 3520 Vinea
811 3471 934 3544 magne
949 3451 1044 3524 curie
1061 3461 1177 3524 nostre
1188 3452 1318 3544 judex,
1338 3461 1373 3525 et
1391 3451 1449 3522 alii
1465 3453 1702 3546 quamplures.

542 3573 686 3664 Signum
703 3572 835 3646 domini
853 3576 958 3646 nostri
977 3575 1143 3648 Friderici
1161 3577 1324 3664 secundi,
1341 3577 1403 3648 Dei
1424 3575 1535 3670 gratia
1556 3575 1771 3648 invictissimi
1790 3575 1909 3646 Homa-

493 3717 618 3769 norum
634 3697 846 3792 imperatoris
860 3719 996 3792 semper
1011 3700 1166 3792 augusti,
1187 3701 1399 3773 Hierusalem
1419 3709 1454 3771 et
1468 3699 1581 3772 Sicilie
1594 3699 1697 3792 regis.

543 3819 629 3892 Acta
650 3830 730 3892 sunt
754 3820 820 3893 hec
851 3843 943 3894 anno
968 3821 1139 3895 dominice
1164 3823 1407 3896 incarnationis
1427 3824 1474 3896 M.
1491 3822 1553 3894 CC.
1568 3823 1760 3910 XXXVlll,
1792 3841 1909 3893 mense

492 3942 627 4038 aprilis,
654 3943 837 4016 undecima
858 3945 1073 4037 indictionis,
1100 3947 1290 4042 imperante
1317 3947 1459 4020 domino
1484 3953 1600 4018 nostro
1625 3944 1819 4035 Friderioo,
1847 3945 1908 4016 Dei

471 4045 472 4050 ¹
492 4067 602 4160 gratia
626 4067 853 4140 invictissimo
879 4070 1109 4142 Romanorum
1129 4072 1335 4166 imperatore
1354 4091 1491 4165 semper
1509 4079 1674 4162 augusto,
1695 4067 1907 4140 Hierusalem

492 4199 528 4262 et
543 4189 656 4263 Sicilia
674 4213 774 4286 rege,
793 4192 929 4287 imperii
947 4193 1023 4285 ejus
1044 4217 1137 4267 anno
1153 4205 1275 4268 octavo
1292 4194 1445 4284 decimo,
1464 4193 1561 4287 regni
1579 4192 1793 4264 Hierusalem
1811 4187 1908 4262 tertio

492 4310 644 4404 decimo,
661 4314 759 4404 regni
774 4336 857 4388 vero
871 4315 984 4388 Sicilie
1003 4317 1284 4412 quadragesimo,
1305 4318 1458 4390 feliciter.
1479 4317 1603 4389 Amen.

540 4437 666 4508 Datum
682 4436 779 4534 apud
795 4439 1004 4533 Taurinum,
1022 4463 1133 4534 auno,
1152 4463 1269 4514 mense
1282 4452 1317 4514 et
1331 4441 1521 4514 indictione
1535 4439 1746 4536 prescriptis.

531 4585 570 4665 (a)
589 4587 648 4648 Slc.
663 4589 699 4648 In
715 4592 847 4666 sequenti
860 4595 960 4650 tannen
975 4591 1144 4670 privilegio,
1158 4609 1189 4670 p.
1209 4601 1279 4671 192,
1295 4593 1416 4652 lnltialis
1428 4591 1558 4671 ejusdem
1572 4592 1702 4650 nominis
1715 4588 1813 4647 littera
1825 4585 1906 4646 erlal-

509 4692 626 4754 beturJ.
