4262 5910
260 589 443 666 latercula]
715 584 912 648 lllS'l'OlllA
936 584 1230 647 uranonnrlcn.

318 1139 497 1224 Mandata
518 1139 567 1221 ad
596 1137 900 1222 Camelerarinm
925 1138 973 1220 de
996 1137 1113 1246 Papia
1134 1146 1171 1220 et
1193 1137 1242 1218 ad
1265 1137 1524 1218 Alexandrum
1548 1133 1670 1217 filium

266 1271 416 1354 Henriei
438 1271 487 1354 de
509 1269 662 1353 duobus
684 1269 897 1352 falconibus
923 1295 947 1352 a
966 1267 1103 1352 Sancto
1129 1267 1309 1353 Flaviano
1331 1295 1454 1380 usque
1477 1269 1527 1352 ad
1552 1293 1671 1380 prae-

268 1401 429 1486 sentiam
447 1399 628 1512 principis
651 1401 682 1482 si
702 1401 784 1484 fieri
801 1401 921 1512 possit
938 1401 1169 1504 deferendis,
1192 1411 1229 1485 et
1246 1405 1294 1484 de
1311 1401 1484 1512 expensis
1502 1427 1572 1511 pro
1591 1399 1672 1482 lal-

268 1535 426 1619 conibus
447 1544 484 1618 et
500 1533 746 1644 portitoribus
762 1534 856 1646 ipsis
873 1535 1110 1618 exhibendis.

351 1736 478 1818 (Reqrrt.
493 1737 597 1816 imper.
609 1731 728 1795 mera.
743 1733 785 1812 11,
798 1732 852 1796 lol.
868 1742 907 1794 ⁴8
918 1739 1008 1806 racto3
1023 1737 1055 1794 ln
1068 1733 1139 1794 edit.
1157 1732 1293 1811 onem,
1306 1749 1337 1808 p.
1352 1729 1436 1810 aro.)

319 1912 366 1979 De
379 1908 549 2002 imperiali
561 1907 718 1979 mandato
733 1907 865 2002 sempsit
879 1905 1060 2001 Ropqrrius
1076 1903 1116 1976 de
1130 1907 1422 1978 Petraatumniuo:

318 2031 537 2122 Fredericus,
558 2040 641 2122 etc,
655 2029 895 2102 Comelevario
916 2028 960 2101 de
973 2029 1096 2124 Papia,
1117 2038 1182 2101 eto.
1199 2028 1369 2101 Fidelitati
1386 2041 1444 2101 tue
1457 2027 1679 2124 precipiendo

272 2153 474 2226 mandamns
503 2162 673 2246 quatenm
702 2153 791 2225 dnos
819 2153 970 2224 falcones
998 2174 1133 2244 sacros,
1159 2151 1320 2224 videlicet
1342 2152 1438 2223 illum
1466 2152 1528 2248 qui
1555 2151 1705 2224 dicitnr·

271 2279 364 2350 Saxo
381 2286 414 2348 et
431 2277 535 2348 alium
557 2277 731 2348 meliorem
756 2296 861 2370 quem
880 2275 1005 2360 babes,
1030 2295 1091 2369 per
1110 2275 1198 2347 duos
1216 2275 1325 2348 bonos
1340 2273 1519 2370 portitores
1538 2273 1584 2348 ad
1602 2295 1681 2372 pre·

273 2402 421 2473 sentiam
450 2409 601 2472 nostram
628 2421 689 2494 per
715 2408 840 2471 terram
864 2399 1099 2488 transmictas,
1130 2398 1318 2492 injungens
1346 2397 1571 2494 portitoribus
1595 2407 1682 2471 uta

274 2525 397 2595 Sancto
432 2523 595 2595 Flaviano
630 2521 666 2593 in
696 2529 796 2594 antea
832 2541 944 2616 usque
972 2521 1019 2594 ad
1052 2523 1260 2615 presentiam
1295 2531 1466 2612 nostram,
1504 2522 1534 2594 si
1563 2544 1683 2596 securo

274 2647 393 2718 venire
410 2654 591 2740 poterunt,
609 2645 770 2732 veniant;
788 2645 942 2738 alioquin
967 2643 1162 2738 significent
1189 2645 1290 2717 nobis
1312 2643 1500 2716 adventum
1522 2669 1624 2718 soum
1646 2657 1684 2720 nt

275 2770 363 2842 sicut
382 2769 414 2842 ei
434 2767 675 2841 mandabimus
698 2776 927 2862 exequantur.
956 2770 999 2838 Et
1028 2782 1108 2842 eece
1125 2767 1221 2864 qnod
1237 2767 1436 2841 Alexandro
1460 2769 1530 2842 filio
1548 2771 1684 2842 Henrioi

276 2891 482 2965 mandamus
505 2900 545 2962 ut
570 2891 614 2964 ad
640 2891 898 2986 requisitionem
923 2900 1017 2964 tuam
1039 2915 1101 2988 pro
1129 2893 1318 2966 falconibus
1341 2893 1443 2986 ipsis,
1465 2895 1685 2989 portitoribus

276 3025 310 3090 et
339 3015 541 3108 equitaturis
572 3035 692 3087 eorum
724 3035 835 3109 usque
866 3013 912 3087 ad
944 3015 1145 3109 presentiam
1177 3025 1324 3089 nostram
1356 3037 1528 3110 expensas
1561 3017 1686 3091 debeat

278 3137 456 3211 exhibere.
522 3170 523 3173 ¹

325 3263 450 3332 Datum
464 3260 559 3356 apud
571 3261 680 3352 Pisas,
700 3259 810 3331 XXVI
825 3259 1033 3352 decembris,
1048 3261 1126 3334 Xlll
1144 3260 1354 3333 indictionis.

327 3383 411 3454 ltem
436 3383 571 3477 scripsit
588 3383 778 3474 Roggerius
799 3380 843 3454 de
862 3383 1002 3454 Salerno
1023 3381 1117 3455 dicto
1139 3382 1338 3456 Alexandro
1361 3393 1400 3455 nt
1420 3383 1467 3456 ad
1489 3385 1688 3480 requisitio·

280 3525 360 3576 nem
385 3513 418 3576 et
443 3503 696 3577 ordinationem
722 3504 806 3576 dieti
830 3505 1057 3577 Carnelevarii
1081 3527 1144 3602 pro
1172 3507 1379 3598 falconibus,
1405 3507 1627 3602 portitoribus
1653 3518 1689 3581 et

281 3627 484 3720 equitaturis
495 3647 612 3698 eornm
627 3647 798 3722 expensas
815 3625 938 3700 debeat
953 3627 1119 3701 exhibere
1135 3629 1181 3702 de
1197 3629 1344 3725 pecnnia
1362 3630 1457 3703 curie
1473 3653 1543 3726 que
1557 3641 1610 3704 est
1627 3654 1688 3728 por

281 3771 405 3822 manus
418 3771 511 3823 snas.

495 3935 1003 3946 ..unu—umma-
1009 3937 1477 3952 —u-w—-nnm-—q

337 4195 558 4280 Mandatum
586 4196 636 4279 ad
663 4199 913 4306 justitiarium
940 4200 1183 4311 Capitanatoe
1206 4225 1277 4310 pro
1308 4201 1504 4283 moderata
1534 4225 1690 4283 eomes-

284 4326 387 4415 tione
414 4328 570 4436 captivis
595 4329 821 4414 bombardis
847 4332 1049 4417 tribuenda
1071 4335 1119 4417 de
1142 4334 1302 4443 pecnnia
1328 4335 1455 4417 curiae
1478 4359 1597 4444 quam
1624 4359 1692 4442 per

284 4482 424 4542 manus
441 4460 569 4544 habet.

368 4657 496 4740 (aspar.
509 4660 611 4741 tepor.
626 4661 865 4745 Frrdcr.1!,lol.
882 4675 920 4728 48
933 4671 1029 4739 roct03
1043 4669 1076 4728 ln
1086 4667 1157 4729 edlt.
1175 4667 1309 4746 Curram,
1324 4685 1354 4746 p.
1372 4675 1441 4730 ato.

1706 1141 1864 1240 albina

1723 4232 1891 4332 amne.
