4278 5920
219 577 317 638 unta.
337 576 397 661 rr]
666 579 864 640 nrsronra
885 579 1175 645 oruuoaarrca
1218 547 1225 561 '
1568 582 1628 646 raa

219 713 355 785 rubenti
379 712 547 805 sanguine
574 712 836 785 rubricaverunt
856 739 865 784 ι
889 722 972 786 tunc
994 714 1111 788 felices
1134 714 1322 812 fidelesque
1350 713 1475 810 Apulia
1501 713 1628 788 milites

221 836 429 908 collaterales
448 835 611 930 principis
628 835 831 910 mirabiliter
850 847 1107 932 pugnaverunt.
1129 841 1226 912 Touo
1243 837 1402 910 miranda
1415 837 1521 933 Papie
1538 838 1630 910 mili·

219 960 265 1030 tia
289 981 328 1031 se
350 958 396 1032 de
417 958 730 1032 Mediolanensibus
751 960 919 1032 militibus
938 960 1151 1055 vindicavit,
1175 973 1212 1035 et
1232 961 1344 1036 tidelis
1363 962 1528 1034 Cremona
1547 983 1628 1034 eum

218 1083 320 1156 sociis
344 1082 542 1156 civitatibus
560 1105 700 1156 secures
715 1084 884 1178 sanguine
901 1084 1089 1178 saturavit,
1108 1096 1143 1160 et
1158 1108 1241 1159 suus
1257 1093 1515 1159 evacuaverunt
1537 1085 1628 1180 pha·

217 1215 327 1278 ratres
343 1207 518 1279 Saraceni.
539 1207 726 1300 Nunquam
745 1207 891 1280 enimin
910 1208 1027 1302 aliquo
1051 1209 1141 1282 bello
1158 1210 1208 1281 sio
1221 1211 1360 1282 fuerunt
1376 1208 1547 1282 cadavera
1565 1231 1628 1280 cu·

217 1331 364 1422 mulata,
385 1340 421 1403 et
445 1331 512 1402 nisi
534 1351 607 1402 nox
625 1331 748 1404 festiue
768 1331 961 1422 evenisset,
981 1354 1050 1426 que
1072 1333 1225 1405 hostium
1243 1333 1417 1406 subtraxit
1439 1332 1625 1426 reliquias,

216 1455 334 1526 nullus
354 1475 473 1528 eorum
490 1453 536 1526 de
553 1455 714 1531 manibus
734 1455 867 1528 Cesaris
884 1455 1061 1528 evasisset.
1083 1456 1152 1529 Sed
1174 1455 1262 1529 mira
1286 1478 1341 1529 res
1364 1456 1460 1550 quod
1482 1457 1519 1527 iu
1541 1455 1628 1528 tanti

216 1579 299 1652 belli
313 1579 475 1650 oonlliotu
490 1579 653 1670 terribili,
670 1579 860 1674 imperialis
873 1580 1046 1652 exercitus
1060 1579 1173 1651 extitit
1188 1579 1263 1652 sine
1280 1579 1420 1652 damno.
1441 1579 1498 1651 Sic
1510 1579 1628 1673 itaque

217 1701 364 1776 devictis
387 1701 544 1774 hostibus
568 1711 604 1774 et
626 1704 752 1796 fugatis
776 1725 856 1775 cum
877 1703 1052 1798 triumpho
1071 1703 1271 1776 Cremonam
1288 1703 1384 1776 venit
1398 1703 1548 1798 inclytus
1564 1704 1629 1776 iur-

216 1835 352 1919 perator
373 1851 382 1895 :
405 1825 488 1898 iude
508 1825 754 1898 infortunatum
786 1826 956 1898 carocium
977 1825 1233 1899 hlediolanense
1257 1847 1337 1898 cum
1362 1834 1530 1921 potestate
1556 1825 1628 1900 filio

217 1949 318 2022 ducis
344 1949 566 2021 Venetiarum
598 1949 746 2043 aliisque
769 1951 914 2044 captivis
938 1951 1141 2024 Cremonam
1162 1950 1377 2038 accelerans,
1403 1951 1627 2044 consequenti

216 2071 336 2146 dicad
356 2073 555 2146 mandatum
573 2072 725 2164 Cesaris,
753 2074 807 2146 sui
822 2074 943 2146 vexilli
959 2076 1088 2170 pertica
1106 2097 1219 2170 usque
1236 2073 1283 2148 ad
1299 2084 1387 2146 terre
1408 2074 1530 2148 taciem
1547 2083 1628 2146 tur-

215 2197 301 2292 piter
316 2196 499 2289 inclinata,
514 2207 681 2292 potestate
691 2197 738 2271 ad
749 2197 904 2271 dedecus
922 2198 1027 2293 ligato
1040 2199 1201 2295 superius
1216 2207 1251 2271 et
1263 2197 1521 2270 multitudinem
1535 2219 1628 2290 gen-

216 2321 303 2392 tium
319 2321 456 2412 magnis
469 2321 693 2416 applausibus
709 2331 943 2418 pretereunte,
955 2323 1001 2395 ab
1016 2323 1198 2418 elephante
1211 2323 1273 2416 qui
1285 2323 1461 2394 castellum
1474 2323 1627 2415 ligneum

215 2455 248 2518 et
260 2445 422 2519 tibicines
438 2469 517 2520 cum
536 2447 676 2548 venillis
692 2447 826 2543 imperii
842 2448 983 2542 gerebat
1002 2448 1037 2518 in
1056 2447 1173 2538 dorso,
1193 2467 1255 2542 per
1269 2447 1469 2519 Cremonam
1487 2447 1534 2520 ad
1547 2449 1628 2520 lau-

216 2567 293 2641 dem
310 2579 346 2641 et
358 2569 503 2663 gloriam
518 2569 684 2666 principie
697 2571 895 2644 trahebatur
906 2571 972 2668 (l).
987 2573 1077 2645 Vere
1088 2570 1134 2643 de
1144 2571 1268 2642 throno
1286 2570 1347 2642 Dei
1365 2571 1532 2643 sententia
1548 2592 1627 2666 pro-

215 2693 278 2766 diit
297 2694 450 2766 inserens
464 2693 636 2786 judicium
655 2695 796 2766 ultionis
817 2719 826 2764 :
848 2717 928 2768 nam
946 2717 1010 2769 neo
1025 2695 1147 2768 occisis
1161 2694 1337 2766 sufficiunt
1355 2695 1548 2788 sepulture,
1563 2697 1628 2769 nec'

216 2815 382 2890 Cremona
407 2817 533 2911 palatia
562 2817 816 2891 multitudinem
842 2819 984 2912 capiunt
1012 2818 1239 2912 captivorum.
1271 2818 1488 2912 Quapropter
1517 2817 1627 2913 impe-

215 2939 307 3012 rialis
327 2939 471 3012 victorie
491 2941 615 3012 loetum
638 2941 770 3013 solenni
793 2941 922 3034 gaudio
943 2940 1062 3013 fideles
1081 2941 1201 3036 populi
1220 2941 1449 3029 celebrantes,
1473 2939 1518 3014 de
1540 2941 1626 3014 tanti

217 3062 349 3157 trophei
365 3064 536 3157 preconiis
554 3065 685 3159 ingenti
701 3063 813 3137 leticia
831 3064 1024 3159 gaudeatis.

266 3647 498 3757 Friderious,
531 3649 790 3733 Romanorum
829 3651 1052 3760 imperator,
1084 3652 1266 3762 Gregorio
1294 3679 1415 3763 papae
1450 3657 1623 3764 nuntiat,
1674 3700 1807 3756 amaa,

216 3806 303 3862 oum
331 3782 582 3892 crucesignati
613 3784 664 3864 ad
693 3784 839 3866 monita
871 3810 941 3866 sua
975 3785 1197 3894 passagium
1228 3775 1464 3894 distulerint,
1499 3814 1540 3870 se
1571 3789 1625 3872 eis
1664 3754 1816 3800 ’ΜΨ

214 3913 433 4019 promisisse
461 3915 566 4016 quod
594 3917 642 3997 de
671 3916 839 3998 ulteriori
870 3917 1137 4026 prorogatione
1167 3918 1271 4028 ipsos
1302 3944 1379 4002 nou
1406 3920 1558 4030 rogabit
1588 3933 1626 4006 et

214 4045 355 4128 auxilio
373 4045 514 4128 efficaci
531 4072 599 4155 per
616 4073 779 4157 regnum
797 4075 911 4132 suum
928 4049 1145 4132 transituris
1163 4052 1295 4134 aderit.

294 4245 410 4324 (Edidit
423 4246 623 4324 hramnus,
642 4245 752 4309 Anaol.
772 4246 885 4329 coclea,
903 4250 941 4310 ad
954 4266 1026 4310 ann.
1049 4245 1356 4330 raas,§xxxv11‚
1378 4269 1396 4313 e
1419 4261 1526 4332 regest.
1549 4255 1621 4316 Cre·

329 4368 394 4429 gor.
409 4353 463 4427 lx,
479 4353 529 4414 llb.
545 4353 614 4432 llll,
630 4358 715 4432 epist.
734 4354 816 4434 ³60.)

247 4578 284 4650 (4)
303 4579 342 4635 De
360 4579 502 4652 elephante
514 4581 644 4654 imperiali
663 4587 720 4639 tum
733 4583 812 4646 belli,
827 4589 884 4639 tum
898 4583 1025 4657 triumphi
1041 4585 1185 4659 participe,
1200 4586 1236 4642 ct.
1251 4588 1334 4644 Mem.
1349 4594 1446 4660 potest.
1462 4579 1555 4661 Regia.
1572 4607 1617 4664 ap.

214 4675 372 4748 ituraeos,
385 4677 521 4750 Scriptor.
536 4694 591 4736 rer.
609 4679 683 4753 itot,
696 4687 715 4736 t.
729 4681 799 4752 Vlll,
814 4698 842 4755 p.
858 4685 938 4738 4440.
