4350 5922
286 583 383 644 lanrct.
402 581 464 658 10.]
733 571 930 634 alsaoltla
955 569 1253 632 nmnoltavlctt.
1653 565 1692 628 6¹1

336 717 418 786 Data
437 719 522 808 aput
537 709 775 806 llatisponam,
794 729 886 780 anno
902 707 1074 780 dominice
1091 704 1337 778 incarnationis
1359 703 1540 777 millesimo
1563 700 1694 776 ducen-

289 838 406 913 tesimo
419 836 592 910 tricesimo
604 832 768 930 septimo,
785 853 903 904 mense
915 830 1050 928 aprilis,
1068 833 1102 904 X
1116 829 1325 904 indictionis.

518 1143 534 1156 n
542 1143 793 1154 ιι-μ---ιιο--ι--ιοι
799 1143 916 1152 ..ι-ιιι..-
922 1141 1013 1152 *aa
1019 1139 1458 1152 nu-—n-——n——n—-a-

340 1422 572 1532 Fridericus,
593 1423 853 1538 Romanorum
875 1423 1103 1532 imperator,
1124 1423 1191 1533 qui
1209 1422 1444 1534 butegelario
1461 1424 1510 1506 de
1526 1423 1698 1508 Nurem-
1739 1420 1897 1530 affl,

293 1557 405 1640 berch
423 1556 526 1639 fideli
550 1581 620 1639 suo
637 1555 786 1638 dudum
809 1555 1069 1640 defensionem
1091 1556 1189 1667 juris
1218 1555 1434 1640 advocatiae
1459 1557 1498 1636 in
1525 1555 1701 1666 pluribus

294 1689 383 1773 locis
400 1689 620 1773 monasterii
644 1690 849 1800 superioris
868 1691 1095 1799 Ratisponac
1115 1689 1423 1798 (Obermiinster)
1444 1689 1699 1796 commiserat,

295 1823 424 1906 iterato
444 1822 603 1906 firmiter
628 1823 786 1906 mandat
804 1833 847 1906 ut
869 1849 915 1906 ex
939 1825 1125 1906 sententia
1142 1823 1357 1933 principum
1376 1821 1592 1933 Moguntiae
1609 1847 1704 1930 pro-

297 1955 464 2066 mulgata
481 1955 696 2040 detentores
713 1955 936 2040 carumdem
955 1955 1238 2040 advocatiarum
1256 1965 1484 2065 compescat.

1754 1532 1781 1574 &l
1792 1529 1879 1584 «prilla.

374 2171 470 2251 (Edit.
485 2189 534 2250 ap.
550 2171 683 2234 Monam.
696 2171 798 2254 Bclca,
812 2178 888 2236 tom.
905 2171 1019 2252 xxm,
1032 2189 1101 2251 pars
1117 2181 1157 2248 1¹,
1176 2188 1206 2252 p.
1222 2179 1293 2248 tto,
1307 2169 1436 2232 eeodlce
1449 2169 1703 2232 obermunstrenst

411 2281 491 2340 circa
503 2295 617 2340 annum
632 2287 707 2340 ttot
726 2274 872 2358 exarato.)

342 2463 551 2554 Fridaricns,
564 2463 628 2538 Dei
645 2463 756 2558 gratia
773 2463 1004 2536 Romanomm
1018 2462 1201 2558 imperator
1221 2484 1358 2560 semper
1376 2471 1564 2556 angustus,
1584 2461 1706 2536 lheru·

301 2587 398 2660 salem
421 2597 456 2659 et
476 2586 590 2660 Sicilie
606 2608 688 2676 rex,
705 2585 923 2681 bntegelario
942 2585 987 2658 de
1004 2585 1237 2658 Nuremberch
1256 2585 1347 2658 fideli
1364 2607 1429 2660 suo
1445 2583 1589 2680 gratiam
1607 2605 1705 2656 suam

301 2719 446 2784 alomna
460 2711 604 2784 bonum.
618 2711 808 2784 Constituto
819 2710 855 2782 in
873 2709 1044 2806 presentia
1056 2717 1172 2782 nostra
1187 2709 1394 2782 venerabilis
1412 2709 1586 2782 abbatissa
1603 2729 1706 2804 snpe-
1847 2755 1854 2770 ·

301 2833 393 2906 rioris
406 2834 605 2906 monasterii
624 2834 659 2904 in
679 2833 864 2928 Ratispona
883 2833 1061 2928 proposuit
1072 2853 1187 2906 mram
1206 2832 1306 2906 nobis
1320 2831 1414 2926 quod
1430 2854 1509 2904 cum
1523 2831 1709 2904 obtinuerit

302 2955 440 3030 incuria
453 2957 628 3052 Magantia
640 2957 807 3052 gcncrali,
822 2956 991 3030 sententia
1009 2957 1204 3052 principum
1217 2957 1468 3052 promulgante,
1486 2953 1581 3050 qnod
1599 2953 1707 3026 advo·

303 3081 384 3154 cotie
408 3079 675 3172 Indensuaticb,
703 3080 903 3173 Pnlboven,
922 3079 1164 3169 Orchenrude‚
1189 3080 1410 3174 Nenzingen,
1433 3088 1468 3152 ct
1484 3079 1708 3172 Otmaringon

302 3201 468 3277 infeudari
487 3225 559 3277 non
576 3213 736 3298 possent,
756 3202 991 3278 defensionem
1001 3205 1090 3298 juris
1109 3203 1165 3276 sni
1185 3200 1248 3276 tibi
1273 3201 1475 3276 duxerimus
1497 3203 1709 3276 committen-

302 3325 396 3420 dam,
416 3328 631 3400 anemanni
647 3328 892 3401 monasterinm
911 3349 1014 3401 snum
1034 3337 1070 3401 et
1084 3329 1195 3424 ipsam
1209 3327 1245 3400 in
1263 3326 1454 3402 advocatiis
1478 3327 1515 3400 in
1532 3328 1708 3400 Pulhoven

303 3461 331 3524 et
342 3453 562 3526 Tentenstorf
570 3461 605 3526 et
626 3451 770 3548 qnidam
786 3453 846 3526 alii
864 3454 901 3525 in
922 3454 1103 3528 advocatia
1118 3455 1315 3549 Nenzingen
1330 3461 1521 3549 aggravant
1539 3462 1574 3526 at
1589 3454 1710 3526 moles·

303 3585 389 3666 tant,
414 3577 481 3649 sibi
504 3597 563 3650 cas
591 3577 777 3651 vendicare
799 3577 917 3650 illicite
944 3580 1206 3662 contendentem
1228 3588 1265 3650 tn
1285 3599 1369 3652 vero
1390 3577 1560 3674 predictos
1578 3577 1709 3650 moles-

303 3709 421 3775 tatores
437 3702 567 3796 prefate
588 3701 726 3775 abbatie
746 3711 781 3775 et
805 3703 1001 3776 monasterii
1019 3705 1074 3776 sni
1097 3705 1142 3778 ab
1160 3702 1317 3777 indebito
1335 3702 1537 3796 gravandus
1561 3712 1596 3774 et
1619 3723 1707 3774 ven·

305 3821 469 3898 dicatione
496 3824 757 3900 advocatiarum
784 3826 957 3923 ipsarum,
982 3827 1072 3925 sicut
1099 3837 1158 3900 tue
1187 3826 1380 3901 defensioni
1404 3826 1584 3899 commissa
1610 3835 1707 3916 snnt,

305 3967 515 4044 compescere
539 3948 715 4024 distulisti.
742 3951 903 4025 Nolentes
930 3951 1037 4044 igitur
1060 3953 1230 4024 sustinere
1260 3961 1300 4024 nt
1324 3950 1449 4025 eadem
1474 3949 1648 4022 abbatissa
1673 3951 1709 4020 in

306 4071 429 4146 eisdam
441 4071 632 4146 advocatiis
644 4075 842 4148 monasterii
855 4076 910 4147 sni
924 4097 994 4170 que
1004 4075 1050 4148 ad
1064 4095 1128 4148 nos
1141 4075 1333 4172 specialiter
1341 4083 1508 4171 spectant,
1521 4073 1709 4160 molestiam

306 4194 354 4267 val
370 4215 559 4287 gravamen
584 4195 777 4269 indebitum
796 4197 963 4292 patiatur,
980 4199 1070 4272 sicut
1086 4198 1221 4274 dudum
1241 4209 1299 4272 tue
1323 4197 1514 4272 defensioni
1537 4197 1710 4270 commisi·

304 4338 396 4409 mus,
417 4318 539 4394 iterato
567 4321 812 4396 committimus
839 4345 901 4418 par
921 4333 1116 4419 presentes,
1143 4322 1319 4398 devotioni
1344 4333 1403 4396 tue
1425 4319 1567 4394 firmiter
1592 4319 1711 4416 preci-

305 4441 429 4535 piendo
444 4443 648 4519 mandantes
663 4457 837 4541 qnatenus
855 4449 1101 4521 monasterinm
1120 4459 1156 4521 et
1169 4447 1377 4520 abbatissam
1391 4445 1595 4552 predictam,
1608 4446 1712 4536 juxta

305 4565 395 4658 qnod
417 4564 569 4642 dictante
597 4571 764 4643 sententia
787 4571 981 4668 principum
1005 4583 1058 4646 est
1078 4573 1273 4670 provisum,
1301 4573 1339 4644 in
1362 4569 1494 4645 eisdem
1519 4567 1712 4642 advocaliis

306 4690 503 4764 auctoritate
526 4701 640 4768 nostra
660 4693 867 4790 defendens,
888 4719 1128 4794 quoscumque
1141 4697 1315 4772 inveneris
1340 4696 1386 4770 ad
1407 4692 1633 4770 detinendum
1652 4713 1712 4768 eas
