4224 5898
491 601 550 661 278
989 597 1205 656 FRlDElllCl
1230 597 1403 658 SECUNDl
1715 603 1795 686 [Aur.
1815 606 1901 670 1259.

491 732 695 814 Hertnidus
730 731 778 812 de
813 729 981 812 Pettovia
1007 728 1186 812 ecelesiae
1220 731 1487 842 Salzburgensi
1524 733 1613 816 fecit
1644 737 1693 817 de
1721 737 1800 820 lilia
1833 765 1903 822 sua

490 863 687 947 Adelbeidi
714 887 832 944 uxore
851 860 961 943 Ulrici
980 863 1029 943 de
1044 861 1251 971 Montparis
1270 863 1310 945 in
1328 865 1614 948 ministerialem
1633 893 1825 952 concessa.

571 1063 674 1142 (lldlil.
690 1063 859 1135 lloxuanx,
874 1059 980 1123 Archiv
988 1059 1048 1141 fiir
1063 1061 1239 1136 cometa,
1260 1063 1412 1142 sororii,
1429 1065 1594 1146 waram,
1612 1073 1684 1142 etc,
1707 1085 1787 1130 anno
1810 1080 1898 1142 1827,

609 1187 639 1248 p.
656 1175 741 1246 5³6.)

540 1343 747 1429 Friderious,
768 1343 834 1415 Dei·
852 1343 961 1436 gratia
979 1343 1208 1416 Romanorum
1234 1344 1419 1438 imperator
1438 1365 1573 1439 semper
1594 1358 1781 1440 augustus,
1803 1349 1902 1421 Jeru-

492 1471 596 1542 salem
623 1479 657 1540 ei
674 1469 790 1540 Sicilie
802 1489 877 1540 rex.
900 1467 964 1538 rer
980 1489 1120 1561 presens
1134 1468 1299 1562 scriptum
1320 1478 1440 1540 notum
1460 1470 1605 1541 iacimus
1621 1471 1793 1543 universis
1807 1473 1903 1566 quod

492 1592 677 1663 Herinidus
692 1590 737 1687 (o)
752 1592 795 1664 de
813 1591 964 1663 Pettovia
983 1590 1095 1663 fidelis
1108 1601 1222 1663 noster
1236 1593 1376 1664 culmini
1391 1603 1507 1666 nostro
1523 1615 1602 1664 cum
1623 1596 1729 1666 multa
1742 1597 1902 1668 instantia

493 1717 679 1810 postulavit
693 1715 857 1808 quatinus
872 1711 978 1813 [cum]
990 1713 1094 1786 liliam
1105 1737 1204 1786 suam
1216 1715 1432 1788 Adelbeidim
1453 1739 1596 1789 uxorem
1611 1718 1713 1789 Ulrici
1730 1718 1776 1791 de
1789 1721 1901 1794 blant·

493 1841 585 1936 paris
604 1839 714 1910 fidelis
733 1838 858 1928 nostri,
878 1839 1131 1910 ministerialem
1150 1847 1321 1926 nostram,
1343 1839 1485 1911 donavit
1501 1841 1743 1935 salzburgensi
1758 1843 1902 1922 aeclesia

494 1965 530 2034 in
549 1961 800 2034 ministerialem
807 2013 1018 2032 .......
1039 1961 1085 2032 de
1098 1971 1213 2033 nostra
1235 1963 1344 2055 gratia
1361 1962 1596 2055 dignaremur.
1614 1966 1683 2038 Nos
1700 1966 1817 2060 itaque
1834 1987 1904 2039 res-

495 2095 631 2182 pectum
644 2085 809 2155 babentes
822 2083 867 2155 ad
883 2095 980 2176 graia
995 2095 1030 2156 et
1050 2082 1175 2157 devota
1189 2085 1328 2156 servitia
1351 2107 1420 2179 qua
1438 2085 1551 2158 dictus
1565 2089 1751 2160 llertnidus
1768 2089 1904 2162 eelsitu-

495 2209 568 2282 dini
585 2217 700 2280 nostre
717 2205 851 2280 dudum
871 2207 1033 2306 exhibuit
1049 2217 1083 2279 et
1101 2207 1242 2280 exhibet
1261 2207 1487 2298 incessanter,
1507 2211 1817 2305 supplicationibus
1833 2213 1906 2285 suis

494 2332 680 2426 benignius
701 2331 871 2419 inclinati,
899 2331 1066 2424 prefatam
1090 2329 1195 2401 liliam
1220 2351 1318 2402 suam
1341 2332 1485 2404 ecclesia
1510 2333 1750 2427 salzburgensi
1777 2335 1814 2406 in
1841 2337 1906 2407 mi-

495 2457 703 2528 nisierialem
736 2454 919 2526 liberaliter
949 2453 1117 2524 duximus
1144 2453 1400 2526 conferendam.
1430 2455 1485 2528 Ad
1517 2455 1622 2548 bajus
1651 2457 1768 2552 itaque
1791 2469 1907 2534 nostre

496 2579 692 2652 donationis
718 2577 916 2650 memoriam
947 2587 982 2648 et
999 2577 1155 2648 stabilem
1175 2575 1387 2671 firmitatem,
1415 2600 1557 2673 presens
1579 2580 1746 2676 scriptum
1776 2581 1908 2658 floriet

497 2701 683 2793 majestatis
696 2709 811 2772 nostre
829 2700 941 2791 sigillo
950 2700 1120 2791 jussimus
1136 2701 1354 2772 communiri.
1908 2781 1915 2790 ,

545 2827 670 2896 Datum
685 2824 820 2913 Padua,
842 2845 933 2897 anno
948 2825 1120 2897 dominice
1137 2824 1380 2897 incarnationis
1400 2825 1580 2898 millesimo
1593 2825 1829 2900 ducentesimo
1845 2829 1909 2902 ui-

498 2945 625 3018 cesimo
637 2957 777 3038 octavo,
797 2969 914 3020 mense
933 2947 1123 3038 februario,
1141 2946 1347 3020 duodecime
1364 2948 1574 3022 indictionis.

704 3205 1035 3216 ———---—-1--—
1042 3207 1642 3218 —---——-—-—n——m---——-———-—n
1649 3207 1702 3217 ...-

553 3460 765 3544 Friderious
783 3461 992 3567 secundus,
1015 3459 1277 3544 Romanorum
1304 3460 1524 3568 imperator,
1550 3485 1687 3543 novam
1714 3457 1911 3542 constitu-

500 3595 642 3678 tionem
660 3594 708 3676 de
725 3619 847 3702 poena
860 3592 1035 3702 judicum
1053 3591 1154 3674 male
1168 3592 1422 3702 judicantium
1441 3591 1673 3702 promulgat.

583 3793 685 3875 (xiid.
705 3797 801 3872 prima
820 3796 884 3855 rica
902 3791 1162 3868 Praemiacum.
1181 3790 1276 3854 Gerra.
1292 3789 1408 3868 butor„
1422 3798 1497 3854 tom.
1513 3791 1565 3866 iv,
1578 3807 1609 3868 p.
1627 3799 1702 3866 tuo,
1716 3807 1733 3850 e
1746 3789 1814 3850 cod.
1828 3787 1909 3849 Bibl.

619 3902 714 3963 Palat.
729 3900 859 3962 vindob.
874 3903 951 3961 inter
968 3899 1222 3978 Saiiaburgenses,
1237 3907 1270 3960 u·
1291 3907 1365 3971 tiu,
1380 3897 1492 3960 ilberti
1512 3899 1551 3960 ila
1573 3898 1703 3960 Tebalrlo
1722 3899 1911 3976 quaoebones

620 4007 790 4067 exhibente.
807 4007 890 4081 Quae
907 4005 956 4066 hie
979 4011 1150 4066 statuuntur
1170 4006 1287 4066 diversa
1298 4011 1369 4066 sunt
1381 4021 1400 4065 a
1412 4004 1671 4066 constitutionibus
1689 4003 1833 4064 Frederiei
1855 4018 1911 4080 pru

620 4129 711 4192 regno
724 4113 838 4172 Siciliae
850 4113 947 4191 editis,
963 4113 1013 4172 lib.
1028 4111 1070 4191 ll,
1084 4115 1131 4172 tir.
1149 4109 1267 4190 50·⁵i.)

552 4281 782 4380 [Frederious,
806 4279 889 4380 etc]
905 4281 990 4353 Cum
1010 4283 1174 4354 falsitates
1190 4283 1335 4352 nimium
1352 4281 1574 4354 inexecrabili
1595 4303 1684 4377 pena
1707 4279 1823 4375 puniri
1842 4299 1910 4350 non

501 4408 633 4503 possint
651 4417 685 4480 ei
707 4407 859 4478 maxime
881 4406 1125 4478 sententiarum
1147 4425 1208 4498 per
1228 4425 1315 4498 quas
1338 4405 1415 4476 lites
1434 4413 1468 4477 et
1490 4405 1614 4499 placitu
1632 4403 1860 4484 dirimuutnr3
1881 4401 1910 4470 si

501 4535 592 4606 enim
612 4531 677 4604 boe
692 4551 760 4602 nou
776 4531 839 4604 rite
857 4531 913 4602 vel
929 4531 1071 4620 injuste,
1095 4527 1197 4601 sorde
1219 4529 1275 4600 vei
1291 4527 1420 4623 graba,
1442 4527 1556 4622 precio
1582 4525 1755 4614 caladia,
1776 4523 1911 4616 ajudi·

544 4703 585 4784 (a)
606 4703 739 4777 Rectius,
752 4707 786 4763 ui
797 4702 984 4776 arbitramur,
999 4695 1173 4774 Hurtaidur,
1187 4701 1354 4777 gemonios
1366 4695 1522 4760 Hortarii.
