4228 5892
206 551 305 608 lucica
325 543 385 627 la]
656 543 852 606 HISTORIA
879 544 1169 608 nirnouerice
1555 546 1614 608 399

95 772 96 775 Ν
207 689 324 756 nostre
349 680 544 756 devotionis
565 679 754 774 alloquium
776 679 959 774 diligenter
973 681 1139 754 attendite
1157 679 1204 753 ad
1221 701 1308 775 quos
1329 700 1415 770 nos,
1434 691 1536 776 prout
1552 702 1615 776 po·

205 805 302 878 testis
316 827 362 878 ex
379 806 456 901 ipsa
469 803 597 900 negotii
610 804 776 899 qualitate
792 803 970 897 colligere,
985 813 1020 878 et
1037 804 1144 878 debiti
1158 803 1264 876 nostri
1279 802 1463 876 necessitas
1481 804 1616 899 impulit

205 937 240 1001 et
266 929 462 1001 communis
489 928 616 1000 utilitas
642 927 823 1021 persuasit.
847 929 937 998 Dum
965 927 1057 1000 enim
1084 928 1228 1001 sollicita
1252 927 1475 1002 meditatione
1498 929 1613 1004 revol-

205 1050 321 1123 vimus
335 1051 372 1122 in
389 1059 558 1146 quantum
577 1049 731 1122 Ecclesia
748 1059 946 1135 teneamur,
964 1049 1049 1122 dum
1069 1071 1114 1124 ex
1131 1049 1344 1126 dissensione
1365 1051 1506 1124 suborta
1526 1051 1614 1123 inter

204 1195 268 1248 vos
289 1181 325 1248 et
340 1174 497 1248 Cesaram
516 1181 671 1247 nostrum
690 1173 807 1246 futura
820 1171 1005 1267 dispendia
1020 1173 1244 1265 meditamur,
1263 1195 1398 1248 summa
1413 1174 1614 1248 necessitate

204 1297 445 1394 compellimur
466 1305 500 1370 ct
522 1297 668 1369 utilitate
687 1295 856 1392 preuimia
873 1307 1078 1390 suggerente
1099 1297 1267 1372 debemus
1289 1297 1378 1369 inter
1403 1316 1483 1389 vos,
1511 1306 1615 1391 prout

204 1421 335 1494 scimus
347 1429 382 1494 et
395 1441 602 1517 possumus,
616 1399 833 1514 interponere
851 1440 970 1516 preces
987 1427 1138 1512 nostras,
1154 1430 1189 1493 et
1208 1443 1287 1493 cnm
1307 1441 1345 1494 se
1361 1418 1462 1492 nobis
1474 1429 1615 1514 oportu-

204 1545 296 1618 nitos
312 1565 413 1618 casus
428 1545 597 1640 presentis
614 1543 757 1638 ingessit
779 1552 857 1616 uta
879 1544 1022 1617 domiuo
1048 1553 1082 1618 et
1102 1545 1305 1640 imperatore
1325 1552 1441 1616 nostro
1458 1543 1614 1638 primitus

204 1667 427 1758 ordinamur,
447 1668 554 1742 veluti
572 1676 727 1762 tompore
739 1665 879 1740 suborte
897 1665 1068 1741 discordie
1081 1675 1155 1738 tum
1169 1667 1234 1761 ipsi
1250 1675 1425 1761 presentes
1436 1666 1482 1739 ad
1501 1667 1614 1760 ipsum

203 1790 240 1862 in
258 1790 404 1865 audacia
419 1789 521 1877 fidei,
541 1789 605 1863 sed
626 1798 661 1862 et
678 1790 714 1860 iu
730 1789 922 1862 reverentia
940 1791 1125 1882 majestatis
1141 1789 1366 1881 accessimus,
1387 1789 1614 1863 dissensionis

204 1913 310 2008 huius
322 1914 487 2009 originem
506 1922 709 2010 expetentes
722 1922 928 2005 etecusam,
949 1914 1029 1986 licet
1042 1913 1143 1987 nobis
1159 1922 1260 1988 antea
1276 1913 1412 2008 penitus
1429 1934 1498 1985 non
1511 1913 1614 2008 igno-

203 2046 288 2130 tam,
306 2047 340 2110 et
356 2059 434 2112 cum
448 2039 611 2112 instantia
623 2037 866 2111 nichilominus
878 2045 1102 2132 suggerentes
1120 2047 1159 2110 ut
1174 2037 1221 2112 ad
1233 2043 1482 2112 sacrosanctam
1496 2037 1613 2110 Eccle-

203 2159 291 2234 siam
318 2170 464 2234 matrem
489 2183 589 2234 suem
621 2183 701 2234 cum
730 2161 824 2234 omui
854 2161 1038 2235 devotione
1067 2159 1209 2236 rediret.
1237 2161 1303 2246 Qui
1328 2159 1429 2232 nobis
1454 2160 1614 2234 omnibus

203 2283 388 2376 diligenter
402 2285 571 2380 expositis
585 2306 690 2381 super
704 2285 832 2379 quibus
852 2293 953 2358 antea
975 2286 1085 2358 luerat
1105 2283 1303 2358 admonitus
1321 2292 1355 2356 et
1368 2283 1615 2356 excommuni-

203 2407 348 2481 cationis
370 2408 539 2482 sententia
564 2407 747 2481 innodatus
774 2430 816 2481 ac
843 2408 1123 2502 responsionibus
1152 2407 1391 2500 singulorum,
1420 2413 1521 2500 prout
1549 2405 1614 2478 hec

202 2533 319 2606 omnia
334 2532 464 2629 publici
487 2533 671 2606 testimonii
691 2533 797 2606 series
810 2532 999 2605 testabatur
1009 2529 1074 2629 (a),
1090 2529 1232 2605 demum
1256 2530 1285 2602 si
1306 2529 1385 2624 quis
1405 2538 1520 2624 posset
1540 2529 1612 2602 ullo

204 2656 386 2730 verbovel
411 2677 515 2752 opere
536 2656 648 2729 notari
667 2656 840 2749 delectus,
861 2656 975 2750 ipsum
991 2663 1101 2728 totum
1121 2653 1204 2728 fidei
1217 2662 1251 2726 et
1267 2653 1482 2748 dispositioni
1498 2660 1614 2726 nostre

203 2801 246 2852 ac
269 2779 414 2852 aliorum
440 2779 636 2875 principum
662 2780 811 2875 perfecte
838 2778 1026 2870 commisit,
1049 2777 1135 2850 alias
1156 2776 1375 2850 devotionem
1402 2795 1538 2847 omnem
1567 2773 1613 2848 ad

202 2903 314 2974 Deum
331 2912 366 2976 et
379 2902 567 2976 Ecclesiam
582 2902 822 3000 protendendo
844 2923 948 2997 quam
964 2923 1046 2991 nos,
1068 2909 1171 2996 prout
1185 2901 1230 2974 ab
1245 2899 1387 2972 bomine
1402 2899 1498 2970 licuit
1515 2906 1613 2970 exte·

201 3025 294 3098 riore
307 3025 487 3118 colligere,
509 3025 539 3097 si
554 3025 689 3098 verimi
705 3024 825 3098 deesse
841 3026 1020 3117 nolumus,
1040 3020 1287 3120 presentialiter
1303 3019 1455 3094 vidimus
1473 3029 1507 3093 et
1521 3020 1612 3092 veri·

202 3146 284 3220 dice
311 3169 495 3243 possumus
521 3149 713 3244 protestari.
744 3151 898 3235 Quarum
924 3149 1085 3222 sensione
1108 3148 1205 3220 velut
1229 3143 1454 3239 irrefragabili
1481 3144 1613 3218 ratione

202 3268 351 3360 devicti,
373 3272 420 3345 ad
437 3293 502 3346 vos
522 3281 655 3366 patrem
679 3282 714 3347 et
727 3255 900 3368 pastorem
920 3281 1077 3345 nostrum
1099 3269 1145 3344 de
1164 3269 1364 3343 necessitate
1380 3267 1612 3341 convertimur

202 3402 238 3466 et
263 3415 343 3466 cum
369 3395 563 3470 reverentia
584 3396 684 3469 vobis
709 3396 884 3491 loquimur
910 3395 1006 3468 etin
1033 3394 1230 3468 sinceritate
1255 3392 1337 3466 fidei
1359 3391 1549 3465 suademus
1573 3401 1612 3466 ut

204 3527 337 3590 tentum
356 3519 568 3593 exacerbare
583 3518 693 3592 lilium
717 3541 786 3593 uon
804 3520 931 3594 velitis.
952 3519 1177 3593 Deuotiouem
1195 3517 1303 3613 ipsios
1325 3526 1467 3612 paterna
1484 3517 1612 3611 pietate

203 3641 380 3738 respicite,
402 3643 495 3716 orbis
515 3643 687 3717 scandalis
708 3666 755 3718 ex
775 3644 904 3739 quibus
924 3644 992 3740 ipsi
1010 3642 1175 3718 catholice
1202 3639 1285 3714 fidei
1307 3641 1416 3737 possit
1434 3639 1613 3712 imminere

204 3764 394 3858 periculum
411 3776 647 3858 occurrentes;
665 3765 806 3861 adque,
825 3775 927 3862 prout
941 3765 1110 3855 diximus,
1127 3765 1323 3861 paternitati
1339 3772 1453 3837 vestre
1468 3784 1613 3858 presen-

203 3888 288 3958 tium
313 3885 361 3983 (d)
382 3888 579 3980 suadenda,
602 3900 714 3986 preter
730 3912 914 3964 commune
942 3889 1127 3964 dissidium
1153 3891 1248 3984 quod
1270 3910 1453 3982 veremur,
1474 3889 1533 3960 illa
1550 3909 1613 3961 nos
1742 3931 1745 3936 ·

203 4009 290 4082 ratio
305 4011 464 4105 specialis
486 4012 619 4085 inducit
644 4014 740 4108 qood
756 4015 792 4087 in
816 4015 918 4096 nobis
940 4015 1023 4110 ipsis
1041 4013 1251 4088 attendimus
1275 4035 1322 4086 ex
1345 4023 1461 4086 vestra
1479 4011 1615 4087 dissen-

202 4131 300 4206 sione
323 4134 526 4220 scissuram,
556 4135 638 4209 dnm
665 4137 763 4210 velut
787 4137 937 4210 Ecclesie
964 4135 1027 4209 filii
1050 4147 1084 4212 et
1111 4138 1233 4234 prelati
1258 4138 1487 4212 reverentiam
1512 4135 1613 4211 vobis

202 4251 344 4329 filialem
358 4259 576 4348 agnoscimus
592 4269 627 4332 et
642 4260 740 4332 velut
756 4260 890 4355 imperii
910 4260 1082 4357 principes
1102 4283 1150 4335 ex
1168 4271 1380 4339 sacramento
1393 4260 1567 4335 fidelitatis
1580 4269 1614 4332 ct

201 4379 415 4478 principatus
438 4381 583 4469 bonore,
604 4382 744 4456 domino
765 4392 800 4456 et
821 4383 1017 4480 imperatori
1040 4394 1157 4458 nostro
1182 4383 1238 4458 vel
1267 4385 1412 4481 imperio
1435 4385 1548 4479 potius
1568 4385 1614 4457 de

244 4535 288 4617 (c)
308 4537 376 4615 8103
390 4493 493 4601 mellus
503 4545 604 4601 nmen
617 4511 752 4602 latetur,
884 4615 886 4618 Ι

243 4640 284 4722 (ὀ)
308 4641 376 4720 Slc3
391 4645 498 4707 mellus
509 4662 579 4708 vero
587 4644 769 4726 presentibus
782 4645 830 4706 rel
838 4645 1018 4726 protectione
1030 4646 1111 4707 acie.
