<?xml version="1.0" encoding="UTF-8"?>
<!DOCTYPE html PUBLIC "-//W3C//DTD XHTML 1.0 Transitional//EN"
    "http://www.w3.org/TR/xhtml1/DTD/xhtml1-transitional.dtd">
<html xmlns="http://www.w3.org/1999/xhtml" xml:lang="en" lang="en">
 <head>
  <title>
</title>
<meta http-equiv="Content-Type" content="text/html;charset=utf-8" />
  <meta name='ocr-system' content='tesseract 3.04.00' />
  <meta name='ocr-capabilities' content='ocr_page ocr_carea ocr_par ocr_line ocrx_word'/>
</head>
<body>
  <div class='ocr_page' id='page_1' title='image "./historiadiploma02fredgoog_0456.png"; bbox 0 0 4226 5900; ppageno 0'>
   <div class='ocr_carea' id='block_1_1' title="bbox 198 553 1603 638">
    <p class='ocr_par' dir='ltr' id='par_1_1' title="bbox 198 553 1603 638">
     <span class='ocr_line' id='line_1_1' title="bbox 198 553 1603 638; baseline -0.006 -13"><span class='ocrx_word' id='word_1_1' title='bbox 198 561 376 638; x_wconf 61' lang='lat' dir='ltr'><strong>rasuera]</strong></span> <span class='ocrx_word' id='word_1_2' title='bbox 643 556 1155 621; x_wconf 82' lang='lat' dir='ltr'><strong>srsronraorrtounrrcr.</strong></span> <span class='ocrx_word' id='word_1_3' title='bbox 1541 553 1603 616; x_wconf 79' lang='lat' dir='ltr'><strong>ssa</strong></span> 
     </span>
    </p>
   </div>
   <div class='ocr_carea' id='block_1_2' title="bbox 196 651 1603 1033">
    <p class='ocr_par' dir='ltr' id='par_1_2' title="bbox 196 651 1603 1033">
     <span class='ocr_line' id='line_1_2' title="bbox 196 651 1603 792; baseline -0.006 -23"><span class='ocrx_word' id='word_1_4' title='bbox 196 692 461 792; x_wconf 81' lang='lat' dir='ltr'>presumptionis</span> <span class='ocrx_word' id='word_1_5' title='bbox 479 691 678 782; x_wconf 74' lang='lat' dir='ltr'><strong>huiusmodi</strong></span> <span class='ocrx_word' id='word_1_6' title='bbox 694 692 866 766; x_wconf 89' lang='lat' dir='ltr'><strong>inveneris</strong></span> <span class='ocrx_word' id='word_1_7' title='bbox 879 691 1130 776; x_wconf 88' lang='lat' dir='ltr'><strong>commissuras,</strong></span> <span class='ocrx_word' id='word_1_8' title='bbox 1147 651 1271 783; x_wconf 84' lang='lat' dir='ltr'><strong>laqueo</strong></span> <span class='ocrx_word' id='word_1_9' title='bbox 1293 689 1399 760; x_wconf 81' lang='lat' dir='ltr'><strong>facias</strong></span> <span class='ocrx_word' id='word_1_10' title='bbox 1418 688 1493 761; x_wconf 93' lang='lat' dir='ltr'><strong>sine</strong></span> <span class='ocrx_word' id='word_1_11' title='bbox 1507 710 1603 762; x_wconf 92' lang='lat' dir='ltr'><strong>mora</strong></span> 
     </span>
     <span class='ocr_line' id='line_1_3' title="bbox 198 813 1185 913; baseline -0.009 -21"><span class='ocrx_word' id='word_1_12' title='bbox 198 816 380 913; x_wconf 84' lang='lat' dir='ltr'>suspendi,</span> <span class='ocrx_word' id='word_1_13' title='bbox 398 823 437 886; x_wconf 91' lang='lat' dir='ltr'><strong>nt</strong></span> <span class='ocrx_word' id='word_1_14' title='bbox 449 814 493 886; x_wconf 90' lang='lat' dir='ltr'><strong>sit</strong></span> <span class='ocrx_word' id='word_1_15' title='bbox 509 813 575 885; x_wconf 89' lang='lat' dir='ltr'><strong>illis</strong></span> <span class='ocrx_word' id='word_1_16' title='bbox 593 814 797 909; x_wconf 86' lang='lat' dir='ltr'><strong>adponam,</strong></span> <span class='ocrx_word' id='word_1_17' title='bbox 813 814 935 887; x_wconf 89' lang='lat' dir='ltr'><strong>ceteris</strong></span> <span class='ocrx_word' id='word_1_18' title='bbox 953 813 998 886; x_wconf 90' lang='lat' dir='ltr'><strong>ad</strong></span> <span class='ocrx_word' id='word_1_19' title='bbox 1011 822 1185 885; x_wconf 90' lang='lat' dir='ltr'><strong>terrorem.</strong></span> 
     </span>
     <span class='ocr_line' id='line_1_4' title="bbox 245 933 1551 1033; baseline -0.006 -19"><span class='ocrx_word' id='word_1_20' title='bbox 245 944 371 1014; x_wconf 90' lang='lat' dir='ltr'><strong>Datum</strong></span> <span class='ocrx_word' id='word_1_21' title='bbox 390 939 426 1010; x_wconf 93' lang='lat' dir='ltr'><strong>in</strong></span> <span class='ocrx_word' id='word_1_22' title='bbox 445 937 565 1011; x_wconf 88' lang='lat' dir='ltr'><strong>castris</strong></span> <span class='ocrx_word' id='word_1_23' title='bbox 581 958 688 1033; x_wconf 92' lang='lat' dir='ltr'><strong>prope</strong></span> <span class='ocrx_word' id='word_1_24' title='bbox 705 937 961 1025; x_wconf 81' lang='lat' dir='ltr'><strong>Mediolanum,</strong></span> <span class='ocrx_word' id='word_1_25' title='bbox 977 937 1054 1007; x_wconf 86' lang='lat' dir='ltr'><strong>Xlll</strong></span> <span class='ocrx_word' id='word_1_26' title='bbox 1067 935 1232 1022; x_wconf 77' lang='lat' dir='ltr'>octobris,</span> <span class='ocrx_word' id='word_1_27' title='bbox 1249 935 1326 1006; x_wconf 89' lang='lat' dir='ltr'><strong>Xlll</strong></span> <span class='ocrx_word' id='word_1_28' title='bbox 1340 933 1551 1007; x_wconf 79' lang='lat' dir='ltr'><strong>indictionis.</strong></span> 
     </span>
    </p>
   </div>
   <div class='ocr_carea' id='block_1_3' title="bbox 419 1221 659 1232">
    <p class='ocr_par' dir='ltr' id='par_1_3' title="bbox 419 1221 659 1232">
     <span class='ocr_line' id='line_1_5' title="bbox 419 1221 659 1232; baseline -0.008 0"><span class='ocrx_word' id='word_1_29' title='bbox 419 1221 659 1232; x_wconf 63' lang='lat' dir='ltr'><strong>-n--o--n-c—</strong></span> 
     </span>
    </p>
   </div>
   <div class='ocr_carea' id='block_1_4' title="bbox 202 1456 1805 1710">
    <p class='ocr_par' dir='ltr' id='par_1_4' title="bbox 202 1456 1805 1710">
     <span class='ocr_line' id='line_1_6' title="bbox 250 1456 1779 1566; baseline -0.001 -24"><span class='ocrx_word' id='word_1_30' title='bbox 250 1457 481 1542; x_wconf 88' lang='lat' dir='ltr'><strong>Mandatnm&#39;</strong></span> <span class='ocrx_word' id='word_1_31' title='bbox 508 1457 558 1538; x_wconf 89' lang='lat' dir='ltr'><strong>ad</strong></span> <span class='ocrx_word' id='word_1_32' title='bbox 594 1457 786 1540; x_wconf 85' lang='lat' dir='ltr'><strong>Andream</strong></span> <span class='ocrx_word' id='word_1_33' title='bbox 816 1458 864 1540; x_wconf 92' lang='lat' dir='ltr'><strong>de</strong></span> <span class='ocrx_word' id='word_1_34' title='bbox 899 1456 1024 1540; x_wconf 84' lang='lat' dir='ltr'><strong>Cicala</strong></span> <span class='ocrx_word' id='word_1_35' title='bbox 1057 1482 1127 1566; x_wconf 88' lang='lat' dir='ltr'><strong>pro</strong></span> <span class='ocrx_word' id='word_1_36' title='bbox 1159 1457 1434 1542; x_wconf 80' lang='lat' dir='ltr'><strong>munitionibus</strong></span> <span class='ocrx_word' id='word_1_37' title='bbox 1463 1461 1603 1542; x_wconf 91' lang='lat' dir='ltr'><strong>montis</strong></span> <span class='ocrx_word' id='word_1_38' title='bbox 1662 1497 1779 1540; x_wconf 63' lang='lat' dir='ltr'><strong>naum</strong></span> 
     </span>
     <span class='ocr_line' id='line_1_7' title="bbox 202 1561 1805 1710; baseline -0.012 -36"><span class='ocrx_word' id='word_1_39' title='bbox 202 1591 327 1674; x_wconf 86' lang='lat' dir='ltr'><strong>Casini</strong></span> <span class='ocrx_word' id='word_1_40' title='bbox 345 1601 383 1674; x_wconf 93' lang='lat' dir='ltr'><strong>et</strong></span> <span class='ocrx_word' id='word_1_41' title='bbox 400 1590 544 1674; x_wconf 87' lang='lat' dir='ltr'><strong>Roooae</strong></span> <span class='ocrx_word' id='word_1_42' title='bbox 562 1589 732 1710; x_wconf 80' lang='lat' dir='ltr'><strong>lanulae.</strong></span> <span class='ocrx_word' id='word_1_43' title='bbox 1640 1561 1805 1700; x_wconf 55' lang='lat' dir='ltr'><strong>sppffiffi,</strong></span> 
     </span>
    </p>
   </div>
   <div class='ocr_carea' id='block_1_5' title="bbox 280 1801 1377 1886">
    <p class='ocr_par' dir='ltr' id='par_1_5' title="bbox 280 1801 1377 1886">
     <span class='ocr_line' id='line_1_8' title="bbox 280 1801 1377 1886; baseline -0.002 -21"><span class='ocrx_word' id='word_1_44' title='bbox 280 1804 407 1886; x_wconf 71' lang='lat' dir='ltr'><strong>(ecqua.</strong></span> <span class='ocrx_word' id='word_1_45' title='bbox 423 1805 525 1884; x_wconf 82' lang='lat' dir='ltr'><strong>imper.</strong></span> <span class='ocrx_word' id='word_1_46' title='bbox 542 1801 660 1866; x_wconf 67' lang='lat' dir='ltr'><strong>mede.</strong></span> <span class='ocrx_word' id='word_1_47' title='bbox 676 1803 717 1883; x_wconf 84' lang='lat'><strong>11,</strong></span> <span class='ocrx_word' id='word_1_48' title='bbox 731 1803 784 1865; x_wconf 80' lang='lat' dir='ltr'><strong>iol.</strong></span> <span class='ocrx_word' id='word_1_49' title='bbox 803 1811 837 1864; x_wconf 89' lang='lat'><strong>11</strong></span> <span class='ocrx_word' id='word_1_50' title='bbox 854 1819 955 1877; x_wconf 70' lang='lat' dir='ltr'><strong>versot</strong></span> <span class='ocrx_word' id='word_1_51' title='bbox 972 1807 1002 1864; x_wconf 92' lang='lat' dir='ltr'><strong>ln</strong></span> <span class='ocrx_word' id='word_1_52' title='bbox 1016 1805 1087 1865; x_wconf 90' lang='lat' dir='ltr'><strong>edlt.</strong></span> <span class='ocrx_word' id='word_1_53' title='bbox 1102 1801 1233 1878; x_wconf 80' lang='lat' dir='ltr'><strong>caream,</strong></span> <span class='ocrx_word' id='word_1_54' title='bbox 1246 1822 1276 1882; x_wconf 89' lang='lat' dir='ltr'><strong>p.</strong></span> <span class='ocrx_word' id='word_1_55' title='bbox 1294 1803 1377 1883; x_wconf 74' lang='lat' dir='ltr'><strong>nte.)</strong></span> 
     </span>
    </p>
   </div>
   <div class='ocr_carea' id='block_1_6' title="bbox 198 1988 1753 3905">
    <p class='ocr_par' dir='ltr' id='par_1_6' title="bbox 199 1988 1603 2209">
     <span class='ocr_line' id='line_1_9' title="bbox 246 1988 1603 2086; baseline 0 -24"><span class='ocrx_word' id='word_1_56' title='bbox 246 1990 294 2062; x_wconf 84' lang='lat' dir='ltr'><strong>De</strong></span> <span class='ocrx_word' id='word_1_57' title='bbox 315 1989 472 2062; x_wconf 73' lang='lat' dir='ltr'><strong>madata</strong></span> <span class='ocrx_word' id='word_1_58' title='bbox 491 1989 659 2086; x_wconf 72' lang='lat' dir='ltr'><strong>imperiali</strong></span> <span class='ocrx_word' id='word_1_59' title='bbox 676 1991 764 2080; x_wconf 74' lang='lat' dir='ltr'><strong>facto</strong></span> <span class='ocrx_word' id='word_1_60' title='bbox 777 2010 843 2080; x_wconf 83' lang='lat' dir='ltr'><strong>per</strong></span> <span class='ocrx_word' id='word_1_61' title='bbox 858 1989 1054 2081; x_wconf 77' lang='lat' dir='ltr'><strong>mopietram</strong></span> <span class='ocrx_word' id='word_1_62' title='bbox 1072 1990 1210 2060; x_wconf 81' lang='lat' dir='ltr'><strong>Petram</strong></span> <span class='ocrx_word' id='word_1_63' title='bbox 1232 1988 1272 2060; x_wconf 83' lang='lat' dir='ltr'><strong>de</strong></span> <span class='ocrx_word' id='word_1_64' title='bbox 1296 1989 1393 2060; x_wconf 79' lang='lat' dir='ltr'><strong>Vinea</strong></span> <span class='ocrx_word' id='word_1_65' title='bbox 1410 1991 1541 2082; x_wconf 75' lang='lat' dir='ltr'><strong>scripsit</strong></span> <span class='ocrx_word' id='word_1_66' title='bbox 1561 1993 1603 2062; x_wconf 85' lang='lat' dir='ltr'><strong>P.</strong></span> 
     </span>
     <span class='ocr_line' id='line_1_10' title="bbox 199 2115 401 2209; baseline -0.01 -23"><span class='ocrx_word' id='word_1_67' title='bbox 199 2115 239 2186; x_wconf 76' lang='lat' dir='ltr'><strong>dc</strong></span> <span class='ocrx_word' id='word_1_68' title='bbox 256 2115 401 2209; x_wconf 78' lang='lat' dir='ltr'><strong>Capua:</strong></span> 
     </span>
    </p>

    <p class='ocr_par' dir='ltr' id='par_1_7' title="bbox 198 2232 1753 3905">
     <span class='ocr_line' id='line_1_11' title="bbox 245 2232 1609 2330; baseline 0 -20"><span class='ocrx_word' id='word_1_69' title='bbox 245 2237 467 2319; x_wconf 86' lang='lat' dir='ltr'><strong>Frederious,</strong></span> <span class='ocrx_word' id='word_1_70' title='bbox 485 2243 569 2324; x_wconf 80' lang='lat' dir='ltr'><strong>eto,</strong></span> <span class='ocrx_word' id='word_1_71' title='bbox 586 2234 724 2309; x_wconf 82' lang='lat' dir='ltr'><strong>Andros</strong></span> <span class='ocrx_word' id='word_1_72' title='bbox 738 2233 783 2309; x_wconf 91' lang='lat' dir='ltr'><strong>de</strong></span> <span class='ocrx_word' id='word_1_73' title='bbox 806 2232 917 2306; x_wconf 91' lang='lat' dir='ltr'><strong>Cicala</strong></span> <span class='ocrx_word' id='word_1_74' title='bbox 937 2235 1116 2328; x_wconf 88' lang='lat' dir='ltr'><strong>capitaneo</strong></span> <span class='ocrx_word' id='word_1_75' title='bbox 1137 2257 1159 2308; x_wconf 92' lang='lat' dir='ltr'><strong>a</strong></span> <span class='ocrx_word' id='word_1_76' title='bbox 1178 2236 1278 2308; x_wconf 90' lang='lat' dir='ltr'><strong>Porta</strong></span> <span class='ocrx_word' id='word_1_77' title='bbox 1299 2235 1413 2308; x_wconf 87' lang='lat' dir='ltr'><strong>Roseti</strong></span> <span class='ocrx_word' id='word_1_78' title='bbox 1436 2257 1548 2330; x_wconf 89' lang='lat' dir='ltr'><strong>usque</strong></span> <span class='ocrx_word' id='word_1_79' title='bbox 1563 2235 1609 2310; x_wconf 91' lang='lat' dir='ltr'><strong>ad</strong></span> 
     </span>
     <span class='ocr_line' id='line_1_12' title="bbox 198 2356 1609 2454; baseline -0.002 -22"><span class='ocrx_word' id='word_1_80' title='bbox 198 2358 387 2432; x_wconf 86' lang='lat' dir='ltr'><strong>confinium</strong></span> <span class='ocrx_word' id='word_1_81' title='bbox 405 2359 526 2454; x_wconf 75' lang='lat' dir='ltr'><strong>regni,</strong></span> <span class='ocrx_word' id='word_1_82' title='bbox 540 2365 607 2430; x_wconf 87' lang='lat' dir='ltr'><strong>eto.</strong></span> <span class='ocrx_word' id='word_1_83' title='bbox 626 2357 786 2430; x_wconf 88' lang='lat' dir='ltr'><strong>Pervenit</strong></span> <span class='ocrx_word' id='word_1_84' title='bbox 802 2356 850 2446; x_wconf 80' lang='lat' dir='ltr'><strong>ad</strong></span> <span class='ocrx_word' id='word_1_85' title='bbox 866 2356 1020 2428; x_wconf 78' lang='lat' dir='ltr'><strong>notitiam</strong></span> <span class='ocrx_word' id='word_1_86' title='bbox 1040 2357 1231 2431; x_wconf 88' lang='lat' dir='ltr'><strong>serenitatis</strong></span> <span class='ocrx_word' id='word_1_87' title='bbox 1252 2369 1366 2432; x_wconf 91' lang='lat' dir='ltr'><strong>nostra</strong></span> <span class='ocrx_word' id='word_1_88' title='bbox 1383 2357 1480 2452; x_wconf 87' lang='lat' dir='ltr'><strong>quod</strong></span> <span class='ocrx_word' id='word_1_89' title='bbox 1493 2359 1609 2430; x_wconf 93' lang='lat' dir='ltr'><strong>muni-</strong></span> 
     </span>
     <span class='ocr_line' id='line_1_13' title="bbox 198 2480 1609 2556; baseline 0 -2"><span class='ocrx_word' id='word_1_90' title='bbox 198 2484 309 2556; x_wconf 81' lang='lat' dir='ltr'><strong>tiones</strong></span> <span class='ocrx_word' id='word_1_91' title='bbox 331 2483 458 2556; x_wconf 93' lang='lat' dir='ltr'><strong>montis</strong></span> <span class='ocrx_word' id='word_1_92' title='bbox 483 2482 597 2554; x_wconf 88' lang='lat' dir='ltr'><strong>Casini</strong></span> <span class='ocrx_word' id='word_1_93' title='bbox 619 2491 655 2554; x_wconf 91' lang='lat' dir='ltr'><strong>et</strong></span> <span class='ocrx_word' id='word_1_94' title='bbox 670 2483 779 2556; x_wconf 83' lang='lat' dir='ltr'><strong>Rccce</strong></span> <span class='ocrx_word' id='word_1_95' title='bbox 795 2482 919 2554; x_wconf 83' lang='lat' dir='ltr'><strong>lanule</strong></span> <span class='ocrx_word' id='word_1_96' title='bbox 938 2480 1154 2554; x_wconf 80' lang='lat' dir='ltr'><strong>serventibus</strong></span> <span class='ocrx_word' id='word_1_97' title='bbox 1172 2489 1206 2554; x_wconf 88' lang='lat' dir='ltr'><strong>et</strong></span> <span class='ocrx_word' id='word_1_98' title='bbox 1221 2482 1298 2553; x_wconf 88' lang='lat' dir='ltr'><strong>eliis</strong></span> <span class='ocrx_word' id='word_1_99' title='bbox 1316 2483 1517 2554; x_wconf 89' lang='lat' dir='ltr'><strong>necessariis</strong></span> <span class='ocrx_word' id='word_1_100' title='bbox 1539 2503 1609 2554; x_wconf 93' lang='lat' dir='ltr'><strong>non</strong></span> 
     </span>
     <span class='ocr_line' id='line_1_14' title="bbox 199 2603 1609 2695; baseline -0.003 -15"><span class='ocrx_word' id='word_1_101' title='bbox 199 2607 382 2680; x_wconf 84' lang='lat' dir='ltr'><strong>suntbene</strong></span> <span class='ocrx_word' id='word_1_102' title='bbox 396 2603 542 2679; x_wconf 89' lang='lat' dir='ltr'><strong>munite.</strong></span> <span class='ocrx_word' id='word_1_103' title='bbox 559 2604 702 2689; x_wconf 89' lang='lat' dir='ltr'><strong>Quodsi</strong></span> <span class='ocrx_word' id='word_1_104' title='bbox 718 2626 840 2678; x_wconf 88' lang='lat' dir='ltr'><strong>verum</strong></span> <span class='ocrx_word' id='word_1_105' title='bbox 861 2613 931 2691; x_wconf 86' lang='lat' dir='ltr'><strong>est,</strong></span> <span class='ocrx_word' id='word_1_106' title='bbox 953 2603 1120 2695; x_wconf 82' lang='lat' dir='ltr'><strong>majestati</strong></span> <span class='ocrx_word' id='word_1_107' title='bbox 1136 2612 1249 2676; x_wconf 92' lang='lat' dir='ltr'><strong>nostre</strong></span> <span class='ocrx_word' id='word_1_108' title='bbox 1269 2605 1406 2678; x_wconf 90' lang='lat' dir='ltr'><strong>noveris</strong></span> <span class='ocrx_word' id='word_1_109' title='bbox 1419 2604 1609 2678; x_wconf 80' lang='lat' dir='ltr'><strong>admodum</strong></span> 
     </span>
     <span class='ocr_line' id='line_1_15' title="bbox 198 2725 1609 2823; baseline 0 -21"><span class='ocrx_word' id='word_1_110' title='bbox 198 2727 393 2823; x_wconf 87' lang='lat' dir='ltr'><strong>displicere.</strong></span> <span class='ocrx_word' id='word_1_111' title='bbox 410 2728 592 2813; x_wconf 88' lang='lat' dir='ltr'><strong>Quocirca</strong></span> <span class='ocrx_word' id='word_1_112' title='bbox 610 2725 764 2802; x_wconf 85' lang='lat' dir='ltr'><strong>fidelitati</strong></span> <span class='ocrx_word' id='word_1_113' title='bbox 780 2736 838 2800; x_wconf 87' lang='lat' dir='ltr'><strong>tue</strong></span> <span class='ocrx_word' id='word_1_114' title='bbox 853 2726 1075 2821; x_wconf 81' lang='lat' dir='ltr'><strong>precipiendo</strong></span> <span class='ocrx_word' id='word_1_115' title='bbox 1091 2727 1296 2800; x_wconf 90' lang='lat' dir='ltr'><strong>mandamus</strong></span> <span class='ocrx_word' id='word_1_116' title='bbox 1309 2737 1481 2822; x_wconf 89' lang='lat' dir='ltr'><strong>quatenns</strong></span> <span class='ocrx_word' id='word_1_117' title='bbox 1495 2729 1609 2802; x_wconf 92' lang='lat' dir='ltr'><strong>statim</strong></span> 
     </span>
     <span class='ocr_line' id='line_1_16' title="bbox 198 2849 1611 2946; baseline 0.002 -25"><span class='ocrx_word' id='word_1_118' title='bbox 198 2850 344 2944; x_wconf 87' lang='lat' dir='ltr'><strong>receptis</strong></span> <span class='ocrx_word' id='word_1_119' title='bbox 360 2850 427 2946; x_wconf 80' lang='lat' dir='ltr'><strong>hys</strong></span> <span class='ocrx_word' id='word_1_120' title='bbox 445 2850 571 2922; x_wconf 91' lang='lat' dir='ltr'><strong>lioteris</strong></span> <span class='ocrx_word' id='word_1_121' title='bbox 589 2849 812 2944; x_wconf 83' lang='lat' dir='ltr'><strong>personaliter</strong></span> <span class='ocrx_word' id='word_1_122' title='bbox 836 2851 990 2926; x_wconf 83' lang='lat' dir='ltr'><strong>conferas</strong></span> <span class='ocrx_word' id='word_1_123' title='bbox 1014 2859 1048 2922; x_wconf 89' lang='lat' dir='ltr'><strong>te</strong></span> <span class='ocrx_word' id='word_1_124' title='bbox 1069 2849 1342 2928; x_wconf 85' lang='lat' dir='ltr'><strong>admonitiones</strong></span> <span class='ocrx_word' id='word_1_125' title='bbox 1361 2851 1551 2946; x_wconf 82' lang='lat' dir='ltr'><strong>predictas,</strong></span> <span class='ocrx_word' id='word_1_126' title='bbox 1576 2862 1611 2924; x_wconf 88' lang='lat' dir='ltr'><strong>et</strong></span> 
     </span>
     <span class='ocr_line' id='line_1_17' title="bbox 198 2972 1610 3068; baseline 0.004 -25"><span class='ocrx_word' id='word_1_127' title='bbox 198 2974 290 3068; x_wconf 91' lang='lat' dir='ltr'><strong>ipsas</strong></span> <span class='ocrx_word' id='word_1_128' title='bbox 304 2973 504 3046; x_wconf 83' lang='lat' dir='ltr'><strong>necessariis</strong></span> <span class='ocrx_word' id='word_1_129' title='bbox 518 2972 748 3046; x_wconf 89' lang='lat' dir='ltr'><strong>servientibus</strong></span> <span class='ocrx_word' id='word_1_130' title='bbox 760 2973 821 3066; x_wconf 91' lang='lat' dir='ltr'><strong>qni</strong></span> <span class='ocrx_word' id='word_1_131' title='bbox 838 2973 906 3044; x_wconf 92' lang='lat' dir='ltr'><strong>sint</strong></span> <span class='ocrx_word' id='word_1_132' title='bbox 921 2973 966 3048; x_wconf 89' lang='lat' dir='ltr'><strong>de</strong></span> <span class='ocrx_word' id='word_1_133' title='bbox 982 2995 1090 3066; x_wconf 79' lang='lat' dir='ltr'><strong>regno</strong></span> <span class='ocrx_word' id='word_1_134' title='bbox 1105 2981 1139 3046; x_wconf 93' lang='lat' dir='ltr'><strong>et</strong></span> <span class='ocrx_word' id='word_1_135' title='bbox 1153 2995 1302 3066; x_wconf 90' lang='lat' dir='ltr'><strong>qnorum</strong></span> <span class='ocrx_word' id='word_1_136' title='bbox 1315 2975 1480 3068; x_wconf 91' lang='lat' dir='ltr'><strong>suspictio</strong></span> <span class='ocrx_word' id='word_1_137' title='bbox 1492 2975 1610 3068; x_wconf 89' lang='lat' dir='ltr'><strong>aliqua</strong></span> 
     </span>
     <span class='ocr_line' id='line_1_18' title="bbox 198 3079 1753 3190; baseline 0.002 -25"><span class='ocrx_word' id='word_1_138' title='bbox 198 3117 269 3168; x_wconf 93' lang='lat' dir='ltr'><strong>non</strong></span> <span class='ocrx_word' id='word_1_139' title='bbox 286 3095 473 3186; x_wconf 89' lang='lat' dir='ltr'><strong>habeatnr,</strong></span> <span class='ocrx_word' id='word_1_140' title='bbox 490 3117 619 3172; x_wconf 86' lang='lat' dir='ltr'><strong>uxores</strong></span> <span class='ocrx_word' id='word_1_141' title='bbox 636 3107 670 3168; x_wconf 91' lang='lat' dir='ltr'><strong>et</strong></span> <span class='ocrx_word' id='word_1_142' title='bbox 689 3094 777 3169; x_wconf 88' lang='lat' dir='ltr'><strong>filios</strong></span> <span class='ocrx_word' id='word_1_143' title='bbox 793 3095 958 3169; x_wconf 88' lang='lat' dir='ltr'><strong>babentes</strong></span> <span class='ocrx_word' id='word_1_144' title='bbox 972 3097 1008 3166; x_wconf 94' lang='lat' dir='ltr'><strong>in</strong></span> <span class='ocrx_word' id='word_1_145' title='bbox 1026 3117 1152 3190; x_wconf 82' lang='lat' dir='ltr'><strong>regno,</strong></span> <span class='ocrx_word' id='word_1_146' title='bbox 1169 3107 1204 3168; x_wconf 93' lang='lat' dir='ltr'><strong>et</strong></span> <span class='ocrx_word' id='word_1_147' title='bbox 1219 3097 1362 3188; x_wconf 87' lang='lat' dir='ltr'><strong>divites,</strong></span> <span class='ocrx_word' id='word_1_148' title='bbox 1387 3097 1476 3169; x_wconf 91' lang='lat' dir='ltr'><strong>siout</strong></span> <span class='ocrx_word' id='word_1_149' title='bbox 1499 3099 1610 3190; x_wconf 92' lang='lat' dir='ltr'><strong>quali·</strong></span> <span class='ocrx_word' id='word_1_150' title='bbox 1746 3079 1753 3092; x_wconf 71' lang='grc'><strong>’</strong></span> 
     </span>
     <span class='ocr_line' id='line_1_19' title="bbox 198 3219 1611 3316; baseline 0 -24"><span class='ocrx_word' id='word_1_151' title='bbox 198 3229 301 3292; x_wconf 88' lang='lat' dir='ltr'><strong>tatem</strong></span> <span class='ocrx_word' id='word_1_152' title='bbox 325 3219 490 3314; x_wconf 89' lang='lat' dir='ltr'><strong>expedire</strong></span> <span class='ocrx_word' id='word_1_153' title='bbox 513 3219 642 3293; x_wconf 86' lang='lat' dir='ltr'><strong>videris</strong></span> <span class='ocrx_word' id='word_1_154' title='bbox 668 3221 910 3311; x_wconf 87' lang='lat' dir='ltr'><strong>servientium,</strong></span> <span class='ocrx_word' id='word_1_155' title='bbox 938 3243 980 3294; x_wconf 92' lang='lat' dir='ltr'><strong>ao</strong></span> <span class='ocrx_word' id='word_1_156' title='bbox 1004 3221 1149 3314; x_wconf 80' lang='lat' dir='ltr'><strong>singulis</strong></span> <span class='ocrx_word' id='word_1_157' title='bbox 1175 3220 1252 3292; x_wconf 92' lang='lat' dir='ltr'><strong>aliis</strong></span> <span class='ocrx_word' id='word_1_158' title='bbox 1272 3222 1454 3316; x_wconf 91' lang='lat' dir='ltr'><strong>oportunis</strong></span> <span class='ocrx_word' id='word_1_159' title='bbox 1475 3221 1611 3293; x_wconf 92' lang='lat' dir='ltr'><strong>munire</strong></span> 
     </span>
     <span class='ocr_line' id='line_1_20' title="bbox 199 3343 1608 3438; baseline -0.001 -22"><span class='ocrx_word' id='word_1_160' title='bbox 199 3345 417 3438; x_wconf 89' lang='lat' dir='ltr'><strong>aliquatenus</strong></span> <span class='ocrx_word' id='word_1_161' title='bbox 438 3365 508 3415; x_wconf 94' lang='lat' dir='ltr'><strong>non</strong></span> <span class='ocrx_word' id='word_1_162' title='bbox 529 3351 735 3438; x_wconf 89' lang='lat' dir='ltr'><strong>postponas,</strong></span> <span class='ocrx_word' id='word_1_163' title='bbox 757 3354 796 3415; x_wconf 92' lang='lat' dir='ltr'><strong>ut</strong></span> <span class='ocrx_word' id='word_1_164' title='bbox 812 3343 1007 3420; x_wconf 84' lang='lat' dir='ltr'><strong>devotionis</strong></span> <span class='ocrx_word' id='word_1_165' title='bbox 1028 3353 1087 3416; x_wconf 89' lang='lat' dir='ltr'><strong>tue</strong></span> <span class='ocrx_word' id='word_1_166' title='bbox 1107 3343 1263 3416; x_wconf 91' lang='lat' dir='ltr'><strong>studium</strong></span> <span class='ocrx_word' id='word_1_167' title='bbox 1280 3343 1410 3416; x_wconf 85' lang='lat' dir='ltr'><strong>exinde</strong></span> <span class='ocrx_word' id='word_1_168' title='bbox 1433 3365 1608 3417; x_wconf 90' lang='lat' dir='ltr'><strong>commen·</strong></span> 
     </span>
     <span class='ocr_line' id='line_1_21' title="bbox 199 3465 1609 3570; baseline -0.001 -31"><span class='ocrx_word' id='word_1_169' title='bbox 199 3466 282 3539; x_wconf 92' lang='lat' dir='ltr'><strong>dare</strong></span> <span class='ocrx_word' id='word_1_170' title='bbox 307 3467 489 3560; x_wconf 88' lang='lat' dir='ltr'><strong>possimus.</strong></span> <span class='ocrx_word' id='word_1_171' title='bbox 512 3465 760 3538; x_wconf 87' lang='lat' dir='ltr'><strong>Niohilominus</strong></span> <span class='ocrx_word' id='word_1_172' title='bbox 786 3467 889 3540; x_wconf 91' lang='lat' dir='ltr'><strong>etiam</strong></span> <span class='ocrx_word' id='word_1_173' title='bbox 912 3466 1005 3539; x_wconf 93' lang='lat' dir='ltr'><strong>omni</strong></span> <span class='ocrx_word' id='word_1_174' title='bbox 1028 3466 1143 3570; x_wconf 78' lang='lat' dir='ltr'><strong>studio</strong></span> <span class='ocrx_word' id='word_1_175' title='bbox 1167 3466 1341 3555; x_wconf 81' lang='lat' dir='ltr'><strong>elabores,</strong></span> <span class='ocrx_word' id='word_1_176' title='bbox 1369 3475 1409 3538; x_wconf 90' lang='lat' dir='ltr'><strong>ut</strong></span> <span class='ocrx_word' id='word_1_177' title='bbox 1434 3466 1471 3537; x_wconf 92' lang='lat' dir='ltr'><strong>in</strong></span> <span class='ocrx_word' id='word_1_178' title='bbox 1497 3468 1609 3540; x_wconf 85' lang='lat' dir='ltr'><strong>Rocca</strong></span> 
     </span>
     <span class='ocr_line' id='line_1_22' title="bbox 198 3587 1609 3684; baseline 0 -24"><span class='ocrx_word' id='word_1_179' title='bbox 198 3589 320 3661; x_wconf 83' lang='lat' dir='ltr'><strong>lanula</strong></span> <span class='ocrx_word' id='word_1_180' title='bbox 348 3587 405 3660; x_wconf 87' lang='lat' dir='ltr'><strong>liat</strong></span> <span class='ocrx_word' id='word_1_181' title='bbox 432 3589 529 3662; x_wconf 92' lang='lat' dir='ltr'><strong>blida</strong></span> <span class='ocrx_word' id='word_1_182' title='bbox 557 3611 626 3661; x_wconf 92' lang='lat' dir='ltr'><strong>una</strong></span> <span class='ocrx_word' id='word_1_183' title='bbox 651 3588 697 3662; x_wconf 89' lang='lat' dir='ltr'><strong>ad</strong></span> <span class='ocrx_word' id='word_1_184' title='bbox 725 3593 888 3681; x_wconf 89' lang='lat' dir='ltr'><strong>majorem</strong></span> <span class='ocrx_word' id='word_1_185' title='bbox 913 3589 1091 3662; x_wconf 90' lang='lat' dir='ltr'><strong>tuitionem</strong></span> <span class='ocrx_word' id='word_1_186' title='bbox 1119 3589 1319 3662; x_wconf 90' lang='lat' dir='ltr'><strong>munitionis</strong></span> <span class='ocrx_word' id='word_1_187' title='bbox 1346 3589 1467 3684; x_wconf 92' lang='lat' dir='ltr'><strong>ipsius.</strong></span> <span class='ocrx_word' id='word_1_188' title='bbox 1498 3591 1609 3683; x_wconf 89' lang='lat' dir='ltr'><strong>Super</strong></span> 
     </span>
     <span class='ocr_line' id='line_1_23' title="bbox 199 3713 1606 3808; baseline 0.001 -25"><span class='ocrx_word' id='word_1_189' title='bbox 199 3733 269 3806; x_wconf 90' lang='lat' dir='ltr'><strong>quo</strong></span> <span class='ocrx_word' id='word_1_190' title='bbox 293 3713 423 3784; x_wconf 91' lang='lat' dir='ltr'><strong>nullam</strong></span> <span class='ocrx_word' id='word_1_191' title='bbox 451 3734 580 3786; x_wconf 92' lang='lat' dir='ltr'><strong>moram</strong></span> <span class='ocrx_word' id='word_1_192' title='bbox 609 3722 643 3785; x_wconf 88' lang='lat' dir='ltr'><strong>te</strong></span> <span class='ocrx_word' id='word_1_193' title='bbox 671 3713 868 3808; x_wconf 82' lang='lat' dir='ltr'><strong>protrahere</strong></span> <span class='ocrx_word' id='word_1_194' title='bbox 895 3715 1076 3806; x_wconf 86' lang='lat' dir='ltr'><strong>volumus,</strong></span> <span class='ocrx_word' id='word_1_195' title='bbox 1104 3715 1161 3786; x_wconf 88' lang='lat' dir='ltr'><strong>vel</strong></span> <span class='ocrx_word' id='word_1_196' title='bbox 1183 3713 1428 3808; x_wconf 81' lang='lat' dir='ltr'><strong>negligentiam</strong></span> <span class='ocrx_word' id='word_1_197' title='bbox 1455 3714 1606 3808; x_wconf 89' lang='lat' dir='ltr'><strong>aliquem</strong></span> 
     </span>
     <span class='ocr_line' id='line_1_24' title="bbox 200 3831 377 3905; baseline 0 0"><span class='ocrx_word' id='word_1_198' title='bbox 200 3831 377 3905; x_wconf 88' lang='lat' dir='ltr'><strong>adbibere.</strong></span> 
     </span>
    </p>
   </div>
   <div class='ocr_carea' id='block_1_7' title="bbox 246 3955 1554 4052">
    <p class='ocr_par' dir='ltr' id='par_1_8' title="bbox 246 3955 1554 4052">
     <span class='ocr_line' id='line_1_25' title="bbox 246 3955 1554 4052; baseline 0.004 -27"><span class='ocrx_word' id='word_1_199' title='bbox 246 3956 369 4028; x_wconf 89' lang='lat' dir='ltr'><strong>Datum</strong></span> <span class='ocrx_word' id='word_1_200' title='bbox 389 3955 424 4026; x_wconf 94' lang='lat' dir='ltr'><strong>in</strong></span> <span class='ocrx_word' id='word_1_201' title='bbox 448 3956 567 4028; x_wconf 89' lang='lat' dir='ltr'><strong>castris</strong></span> <span class='ocrx_word' id='word_1_202' title='bbox 580 3978 687 4052; x_wconf 89' lang='lat' dir='ltr'><strong>propo</strong></span> <span class='ocrx_word' id='word_1_203' title='bbox 702 3956 956 4046; x_wconf 83' lang='lat' dir='ltr'><strong>Mediolanum,</strong></span> <span class='ocrx_word' id='word_1_204' title='bbox 973 3958 1050 4030; x_wconf 90' lang='lat' dir='ltr'><strong>Xlll</strong></span> <span class='ocrx_word' id='word_1_205' title='bbox 1063 3959 1230 4050; x_wconf 89' lang='lat' dir='ltr'><strong>octobris,</strong></span> <span class='ocrx_word' id='word_1_206' title='bbox 1249 3959 1327 4030; x_wconf 88' lang='lat' dir='ltr'>XIII</span> <span class='ocrx_word' id='word_1_207' title='bbox 1347 3957 1554 4032; x_wconf 89' lang='lat' dir='ltr'><strong>indictionis.</strong></span> 
     </span>
    </p>
   </div>
   <div class='ocr_carea' id='block_1_8' title="bbox 414 4233 1390 4248">
    <p class='ocr_par' dir='ltr' id='par_1_9' title="bbox 414 4233 1390 4248">
     <span class='ocr_line' id='line_1_26' title="bbox 414 4233 1390 4248; baseline -0.001 -3"><span class='ocrx_word' id='word_1_208' title='bbox 414 4233 890 4246; x_wconf 70' lang='lat'><strong>——---—--—-----.—-——--</strong></span> <span class='ocrx_word' id='word_1_209' title='bbox 894 4238 907 4245; x_wconf 72' lang='lat'><strong>.-</strong></span> <span class='ocrx_word' id='word_1_210' title='bbox 912 4235 1390 4248; x_wconf 50' lang='lat' dir='ltr'><strong>“nn-*W</strong></span> 
     </span>
    </p>
   </div>
   <div class='ocr_carea' id='block_1_9' title="bbox 250 4472 1780 4620">
    <p class='ocr_par' dir='ltr' id='par_1_10' title="bbox 250 4472 1780 4620">
     <span class='ocr_line' id='line_1_27' title="bbox 250 4472 1780 4620; baseline 0.009 -64"><span class='ocrx_word' id='word_1_211' title='bbox 250 4472 471 4556; x_wconf 88' lang='lat' dir='ltr'><strong>Mendetum</strong></span> <span class='ocrx_word' id='word_1_212' title='bbox 502 4477 552 4558; x_wconf 89' lang='lat' dir='ltr'><strong>ed</strong></span> <span class='ocrx_word' id='word_1_213' title='bbox 581 4477 769 4584; x_wconf 87' lang='lat' dir='ltr'><strong>praelatos</strong></span> <span class='ocrx_word' id='word_1_214' title='bbox 805 4480 1034 4588; x_wconf 75' lang='lat' dir='ltr'><strong>familiareS,</strong></span> <span class='ocrx_word' id='word_1_215' title='bbox 1064 4483 1291 4592; x_wconf 84' lang='lat' dir='ltr'><strong>magistrum</strong></span> <span class='ocrx_word' id='word_1_216' title='bbox 1324 4485 1602 4596; x_wconf 82' lang='lat' dir='ltr'><strong>justiciarium,</strong></span> <span class='ocrx_word' id='word_1_217' title='bbox 1664 4511 1780 4620; x_wconf 44' lang='lat'><strong>¹²53?</strong></span> 
     </span>
    </p>
   </div>
   <div class='ocr_carea' id='block_1_10' title="bbox 198 4603 1805 4723">
    <p class='ocr_par' dir='ltr' id='par_1_11' title="bbox 198 4603 1805 4723">
     <span class='ocr_line' id='line_1_28' title="bbox 198 4603 1805 4723; baseline 0.014 -39"><span class='ocrx_word' id='word_1_218' title='bbox 198 4603 413 4712; x_wconf 89' lang='lat' dir='ltr'><strong>capitaneos</strong></span> <span class='ocrx_word' id='word_1_219' title='bbox 431 4615 468 4690; x_wconf 91' lang='lat' dir='ltr'><strong>et</strong></span> <span class='ocrx_word' id='word_1_220' title='bbox 486 4608 580 4692; x_wconf 90' lang='lat' dir='ltr'><strong>alios</strong></span> <span class='ocrx_word' id='word_1_221' title='bbox 606 4609 783 4694; x_wconf 88' lang='lat' dir='ltr'><strong>officiales</strong></span> <span class='ocrx_word' id='word_1_222' title='bbox 808 4614 916 4723; x_wconf 83' lang='lat' dir='ltr'><strong>regni</strong></span> <span class='ocrx_word' id='word_1_223' title='bbox 940 4615 989 4697; x_wconf 91' lang='lat' dir='ltr'><strong>de</strong></span> <span class='ocrx_word' id='word_1_224' title='bbox 1011 4614 1204 4698; x_wconf 90' lang='lat' dir='ltr'><strong>mittendis</strong></span> <span class='ocrx_word' id='word_1_225' title='bbox 1227 4617 1446 4702; x_wconf 89' lang='lat' dir='ltr'><strong>nominibus</strong></span> <span class='ocrx_word' id='word_1_226' title='bbox 1471 4646 1604 4704; x_wconf 89' lang='lat' dir='ltr'><strong>eorum</strong></span> <span class='ocrx_word' id='word_1_227' title='bbox 1638 4617 1805 4715; x_wconf 53' lang='lat' dir='ltr'><strong>iiiiii&amp;</strong></span> 
     </span>
    </p>
   </div>
   <div class='ocr_carea' id='block_1_11' title="bbox 0 0 2122 5892">
    <p class='ocr_par' dir='ltr' id='par_1_12' title="bbox 0 0 2122 5892">
     <span class='ocr_line' id='line_1_29' title="bbox 0 0 2122 5892; baseline 0 0"><span class='ocrx_word' id='word_1_228' title='bbox 0 0 2122 5892; x_wconf 95' lang='lat' dir='ltr'><strong> </strong></span> 
     </span>
    </p>
   </div>
  </div>
 </body>
</html>
