4278 5920
474 633 517 697 82
975 633 1190 698 nieme!
1214 633 1387 696 securint
1697 628 1778 707 [du.
1795 627 1883 690 1237.

474 766 582 840 salem
599 775 634 839 et
651 766 767 839 Sicilie
785 787 862 840 rex.
879 767 944 840 Per
960 789 1103 864 presens
1116 769 1283 865 scriptum
1307 775 1428 840 notum
1443 786 1520 838 esse
1537 765 1700 836 velumus
1719 773 1789 834 tam
1808 783 1886 858 pre-

473 889 630 962 sentibus
650 911 755 982 quam
778 891 903 963 futuris
922 890 1018 986 quod
1042 890 1248 964 acoedentes
1267 890 1315 962 ad
1335 888 1542 985 proeentiam
1566 895 1716 959 nosram
1738 885 1885 958 dilectus

472 1013 680 1088 venerabilis
689 1013 843 1087 abbeset
856 1015 1259 1088 eonvenuumonasterii
1273 1013 1319 1088 de
1331 1013 1524 1088 Odmbeim
1536 1011 1773 1084 lidelesnostn'
1785 1009 1885 1082 obtu-

471 1137 585 1210 tamt
599 1139 770 1231 nosue
783 1149 899 1211 m
913 1139 1091 1234 quosnam
1106 1139 1273 1234 seipsum
1290 1147 1414 1234 paens
1426 1135 1600 1209 nouem
1613 1137 1665 1207 ss
1677 1134 1723 1206 ae
1736 1111 1883 1206 nonem

471 1259 545 1333 lilio
558 1269 675 1333 nestro
688 1260 866 1356 quondam
876 1285 972 1356 rege,
988 1263 1165 1336 humssitar
1177 1263 1411 1359 supptimutes
1423 1260 1562 1333 utillud
1574 1247 1884 1332 renovareetoon-

471 1381 608 1458 lirmare
630 1383 676 1458 de
693 1393 809 1458 nostra
832 1387 942 1481 gratis
964 1385 1206 1477 dignaremnr3
1232 1389 1333 1480 cujus
1351 1396 1453 1460 tenor
1474 1383 1669 1479 puomnia
1686 1381 1765 1454 talis
1782 1391 1879 1453 erat:

520 1505 696 1606 [Sequitur
719 1519 817 1582 teum
832 1511 1005 1605 privilegii
1021 1511 1160 1583 Henriei
1179 1511 1238 1582 vll
1255 1531 1362 1606 super
1378 1509 1525 1582 culturis
1548 1505 1595 1580 de
1616 1505 1822 1596 diebelberg
1839 1503 1884 1576 de

470 1651 563 1703 anno
578 1631 673 1706 ⁴225
692 1631 780 1726 (Vid.
797 1641 822 1703 t.
841 1633 883 1726 11,
904 1655 939 1728 p.
959 1629 1060 1728 827),
1080 1655 1152 1728 qno
1167 1632 1264 1705 linito
1277 1633 1499 1726 subjungitur
1512 1627 1546 1728 ε]

518 1754 588 1826 Nos
614 1755 732 1849 itaque
757 1756 887 1852 pietate
911 1757 1011 1828 solita
1039 1779 1146 1851 quam
1171 1757 1261 1830 eirca
1287 1777 1451 1852 perseum
1478 1765 1514 1827 et
1538 1755 1612 1826 luca
1639 1751 1798 1844 religiosa
1821 1771 1882 1846 pru

469 1897 588 1950 amore
613 1877 734 1951 divino
754 1877 996 1969 extendimus,
1019 1880 1221 1953 eurumdem
1248 1879 1386 1953 devotis
1409 1877 1570 1974 precibus
1590 1876 1761 1966 inclinati,
1789 1874 1883 1948 idem

468 2001 672 2094 resuiptum
693 2001 934 2074 renovandum
960 2001 1130 2076 duximus
1152 2013 1189 2078 et
1211 2001 1502 2076 eonfirmandum.
1523 2000 1729 2074 blandantes
1749 2007 1786 2071 et
1801 2019 1882 2070 aue·

469 2121 603 2196 toritete
621 2125 831 2218 presentium
853 2123 995 2200 tirmiter
1017 2125 1213 2200 inhibentes
1229 2136 1403 2222 quatenus
1425 2126 1543 2200 nullus
1563 2125 1609 2198 sit
1626 2124 1689 2218 qni
1712 2121 1883 2218 predictos

468 2245 629 2320 abbatem
657 2246 715 2320 vel
739 2259 949 2322 eonventnm
973 2249 1020 2323 de
1049 2249 1229 2324 Otenbeim
1257 2259 1376 2324 eontra
1400 2249 1570 2346 prmtis
1589 2245 1821 2320 renovationis
1848 2253 1884 2318 et

469 2367 738 2444 eonlirmationis
755 2381 872 2445 nostre
890 2373 1037 2467 gratiam
1050 2383 1226 2470 presumat
1241 2383 1370 2448 temere
1384 2373 1584 2456 molestam
1601 2369 1698 2464 qued
1717 2369 1779 2463 qni
1799 2389 1882 2464 pre-

468 2493 655 2588 sumpserit
676 2493 950 2588 indignationem
974 2507 1125 2570 nostram
1143 2519 1182 2571 se
1200 2498 1337 2571 noverit
1354 2496 1552 2570 inenrriaee.
1572 2494 1630 2567 Ad
1643 2495 1750 2586 hujus
1766 2493 1882 2586 itaque

468 2615 517 2688 rei
534 2615 641 2690 robur
660 2617 696 2688 in
717 2628 894 2713 posterum
915 2621 1104 2692 valiturum
1122 2621 1292 2716 presentis
1309 2620 1542 2694 renovationis
1557 2629 1592 2692 et
1615 2613 1882 2691 oonfirmationis

467 2745 583 2812 nosue
600 2737 762 2834 paginam
780 2739 895 2834 sigillo
913 2741 1128 2816 celsitudinis
1139 2731 1266 2818 'nosne
1285 2742 1433 2816 lecimus
1454 2739 1673 2816 oommnniri.

516 2863 633 2936 Testes
656 2871 772 2936 autem
790 2863 897 2958 hujus
913 2866 965 2938 rei
982 2875 1065 2940 sunt
1084 2894 1095 2940 r
1118 2867 1325 2942 venerabilis
1340 2864 1490 2939 Silridns
1510 2863 1753 2959 moguntinus,
1770 2861 1879 2934 Theo-

468 2985 608 3060 dericus
639 2987 852 3060 Trevirensis
877 2989 1142 3088 arehiepiseopi‚
1174 2989 1365 3066 landolfus
1389 2988 1648 3062 Wormatiensis
1674 2986 1877 3083 episeopus,

467 3108 647 3184 Conradus
667 3109 838 3206 Spirensis
854 3111 1000 3205 electus,
1022 3113 1099 3187 dux
1115 3114 1162 3188 de
1177 3115 1346 3210 tempure
1367 3113 1587 3203 waleranus,
1604 3107 1825 3184 Eberhardus
1845 3119 1881 3182 et

467 3234 546 3308 Otto
568 3234 613 3308 de
636 3233 836 3326 Ebemtein,
860 3237 965 3310 irater
992 3237 1198 3312 Bartholdus
1225 3238 1270 3312 de
1296 3237 1516 3312 Tanwerden
1540 3235 1609 3334 (o),
1634 3235 1812 3310 Geumdus
1834 3232 1880 3306 de

466 3355 668 3450 Smidevelt,
684 3367 718 3430 et
734 3357 794 3430 alii
806 3360 1044 3456 quamplures.

516 3479 640 3554 Actum
668 3481 841 3554 dominiee
864 3481 1106 3557 ineemationis
1130 3505 1223 3558 anno
1243 3483 1424 3558 millesimo
1448 3481 1685 3558 dueentesimo
1710 3481 1879 3557 trieesimo

467 3603 628 3701 septimo,
645 3625 764 3677 mense
774 3605 880 3699 junii,
899 3605 1034 3680 decima
1051 3607 1099 3703 (l)
1116 3607 1317 3682 indictione.

515 3731 641 3802 Datum
659 3727 756 3825 apud
771 3729 920 3827 Spiram,
939 3753 1045 3824 enno,
1064 3753 1195 3826 mense,
1214 3733 1403 3808 indictione
1417 3732 1627 3829 proscriptis.

1501 4025 1665 4042 ——nu-—fl-

262 4339 441 4451 owm,
521 4301 753 4412 Friderious,
778 4305 1038 4391 Romanorum
1066 4307 1288 4419 imperator,
1316 4307 1535 4391 Conradum
1561 4303 1611 4386 de
1633 4296 1878 4438 §usenberg

467 4433 517 4517 ad
544 4435 822 4545 querimoniam
844 4439 993 4524 abbatis
1019 4441 1249 4526 Elwaeensis
1274 4439 1529 4551 proscriptum
1552 4463 1576 4520 a
1596 4433 1749 4521 vinculo
1777 4453 1875 4540 pro-

508 4622 549 4704 (e)
570 4627 690 4689 lteetlus
701 4627 739 4688 de
758 4627 959 4690 Taunmrode.

506 4727 549 4810 (l)
572 4731 607 4793 ln
621 4733 798 4797 obertularte
810 4733 948 4813 seem,
964 4737 1051 4799 mele.
