4350 5922
234 631 329 690 111111.
350 626 410 711 10.]
682 624 880 687 HISTORIA
908 623 1202 686 otnnottst’tce.
1609 629 1650 688 45

233 785 273 836 ea
291 785 362 858 que
383 762 431 836 ad
448 763 613 836 bonorem
635 763 698 835 Dei
717 772 751 834 et
776 782 925 855 superne
941 761 1072 832 cultum
1090 759 1226 854 pietatis
1246 757 1439 854 expediunt
1462 768 1497 831 11
1516 760 1649 832 condu-

234 909 310 960 cere
321 887 499 976 videntur,
509 908 713 982 promovere
727 907 768 958 ao
781 885 967 956 sublimare
976 905 1196 980 summopere
1209 894 1401 972 teneamur,
1417 883 1536 958 divina
1551 885 1650 960 nobis

236 1009 441 1102 providente
452 1009 686 1082 misericordia
697 1009 912 1080 liberalitatis
922 1017 1035 1080 nostre
1049 1009 1274 1082 donacionem
1290 1009 1433 1082 ecclesie
1448 1009 1482 1080 in
1494 1010 1651 1084 Richers-

234 1155 338 1228 perge
360 1135 517 1206 conferre
536 1133 634 1229 pium
653 1133 885 1206 decrevimus.
907 1132 996 1202 Hinc
1019 1131 1183 1225 estquod
1204 1132 1463 1204 universitatem
1487 1143 1555 1206 tom
1575 1156 1650 1228 pre·

234 1259 390 1331 cencium
403 1281 509 1352 quam
530 1259 723 1330 futurorum
742 1257 847 1328 latere
865 1257 1026 1328 nolumus
1046 1255 1142 1348 qnod
1165 1255 1381 1329 inhonorem
1401 1258 1525 1328 Sancto
1545 1257 1650 1330 Mario

233 1383 419 1476 Sanctique
443 1381 638 1472 Michaelis,
662 1403 724 1476 pro
749 1379 902 1454 remedio
924 1380 1117 1452 animarum
1141 1379 1302 1452 videlicet
1325 1381 1380 1475 pio
1404 1381 1650 1454 recordatiouis

234 1641 305 1700 tum
321 1650 385 1701 eeu
401 1641 655 1702 autecessorum
675 1639 886 1719 nostrorum,
905 1629 1046 1700 obtentu
1063 1627 1181 1700 Ortolfi
1198 1627 1352 1721 ejusdem
1369 1629 1433 1700 loci
1452 1638 1535 1700 tunc
1553 1629 1649 1702 celc-

235 1753 333 1841 rarii,
351 1751 507 1824 omnium
530 1773 644 1824 111111
666 1752 844 1824 mobilium
866 1773 926 1845 pcr
945 1759 1051 1824 terras
1066 1761 1200 1823 nostras
1223 1751 1297 1824 sine
1315 1754 1408 1823 omui
1428 1752 1649 1846 vectigalium

235 1889 295 1950 aut
314 1877 541 1974 pedagiorum
557 1879 740 1951 exactione
758 1879 950 1951 libertatem
973 1881 1136 1951 transitus
1153 1879 1263 1950 eidem
1284 1880 1427 1952 ecclesie
1443 1882 1650 1954 contulimus

235 2012 268 2074 et
280 2001 502 2076 indulsimus.
522 2004 565 2076 Ut
579 2012 693 2076 autem
712 2003 777 2076 hoc
793 2002 1005 2075 liberalitatis
1022 2011 1137 2076 nostre
1153 2003 1294 2076 donatio
1313 2013 1385 2076 rata
1400 2015 1435 2076 et
1447 2005 1649 2080 inconvulse

235 2127 270 2196 11
296 2135 500 2222 perpetuum
526 2137 738 2222 perseveret,
760 2137 951 2222 presentem
976 2127 1136 2221 paginam
1161 2127 1264 2220 sigilli
1293 2128 1398 2200 nostri
1427 2129 1649 2224 impressione

238 2251 445 2344 testiumque
469 2251 720 2345 subscriptione
744 2251 897 2324 roborari
918 2251 1085 2344 jussimus
1108 2273 1255 2345 quorum
1280 2251 1418 2324 nomino
1448 2263 1528 2324 suut
1554 2253 1646 2326 hec:

234 2374 365 2446 Krahlo
381 2374 426 2447 de
441 2374 675 2471 Anziuspach,
686 2374 899 2446 Walchunus
912 2375 956 2447 de
968 2377 1216 2469 Wesenperch,
1231 2376 1437 2449 Chuuradus
1450 2377 1493 2450 de
1505 2378 1647 2474 Lepide,

235 2497 422 2570 witardus
439 2497 574 2594 dapifer
585 2509 620 2572 et
636 2497 697 2570 11111
710 2499 788 2586 111,
808 2499 1002 2592 Wignndus
1017 2498 1062 2572 de
1080 2499 1262 2590 Cblambe‚
1281 2502 1453 2573 1111111111
1468 2501 1514 2574 (11
1531 2503 1650 2576 Liech·

235 2623 421 2711 tensteiue,
449 2623 534 2704 ,Otto
568 2623 612 2695 de
642 2623 805 2712 Lewbiu,
842 2623 969 2695 Albero
1000 2623 1045 2696 de
1073 2623 1358 2714 Grimmensteiu,
1393 2625 1573 2698 Heinricus
1605 2628 1650 2701 dc

235 2743 486 2838 Tumbeuowe,
521 2747 671 2820 01111111
700 2746 746 2819 de
771 2747 1022 2840 Atzinprulrke,
1057 2748 1230 2820 Ditmams
1264 2749 1495 2822 marschalcus
1529 2751 1648 2824 etalii

236 2869 471 2964 quamplures.
492 2873 617 2942 Datum
635 2871 899 2964 Neweuhorch,
919 2894 1010 2944 auno
1032 2872 1282 2946 incarnacionis
1307 2874 1442 2946 Domini
1462 2876 1509 2947 M.
1532 2875 1646 2966 CClll,

236 2991 424 3067 indictione
436 2995 498 3086 Vl,
519 2995 669 3092 septima
690 2996 771 3068 idus
787 2997 918 3068 marcii.
1006 2977 1010 2988 ’
1358 3001 1361 3007 ’

280 3117 351 3189 Νο1
367 3117 486 3212 itaque
509 3119 636 3214 pietate
652 3120 737 3191 moti
755 3142 824 3213 qua
843 3121 998 3193 omnium
1016 3121 1168 3192 locorum
1187 3122 1437 3194 venerabilium
1456 3134 1490 3196 et
1506 3124 1649 3218 religio-

233 3261 349 3312 sarum
371 3263 596 3336 personarum
610 3244 714 3336 justis
732 3243 954 3338 petitionibus
978 3243 1209 3316 favorabiliter
1232 3244 1452 3336 inclinamur,
1478 3246 1648 3320 dictorum

233 3365 398 3460 prepositi
414 3375 449 3438 et
465 3377 659 3440 conventus
679 3367 988 3463 supplicationibus
1009 3376 1218 3458 annuentes,
1240 3368 1333 3444 idem
1351 3370 1516 3464 scriptum
1532 3371 1648 3444 indul·

232 3500 305 3560 tum
324 3489 375 3562 eis
390 3511 454 3585 per
475 3491 625 3564 eundem
649 3491 856 3588 Luipoldum
880 3493 1004 3566 ducem
1025 3492 1133 3564 felicis
1158 3492 1406 3567 recordationis
1434 3493 1479 3566 de
1504 3497 1649 3590 plenitu-

232 3613 314 3686 diue
330 3613 517 3709 imperialis
531 3615 666 3710 pietatis
681 3638 891 3689 renovamus
913 3627 947 3690 et
962 3617 1144 3690 salubriter
1159 3615 1422 3702 confirmamus,
1444 3619 1648 3693 mandantes

231 3747 266 3811 et
281 3741 450 3832 presentis
466 3739 583 3834 scripti
599 3741 801 3814 auctoritate
817 3741 1047 3836 precipientes
1070 3749 1243 3834 quatenns
1259 3742 1374 3812 nullus
1390 3743 1436 3812 sit
1449 3744 1510 3837 qui
1530 3755 1648 3816 contra

232 3863 403 3954 presentis
418 3865 652 3936 renovationis
665 3875 699 3936 et
715 3863 983 3937 confirmationis
1006 3874 1121 3936 nostre
1140 3865 1303 3960 pagiuam
1320 3866 1440 3937 venire
1458 3877 1644 3960 presumat.

232 3983 333 4069 Quod
351 3985 412 4079 qui
426 3989 672 4082 presumpserit
689 3987 960 4082 indignationem
974 3998 1125 4060 nostram
1139 4009 1177 4060 11
1190 3989 1326 4060 noverit
1345 3990 1577 4061 incursurum.
1593 3992 1648 4064 Ad

233 4106 337 4200 hujus
364 4110 483 4204 itaque
511 4111 744 4184 renovationis
771 4121 806 4184 et
832 4110 1102 4184 confirmationis
1129 4121 1244 4186 nostre
1268 4114 1467 4186 memoriam
1492 4126 1525 4186 et
1543 4115 1647 4187 robur

233 4241 398 4328 perpetuo
429 4233 617 4307 valiturum
643 4257 783 4330 presens
815 4235 1034 4331 privilegium
1063 4234 1136 4308 lieri
1166 4245 1201 4308 et
1225 4236 1337 4332 sigillo
1364 4249 1479 4310 nostre
1507 4239 1645 4311 celsitu·

233 4355 323 4428 dinis
342 4357 488 4430 lecimus
503 4359 668 4432 roborari.

281 4479 393 4572 Hujus
412 4481 462 4553 rei
485 4489 587 4555 testes
603 4491 682 4554 eunt
697 4483 904 4556 venerabilis
908 4537 982 4555 .....
1003 4483 1194 4579 patriarcha
1208 4483 1480 4579 aquilegiensis,
1500 4483 1647 4556 Sitridus

237 4601 951 4698 1113111111,Τ111ο1111111111111111111
968 4617 1003 4681 et
1021 4608 1241 4682 Eberhardus
1255 4608 1511 4702 Salzburgensis
1528 4608 1645 4679 archi-

236 4725 401 4824 episcopi,
418 4729 457 4802 ll.
476 4731 783 4824 Babeuhergensis,
799 4734 835 4804 S.
852 4733 1109 4829 Ratispouensis
1126 4733 1314 4829 imperialis
1329 4733 1408 4806 aule
1421 4731 1646 4804 cancellarius
