4224 5898
486 569 547 630 302
987 571 1204 634 ralnttttlct
1232 571 1407 634 SECUNDI
1713 569 1793 653 {data
1811 571 1896 634 1239.

486 711 634 798 pararet.
650 703 867 789 Quibusdam
886 715 1041 801 preterea
1063 707 1279 802 principibus
1296 707 1441 794 nostris,
1464 705 1605 800 prelatis
1622 705 1747 778 Italicis
1766 715 1801 777 ct
1816 707 1899 779 Ger·

486 829 618 918 manis,
638 827 820 900 nobiscum
839 829 877 900 in
898 831 993 904 curia
1018 841 1136 903 nostra
1154 829 1393 920 manentibus,
1414 829 1545 902 litteras
1568 828 1772 920 destinavit,
1790 829 1898 920 sugil-

485 952 648 1024 lationem
664 953 755 1024 fame
770 960 887 1026 nostre
902 974 972 1027 non
985 954 1159 1028 modicam
1173 954 1398 1044 continentes,
1415 955 1516 1026 certis
1527 953 1677 1025 articulis
1693 953 1896 1046 interclusis,

487 1084 520 1148 et
547 1075 741 1170 specialiter
764 1077 1025 1169 gravaminibus
1044 1075 1258 1174 quibusdam
1274 1076 1441 1148 Eucloeiis
1464 1075 1565 1169 regni
1590 1075 1718 1165 nostri,
1745 1084 1786 1146 ut
1802 1075 1898 1147 dioe-

486 1199 602 1286 batur,
621 1199 740 1288 illatis,
756 1221 862 1295 super
876 1202 1005 1296 quibus
1020 1200 1199 1275 mandavit
1210 1222 1275 1274 nos
1286 1221 1348 1296 per
1364 1199 1503 1272 eosdem
1518 1199 1690 1294 principos
1706 1199 1895 1272 admoneri.

487 1323 642 1406 Quorum
673 1323 895 1396 articulorum
927 1324 1083 1397 omnium
1114 1335 1149 1397 et
1179 1325 1440 1419 responsionum
1476 1332 1668 1396 nostrarum
1696 1322 1742 1395 ad
1765 1323 1899 1417 ungule

486 1445 609 1518 seriem
626 1445 728 1518 vobis
743 1447 811 1518 sub
826 1448 1020 1520 testimonio
1033 1448 1172 1544 publico
1188 1448 1357 1520 mittimus
1374 1447 1576 1520 intuendam
1593 1446 1657 1542 (l).
1676 1446 1810 1532 Quibus
1828 1468 1899 1519 om·

487 1570 591 1642 nibus
623 1591 740 1642 coram
764 1569 981 1666 principibus
1008 1579 1042 1642 et
1068 1570 1209 1666 prelatis
1233 1591 1275 1642 ac
1304 1570 1474 1663 religiosis
1499 1569 1763 1664 quampluribus
1785 1571 1900 1662 cuius-

486 1693 571 1765 libet
581 1691 714 1766 ordinis
731 1693 905 1786 sigillatim
924 1695 1094 1786 ostensis,
1110 1715 1311 1789 quanquam
1326 1694 1372 1767 de
1386 1695 1493 1790 patris
1512 1693 1732 1766 instabilitate
1743 1696 1902 1766 confusos

487 1839 526 1889 se
541 1815 602 1888 lilii
619 1827 819 1913 reputarent
837 1840 878 1890 ac
898 1817 943 1890 de
961 1818 1174 1890 verecundia
1190 1818 1313 1913 capitis
1329 1819 1540 1912 presentium
1557 1817 1665 1889 rubor
1683 1838 1744 1889 ora
1759 1819 1903 1912 perfun-

487 1940 601 2025 deret,
636 1941 860 2012 nihilominus
886 1951 1002 2014 tamen
1033 1943 1078 2014 de
1108 1963 1229 2015 eorum
1257 1941 1399 2014 oonsilio
1428 1941 1599 2036 predictos
1625 1941 1899 2013 Panormitanum

487 2064 804 2159 archiepiscopum,
835 2060 1035 2159 magistrum
1060 2065 1258 2150 Thadeum,
1281 2056 1484 2160 magistrum
1509 2067 1549 2137 R.
1568 2065 1845 2154 Porcastrellam,
1868 2075 1903 2136 at

487 2191 572 2262 alios
583 2190 786 2262 excellentie
801 2200 916 2260 nostre
930 2191 1075 2284 legatos,
1089 2211 1168 2262 oum
1184 2191 1322 2261 nunciis
1337 2189 1513 2262 civitatum
1526 2197 1720 2261 nostrarum
1734 2187 1899 2278 fidelium,

489 2314 534 2387 ad
552 2313 674 2386 Sedem
691 2311 925 2408 apostolicam
945 2313 1112 2386 duximus
1133 2313 1373 2400 remittendos,
1391 2335 1453 2407 per
1468 2333 1558 2406 quos
1573 2313 1619 2386 ad
1638 2313 1900 2385 satisfactionem

487 2461 644 2531 omnem,
664 2461 761 2512 mora
779 2439 933 2532 qualibet
953 2447 988 2510 et
1009 2437 1210 2510 difficultate
1228 2439 1442 2534 postpositis,
1464 2437 1650 2510 obtulimus
1671 2459 1734 2510 nos
1751 2446 1898 2532 paratos.

488 2562 556 2635 Sed
574 2563 688 2634 necin
712 2562 756 2633 iis
770 2562 931 2634 omnibus
945 2583 1089 2633 aversus
1110 2571 1163 2634 est
1182 2563 1276 2634 furor
1294 2565 1386 2655 ejus,
1403 2562 1490 2656 quin
1505 2561 1618 2634 dictus
1637 2559 1902 2655 evangelizantis

489 2709 608 2782 pacem
632 2685 755 2758 Christi
778 2686 947 2778 vicarius,
968 2685 1031 2758 sed
1055 2686 1179 2758 author
1197 2686 1391 2758 schismatis
1412 2695 1447 2758 et
1465 2685 1598 2758 amicus
1621 2686 1764 2773 erroris,
1785 2683 1900 2757 contra

488 2810 691 2883 traditiones
716 2819 911 2882 sanctorum
933 2819 1090 2906 patrum,
1116 2810 1264 2883 audieus
1281 2810 1427 2882 nuncios
1446 2819 1580 2882 nostros
1598 2817 1771 2903 portantes
1790 2808 1901 2880 omni-

490 2934 612 3007 modas
632 2943 747 3007 nostre
770 2932 963 3007 devotionis
982 2935 1111 3006 litteras
1129 2933 1178 3029 (a)
1194 2955 1257 3028 per
1276 2933 1402 3005 dietam
1419 2933 1500 3005 Urbi
1517 2933 1668 3021 vicinos,
1692 2941 1727 3004 et
1747 2941 1902 3003 metuens

490 3079 535 3131 ne
552 3058 876 3154 supervenientibus
893 3057 977 3152 ipsis
993 3056 1092 3128 obice
1110 3057 1201 3128 vallo
1216 3057 1378 3149 justicie,
1397 3056 1472 3127 sinc
1489 3055 1627 3150 publioo
1642 3055 1805 3127 scandalo
1819 3055 1904 3126 forte

489 3181 676 3276 procedere
686 3203 757 3254 non
778 3181 918 3272 valeret,
941 3201 1001 3274 pra
1015 3178 1210 3252 festinantia
1225 3180 1331 3250 nimia
1346 3187 1549 3273 conceptum
1566 3177 1676 3250 edidit
1693 3177 1900 3268 abortivum,

490 3304 526 3375 iu
563 3325 626 3378 nos
652 3327 852 3399 supremum
881 3303 1143 3376 christianorum
1171 3303 1365 3399 principem
1399 3301 1457 3374 die
1486 3299 1661 3373 dominica
1685 3301 1900 3393 Palmarum,

491 3437 607 3500 contre
631 3430 806 3502 solennem
830 3449 960 3500 morem
987 3435 1200 3499 sacrosancte
1226 3426 1345 3500 matris
1361 3425 1524 3515 ecclesie,
1548 3433 1583 3496 et
1602 3425 1638 3495 in
1656 3425 1749 3496 Cena
1768 3425 1902 3496 Dumim

490 3553 708 3645 postmodum
733 3552 937 3625 sententiam
959 3548 1214 3645 precipitando,
1238 3571 1298 3644 per
1324 3571 1447 3643 quam,
1468 3549 1558 3619 siout
1575 3569 1636 3643 per
1659 3549 1783 3620 famam
1800 3549 1902 3621 audi-

490 3675 624 3766 vimus,
645 3677 723 3748 licet
739 3675 804 3748 hec
826 3673 966 3747 credere
991 3673 1135 3744 minime
1153 3672 1360 3764 debeamus,
1385 3670 1639 3744 contradicente
1661 3671 1788 3742 saniori
1807 3679 1903 3765 parte

491 3799 633 3871 fratrum
654 3820 795 3872 suorum
812 3797 1062 3888 cardinalium,
1082 3795 1126 3868 da
1143 3794 1375 3889 quorumdam
1388 3795 1615 3867 cardinalium
1633 3792 1903 3866 Lombardorum

492 3923 650 4014 consilio,
671 3920 1039 3995 excommunicationis
1063 3919 1202 3992 vinculo
1227 3939 1290 3990 nos
1310 3919 1435 3991 dicitur
1457 3917 1696 4007 adstrinxissc,
1719 3914 1905 4010 prepeditis

490 4045 626 4118 nunciis
648 4045 773 4118 nostris
798 4066 861 4140 per
886 4045 1037 4117 fautores
1060 4052 1095 4115 et
1119 4043 1280 4116 satellites
1306 4063 1388 4114 suos
1415 4039 1460 4113 de
1483 4040 1688 4134 patrimonio
1712 4059 1903 4133 pauperum

490 4169 670 4263 solidatos,
689 4171 750 4265 qui
761 4172 834 4262 jam
849 4168 1106 4264 applicuerant,
1125 4189 1171 4239 ne
1187 4166 1234 4240 ad
1256 4163 1474 4260 allegandam
1497 4172 1650 4237 nostram
1674 4161 1904 4236 innocentiam

533 4343 574 4425 (a)
594 4346 652 4423 Ap.
668 4345 755 4407 Mett.
770 4343 862 4406 Paris.
877 4341 1071 4404 omnimodam
1083 4347 1178 4405 nostre
1187 4341 1341 4403 devotionis
1352 4341 1483 4402 comm.

529 4687 565 4762 (l)
584 4687 624 4745 Cf.
640 4703 734 4763 supra,
748 4705 776 4761 p.
790 4688 853 4746 252.
