4224 5898
194 647 291 704 lenior.
312 640 370 726 la]
642 641 838 704 tttstoltta
865 638 1157 702 nlauouarlctt
1544 629 1604 692 283

194 780 280 852 Petri
300 777 460 874 proponit
485 785 656 866 statuere,
685 779 741 848 vel
767 775 1011 850 denuncianda
1040 771 1248 862 decreverit,
1272 792 1361 865 equa
1388 767 1602 864 participatio

194 923 257 975 vos
272 901 446 991 admittat,
460 899 527 971 nisi
542 900 651 993 ipsius
666 899 717 994 (a)
734 901 913 993 religionis
929 899 1083 974 Ecclesia
1096 906 1205 970 status
1220 906 1254 968 et
1270 896 1363 966 zelus
1378 893 1603 966 effervescens

194 1023 346 1100 evitandi
362 1023 516 1096 scandali
528 1024 698 1118 generalis
709 1025 877 1097 cautelam
887 1022 1203 1116 vobissuggesserit
1216 1019 1262 1091 ad
1277 1021 1401 1090 lutura.
1414 1017 1499 1102 Quis
1509 1016 1602 1088 anim

195 1171 265 1221 non
282 1149 424 1220 miretur
441 1157 474 1219 et
487 1155 636 1240 stupeat,
652 1147 750 1240 quod
768 1157 815 1218 tot
826 1148 1075 1220 venerabilium
1095 1155 1229 1240 patrum
1249 1141 1512 1236 congregatione
1526 1161 1602 1210 mu·

194 1273 287 1344 nitus
305 1269 457 1343 Ecclesia
474 1271 646 1363 generalis
664 1269 788 1342 sedens
816 1271 852 1342 in
872 1271 957 1343 solio
973 1269 1121 1364 (utinam
1137 1271 1251 1360 iustus
1265 1264 1391 1360 iudex)
1409 1263 1604 1335 inconsulte

195 1397 279 1468 velit
307 1393 509 1490 procedere,
540 1413 583 1464 ac
609 1393 682 1464 suis
710 1393 861 1466 motibus
883 1393 1156 1482 excandescens,
1182 1392 1219 1462 in
1245 1391 1436 1462 Romanum
1457 1385 1604 1459 intendit

195 1518 402 1614 principem,
421 1515 628 1588 advocatum
646 1516 814 1608 Ecclesia,
835 1539 876 1589 ac
897 1517 942 1589 ad
958 1515 1225 1613 predicationem
1239 1511 1416 1606 Evangelii
1430 1507 1478 1606 (d)
1492 1510 1603 1582 stabi-

194 1641 310 1732 litum,
335 1639 539 1712 sententiam
566 1639 789 1734 depositionis
808 1649 958 1713 statuere
974 1636 1020 1735 (c)
1042 1648 1077 1711 et
1092 1639 1138 1711 ob
1160 1639 1313 1710 levorem
1331 1633 1601 1708 Lombardornm

195 1765 373 1836 rebellium
396 1784 561 1836 exercere
577 1763 790 1858 spiritualem
815 1763 991 1858 gladium,
1020 1762 1050 1834 si
1070 1761 1184 1834 dicero
1205 1761 1323 1851 liceat,
1345 1759 1460 1830 minus
1476 1761 1596 1850 juste:

195 1910 273 1961 cum
297 1888 382 1960 alias
404 1885 575 1982 quioquid
598 1885 648 1982 (d)
670 1908 717 1959 ex
740 1887 883 1980 objectis
909 1886 1131 1960 ecclesiarum
1153 1883 1430 1976 gravaminibus,
1450 1905 1521 1976 qne
1545 1882 1602 1954 vel

195 2011 354 2083 dicantur
371 2010 508 2102 objecta
529 2011 586 2082 vel
606 2031 676 2104 que
693 2019 732 2082 ut
745 2011 878 2105 species
893 2033 914 2082 a
931 2032 1057 2104 genere
1070 2030 1132 2104 per
1147 2005 1371 2080 individuum
1386 2003 1598 2097 deriventur,

192 2135 250 2208 vel
273 2133 550 2206 emendationem
568 2133 736 2228 ceperint,
757 2134 879 2206 velud
906 2133 1186 2207 deliberationem
1212 2130 1318 2203 nostri
1338 2129 1470 2202 consilii
1498 2129 1542 2201 sit
1566 2127 1601 2202 in

192 2257 375 2352 proximo,
400 2265 502 2351 prout
521 2256 632 2349 jussio
647 2255 718 2348 jam
737 2257 917 2352 precessit,
940 2255 1057 2330 debita
1073 2264 1108 2327 et
1123 2255 1255 2347 integre
1277 2251 1473 2326 emendatio
1494 2271 1602 2326 secu-

191 2388 281 2452 tura.
302 2379 390 2460 Nam
406 2401 487 2452 ecoe
505 2401 564 2474 per
576 2387 733 2475 patentes
748 2380 879 2452 litteras
891 2381 1122 2476 prelatorum,
1145 2397 1235 2470 quos
1249 2374 1450 2448 mandatum
1463 2385 1601 2470 aposto·

190 2502 299 2574 licum
316 2503 416 2575 uobis
429 2503 575 2597 prestitit
594 2504 798 2593 monitores,
819 2504 966 2576 evidens
984 2500 1224 2574 testimonium
1240 2498 1449 2588 declaratur,
1472 2507 1507 2571 et
1524 2519 1602 2594 pre·

191 2625 321 2700 cedens
343 2636 457 2698 nostra
480 2627 677 2699 constitutio
701 2649 808 2721 super
824 2628 1005 2699 vocatione
1027 2626 1237 2720 prelatorum
1255 2621 1383 2696 damna
1403 2643 1599 2717 passorum,

190 2759 226 2824 et
244 2749 289 2822 dc
308 2749 439 2822 eisdem
459 2748 644 2845 prestanda
662 2749 796 2842 integra
816 2749 1044 2823 satisfactione
1059 2747 1217 2843 prelatis,
1232 2747 1304 2838 jam
1319 2767 1381 2840 per
1397 2745 1525 2818 litteras
1541 2767 1602 2820 ve·

192 2873 353 2946 nerabilis
381 2873 628 2969 archiepiscopi
654 2874 884 2946 Messanensis
913 2882 1037 2946 vocato
1060 2869 1106 2968 (e)
1130 2870 1176 2943 ad
1206 2870 1274 2942 hoo
1297 2869 1458 2942 assessori
1486 2881 1602 2944 nostro

190 2997 420 3085 transmissas,
435 2995 581 3069 evidens
594 2995 737 3068 exhibet
752 2998 984 3070 testimonium
997 2995 1163 3070 veritatis.
1184 2994 1324 3088 Propter
1342 2991 1438 3086 quod
1455 3015 1525 3066 non
1543 2994 1601 3066 iu-

191 3118 298 3213 digne
316 3119 490 3210 dolemus,
504 3121 533 3192 si
552 3129 649 3214 pater
665 3121 875 3215 apostolicus
897 3119 1072 3193 offendere
1090 3129 1159 3190 tam
1179 3116 1329 3211 graviter
1344 3137 1409 3190 nos
1426 3116 1597 3211 intendat;

192 3241 306 3328 unde,
339 3241 424 3315 dum
454 3243 490 3313 in
518 3251 729 3314 constantem
755 3245 869 3316 vimm
893 3253 963 3316 tam
992 3242 1181 3314 vehemens
1210 3238 1310 3312 cadat
1333 3239 1478 3334 injuria,
1505 3252 1541 3316 et
1570 3245 1600 3318 si

191 3365 363 3457 patienter.
386 3366 475 3437 lerre
503 3365 733 3455 voluerimus,
765 3366 959 3438 immanitas
990 3365 1121 3460 negotii
1155 3385 1223 3436 nou
1248 3363 1413 3458 permittit
1441 3366 1527 3458 quin
1554 3369 1601 3444 ad
1691 3423 1694 3430 -

191 3487 356 3578 ultiones,
372 3487 500 3581 quibus
516 3487 654 3560 Cesarea
666 3489 718 3560 uti
731 3490 860 3579 solent,
881 3489 962 3562 lacti
982 3489 1147 3562 violentia
1162 3511 1226 3564 nos
1247 3486 1438 3586 compellat.
1456 3494 1602 3566 Verum-

192 3608 408 3682 tumendum
422 3611 680 3684 consideramus
691 3613 940 3708 impatientiam
952 3612 1183 3709 procedentis,
1198 3623 1233 3688 ct
1247 3615 1479 3689 difficultatem
1493 3623 1601 3688 atten-

193 3731 309 3804 dimus
324 3732 521 3823 odensoris,
539 3735 568 3805 ei
591 3757 637 3807 ex
657 3755 749 3829 equo
774 3737 888 3808 liceret
903 3735 1054 3831 privatas
1071 3758 1233 3811 exercere
1249 3737 1436 3827 vindictas,
1453 3759 1541 3832 quas
1564 3737 1601 3809 in

192 3852 385 3948 hominem,
406 3879 466 3951 per
481 3880 585 3953 quem
602 3858 801 3930 scandalum
816 3859 930 3949 venit,
949 3869 982 3931 et
997 3860 1032 3930 in
1051 3861 1105 3931 sui
1122 3863 1303 3958 participes
1319 3861 1499 3957 sanguinis
1512 3883 1601 3936 ccm-

235 4077 278 4157 (α)
300 4080 357 4157 Ap.
373 4082 479 4142 Matth.
496 4085 590 4146 Paris.
602 4085 730 4164 prmiraa

233 4182 277 4264 (d)
298 4185 433 4263 heptat.
448 4189 525 4250 Patr.
544 4193 581 4252 de
599 4193 670 4254 Vlo.
686 4190 727 4252 od
736 4191 989 4272 precipitationam
1003 4193 1146 4272 omnium,
1165 4198 1265 4257 mlnus
1277 4203 1369 4272 recte;
1384 4197 1507 4258 verbum
1521 4199 1602 4276 quod

193 4293 339 4372 seqnitur,
352 4295 462 4355 scillcet
473 4293 633 4358 stabilitum
640 4343 650 4374 ,
667 4299 759 4359 deest.
1565 4290 1568 4298 ¹

234 4395 274 4476 (c)
295 4397 376 4458 Haeo
397 4403 454 4460 trta
477 4402 569 4463 verba
585 4420 634 4480 ap.
650 4403 737 4466 Matt.
759 4404 853 4464 Parte.
879 4403 1000 4478 desunt,
1023 4406 1183 4483 eademque
1203 4409 1348 4483 postarlm
1368 4409 1542 4485 luterpolata
1563 4409 1600 4470 ll·

192 4501 295 4562 beuter
312 4501 501 4568 arbltramur.

232 4603 277 4686 (ul
299 4607 347 4670 Slc
365 4612 397 4670 ln
410 4613 558 4688 omnibus,
573 4615 645 4676 dum
660 4632 852 4698 pomorumque
866 4616 923 4692 legl
937 4615 1067 4676 deberet.

235 4711 273 4792 (a)
296 4713 333 4774 ln
345 4718 432 4792 epist.
452 4719 530 4780 Petr.
547 4721 585 4782 dc
599 4721 669 4784 Vln.
685 4718 841 4782 omerobilr'
853 4718 1062 4802 archipiscopo
1074 4724 1248 4784 ammosa·
1263 4732 1370 4786 wrote.
