4242 5904
500 546 561 608 238
998 545 1211 610 FlllDlllllCl
1240 547 1413 608 stacteo!
1716 546 1797 626 [tlara
1817 547 1903 610 123&

499 681 606 774 nignc
620 679 832 774 recepimus:
850 678 895 752 ad
912 678 1086 752 civitatem
1098 681 1207 776 ipsam
1223 682 1389 777 speciales
1402 680 1550 752 nuncios
1561 702 1642 753 cum
1659 681 1765 754 literis
1782 683 1906 754 nostris

500 803 684 895 benignius
699 803 986 890 transmittentes,
1005 804 1067 897 qui
1084 813 1222 901 recepto
1243 803 1354 900 (sicut
1370 805 1473 877 moris
1488 806 1558 900 est)
1577 803 1750 878 fidelitatis
1767 806 1812 878 ab
1830 827 1904 880 om·

498 927 603 999 nibus
618 925 734 998 debito
748 928 960 1018 juramento,
985 947 1046 1000 eos
1061 929 1284 1002 restitutionis
1300 928 1408 1024 gratia
1422 936 1537 1000 nostra
1552 937 1661 1002 certos
1679 929 1854 1002 afficerent
1874 940 1908 1003 et

480 1100 483 1106 -
495 1049 681 1144 jucundos.
708 1049 777 1122 Sed
802 1071 882 1120 cum
905 1049 1011 1124 iidem
1034 1051 1151 1123 nuncii
1177 1051 1388 1124 contrarium
1406 1051 1639 1141 invenissent,
1664 1049 1769 1124 fidem
1786 1073 1907 1126 eorum

498 1175 560 1268 qui
582 1195 644 1268 pro
665 1183 761 1268 parte
778 1173 972 1246 communis
989 1173 1036 1247 ad
1056 1195 1119 1246 nos
1141 1186 1307 1248 venerant
1321 1175 1358 1246 in
1378 1197 1443 1248 sua
1461 1175 1688 1270 pmmissionc
1706 1177 1904 1265 mentitam,

497 1307 532 1370 et
544 1297 737 1370 voluntates
751 1297 905 1369 omnium
922 1297 958 1368 in
976 1296 1121 1391 perfidia
1134 1298 1366 1394 potiusquam
1382 1299 1419 1370 in
1433 1300 1602 1392 promissa
1618 1298 1780 1372 fidelitate
1792 1309 1908 1374 nonna

498 1420 794 1516 deprehenderent
810 1421 1018 1512 obstinatas;
1038 1420 1085 1494 ad
1101 1443 1165 1494 nos
1182 1405 1258 1494 sine
1276 1423 1430 1516 quolibet
1447 1422 1569 1496 ellectu
1585 1423 1734 1513 reversi,
1755 1424 1908 1498 nuncia-

495 1555 578 1617 runt
595 1547 785 1618 lannensas
798 1547 834 1617 in
854 1567 968 1618 errore
985 1556 1020 1618 ot
1034 1546 1221 1618 rebellione
1240 1545 1339 1618 solita
1357 1567 1419 1642 pro
1436 1567 1555 1618 eorum
1572 1546 1759 1620 infortunio
1773 1547 1907 1641 perdu-

496 1691 588 1742 rare.
609 1668 694 1740 Cum
713 1668 817 1762 igitur
835 1669 952 1742 invitis
968 1669 1077 1762 gratia
1094 1691 1162 1741 non
1180 1677 1348 1764 prestetur
1366 1679 1400 1742 et
1419 1671 1455 1740 in
1474 1677 1724 1764 contemptores
1741 1671 1850 1764 gratie
1865 1691 1907 1744 ac

497 1793 692 1866 rebellionis
709 1793 837 1866 amicos
858 1792 894 1862 in
915 1793 1076 1886 proximo
1098 1801 1235 1864 maneat
1250 1792 1366 1866 debite
1385 1792 1555 1886 judicium
1573 1793 1734 1884 ultionis3
1756 1814 1815 1866 eos
1830 1801 1906 1864 tan·

495 1939 600 2011 quam
620 1914 777 1988 infideles
793 1937 872 1987 cum
892 1913 1052 1988 fidelibus
1067 1915 1191 1988 nostris
1216 1916 1419 2011 participare
1442 1916 1614 2006 nolentes,
1643 1937 1708 1987 nec
1723 1915 1775 1986 nti
1790 1915 1906 2009 aliqua

495 2039 739 2114 commoditate
754 2061 834 2112 cum
852 2038 919 2130 eis;
939 2019 1102 2111 xfidelitati
1116 2048 1175 2111 tue
1193 2039 1416 2130 mandamus,
1436 2047 1605 2133 quatenus
1619 2039 1664 2110 de
1682 2048 1794 2110 cetero
1813 2059 1907 2110 oom-

496 2167 593 2238 mnni
611 2163 833 2236 lannensium
848 2163 1136 2258 opportunitatem
1150 2183 1255 2256 quam
1265 2165 1389 2234 'tecum
1404 2163 1441 2232 in
1457 2170 1546 2234 terra
1561 2161 1651 2234 soliti
1668 2169 1748 2234 sunt
1763 2161 1902 2254 babere,

495 2289 633 2386 penitus
655 2288 805 2381 deneges
828 2295 862 2358 ot
883 2285 1020 2358 diffides
1043 2306 1103 2357 eos
1125 2293 1289 2378 tanquam
1311 2285 1470 2357 inimicos
1492 2291 1626 2357 nostros
1642 2294 1677 2357 st
1697 2283 1832 2380 imperii
1845 2305 1907 2379 per

495 2414 640 2486 nuncios
655 2411 819 2506 speciales
836 2437 844 2480 τ
862 2409 990 2482 damna
1005 2431 1122 2480 rernm
1139 2418 1173 2482 et
1190 2429 1412 2505 personarum
1429 2408 1513 2503 ipsis
1529 2409 1731 2504 ubicunqne
1747 2429 1786 2480 se
1799 2410 1906 2482 lacul-

495 2547 548 2611 tas
567 2537 749 2626 obtulerit,
779 2535 970 2607 inferendo.
991 2535 1060 2607 Nos
1074 2535 1166 2607 enim
1190 2534 1252 2628 qui
1270 2532 1503 2629 usquemodo
1520 2553 1600 2605 enm
1622 2533 1786 2629 patientia
1804 2533 1906 2606 dissi·

495 2663 703 2738 mulavimus
723 2659 939 2732 insolentiam
959 2668 993 2732 et
1009 2657 1188 2754 perfidiam
1207 2658 1417 2746 eorundem,
1438 2659 1530 2753 ipsos
1548 2657 1595 2730 ad
1613 2657 1905 2731 conservationem

494 2799 528 2863 et
543 2785 767 2885 penitentiam
788 2793 1030 2880 expectantes,
1050 2785 1086 2855 in
1109 2805 1229 2856 eorum
1244 2783 1409 2856 ultionem
1427 2790 1545 2856 eontra
1560 2803 1619 2855 eos
1640 2781 1765 2855 amodo
1782 2791 1906 2878 poten-

493 2913 541 2984 tie
558 2920 673 2983 nostre
687 2907 866 2982 brachium
885 2907 995 2980 taliter
1010 2906 1256 2994 extendemus,
1273 2915 1312 2978 ut
1325 2907 1426 2998 cujus
1440 2906 1586 3000 gratiam
1603 2911 1900 3001 contempserunt,

495 3033 767 3128 indignationem
783 3032 930 3104 sentiant
947 3039 981 3103 et
996 3029 1200 3102 vindictam.
1327 3104 1329 3108 ,

702 3385 713 3397 r
737 3377 1657 3398 mm·-

341 3747 414 3801 [θ’κει
547 3736 575 3820 F
576 3736 782 3841 ridericus‚
803 3735 1063 3817 Romanorum
1080 3731 1303 3839 imperator,
1323 3728 1499 3813 fidelibus
1522 3728 1601 3810 suis
1618 3727 1777 3810 mandat
1795 3723 1901 3834 quod

292 3801 458 3854 septembrem]

493 3895 571 3954 non
589 3869 760 3952 delerant
777 3865 955 3952 victualia
973 3863 1224 3947 Januensibus
1246 3860 1464 3976 infidelibus
1484 3861 1580 3944 suia.

575 4107 693 4186 (luadit.
708 4122 747 4166 ex
760 4104 826 4166 cod.
840 4102 918 4165 Btbt.
933 4101 1031 4162 cam.
1054 4096 1260 4180 Parls.,sonda
1274 4097 1472 4160 Sciat-Germ.
1488 4093 1618 4175 Harluy,
1633 4107 1667 4155 n⁰
1681 4102 1756 4171 tot,
1770 4107 1838 4170 pars
1853 4092 1898 4170 V,

612 4213 663 4276 iol.
680 4210 744 4290 28.)

540 4395 765 4498 [Fridericus,
783 4387 866 4490 etc]
884 4391 978 4463 Circa
995 4399 1160 4463 monmna
1175 4399 1209 4462 et
1228 4386 1397 4460 maritima
1417 4387 1525 4459 Janue
1540 4383 1698 4474 vicineti,
1714 4402 1762 4454 ex
1781 4379 1899 4450 innata

490 4523 703 4616 benignitate
718 4539 787 4613 qua
806 4512 938 4588 domini
956 4513 1215 4586 conversionem
1231 4507 1449 4584 considerant
1464 4509 1696 4600 subiectorum
1708 4512 1743 4574 et
1759 4511 1797 4573 ut
1810 4523 1900 4574 oon-

490 4645 582 4720 versi
600 4643 738 4718 veniam
758 4647 963 4728 mereantur,
982 4636 1242 4732 expectavimus
1255 4655 1376 4706 eorum
1392 4629 1537 4704 nuncios
1552 4629 1599 4704 ad
1611 4626 1820 4722 exigendam
1835 4643 1898 4720 pro
