4350 5922
520 649 561 710 58
1021 653 1233 715 l‘ltllilllllcl
1257 651 1432 714 sncblvbl
1746 648 1823 734 [Ans.
1843 649 1928 713 1237.

519 793 600 856 natu
618 805 759 880 quoque
774 784 954 857 elementia
971 785 1065 858 sedis
1084 797 1199 860 nostre
1217 809 1287 882 que
1310 807 1432 882 parem
1452 794 1487 858 et
1502 783 1670 876 justitiam
1691 783 1872 856 comitatur
1895 784 1931 855 in

520 907 689 1003 principe,
718 907 936 980 decernimus
956 918 990 981 et
1012 911 1218 984 mandamus
1244 919 1284 983 ut
1305 911 1334 983 si
1357 907 1641 1004 quandoquidem
1665 905 1792 1000 aliquis
1814 906 1932 979 Wien-

519 1031 679 1103 nensium
703 1032 832 1104 civium
855 1035 1026 1128 naufragii
1049 1057 1167 1109 casum
1197 1033 1397 1125 incurrerit,
1422 1053 1477 1105 res
1505 1053 1587 1104 suas
1615 1052 1704 1126 quas
1730 1031 1775 1102 ab
1800 1031 1930 1126 impetu

519 1157 678 1229 torrentis
701 1179 823 1228 manns
841 1157 989 1232 hominis
1007 1160 1277 1256 absportaverit,
1309 1158 1416 1230 libere
1441 1156 1550 1252 possit
1568 1163 1722 1249 repetere
1745 1163 1780 1224 et
1803 1153 1931 1226 habere

519 1299 540 1351 a
555 1280 711 1372 quolibet
726 1280 915 1372 detentore,
939 1303 1018 1354 eum
1036 1283 1219 1376 indignum
1239 1283 1377 1379 penitus
1393 1301 1596 1354 censeamus
1618 1275 1932 1348 immiserioorditer

518 1404 682 1498 reliquias
699 1405 870 1498 naufragii
886 1405 1030 1479 detineri
1045 1429 1107 1504 per
1123 1409 1315 1500 hominem,
1334 1405 1463 1500 quibus
1476 1403 1611 1499 rapacis
1624 1400 1778 1473 fluminis
1794 1402 1931 1473 seviens

518 1527 614 1600 unda
634 1529 798 1623 pepercit.
820 1530 1010 1604 Statuimus
1030 1532 1148 1627 itaque
1164 1543 1199 1605 et
1223 1530 1391 1628 presentis
1409 1528 1612 1603 auctoritato
1631 1525 1801 1620 privilegii
1815 1523 1930 1619 prohi-

518 1651 641 1724 bemus
655 1654 818 1746 quatinus
835 1657 953 1728 nullus
968 1654 1062 1744 dux,
1090 1657 1263 1742 marchio,
1288 1675 1425 1744 eomes,
1455 1652 1664 1740 advocatus,
1691 1650 1856 1722 scultetus
1875 1649 1929 1720 vel

517 1779 632 1872 aliqua
651 1800 799 1872 persona
818 1781 1048 1854 ecelesiastica
1070 1782 1126 1852 vel
1149 1781 1340 1871 mundana,
1367 1777 1505 1853 humilis
1530 1777 1587 1850 vel
1610 1774 1785 1862 sublimis,
1810 1785 1931 1845 eontra

369 1949 377 1956 -
517 1904 706 2000 prescripte
722 1905 831 1998 gratie
847 1927 887 1976 ao
913 1906 1144 1978 eoncessionis
1164 1917 1279 1978 nostre
1300 1917 1454 1978 tenorem
1475 1900 1597 1976 venire
1613 1905 1800 1996 presumat.
1827 1894 1929 1982 Quod

517 2027 578 2122 qui
598 2028 845 2122 presumpserit
867 2029 903 2098 in
926 2029 1117 2101 vindictam
1141 2029 1343 2102 temeritatis
1365 2049 1429 2102 sue
1448 2027 1473 2098 C
1492 2025 1598 2098 libras
1612 2021 1661 2118 (a)
1675 2023 1752 2094 auri
1774 2043 1812 2093 sa
1833 2041 1930 2092 oom-

516 2151 707 2248 positurum
736 2163 917 2245 agnoscat,
946 2153 1164 2226 medietatem
1199 2153 1362 2226 videlicet
1390 2171 1527 2224 oamere
1554 2159 1670 2221 nostre
1692 2157 1726 2218 et
1760 2145 1929 2238 reliquam

516 2277 628 2371 passis
644 2276 803 2367 injuriam
824 2277 1102 2372 persolvendam.
1120 2277 1176 2350 hd
1197 2299 1345 2371 quorum
1369 2276 1524 2349 omnium
1542 2273 1773 2367 predictorum
1799 2289 1928 2340 memo-

515 2399 603 2472 riam
625 2409 660 2472 et
679 2400 785 2471 robur
807 2412 973 2496 perpetuo
997 2403 1202 2492 valiturum,
1220 2423 1363 2497 presens
1383 2399 1605 2495 privilegium
1628 2395 1702 2467 fieri
1728 2393 1871 2466 lecimus
1895 2401 1930 2463 et

515 2524 610 2596 bulla
625 2545 731 2597 aurea
745 2525 880 2620 typario
893 2527 1077 2618 majestatis
1093 2536 1208 2599 nostre
1226 2527 1393 2621 impressa
1403 2523 1571 2616 jussimus
1585 2518 1757 2613 insigniri.

564 2648 682 2719 Testes
709 2657 823 2720 autem
852 2649 955 2741 hujus
977 2651 1026 2722 rai
1053 2661 1134 2722 sunt
1159 2649 1211 2744 (l)
1236 2675 1244 2722 :
1270 2647 1488 2722 venerabiles
1510 2643 1658 2719 Sitridus
1684 2639 1926 2734 Mogontinus,

514 2771 735 2844 Eberhardue
752 2773 1012 2866 salzburgensis
1040 2774 1308 2871 archiepiscopi,
1328 2773 1498 2845 lllbertus
1523 2764 1838 2860 Babenbergensis,
1861 2764 1930 2858 Sy-

514 2895 627 2968 lridus
655 2897 911 2991 Ratisponensis
929 2897 1116 2993 imperialis
1136 2901 1214 2972 aule
1237 2898 1481 2987 cancellarius,
1500 2893 1684 2988 liudgerus
1702 2887 1925 2979 Pataviensis,

515 3018 721 3094 Chunradus
733 3019 961 3114 Frisingensis
974 3023 1139 3120 episcopi,
1152 3025 1230 3096 Otto
1242 3044 1357 3096 comes
1370 3021 1542 3118 palatinus
1556 3017 1665 3090 Rheni
1676 3015 1753 3090 dux
1768 3012 1926 3102 bavarie,

515 3143 683 3215 Henrious
700 3145 914 3236 lantgravius
927 3146 1115 3240 Thuringie
1126 3168 1241 3219 eomes
1255 3147 1428 3242 palatinus
1446 3143 1608 3230 Saxonie,
1621 3137 1841 3212 Bernhardus
1854 3135 1929 3207 dux

515 3267 709 3357 Karintbie,
735 3289 851 3340 eomas
874 3270 1041 3341 Henrious
1069 3270 1114 3342 de
1141 3271 1356 3364 llartenberg
1380 3267 1443 3364 (b),
1467 3269 1684 3339 llermannus
1708 3261 1861 3336 marchio
1884 3259 1929 3333 de

514 3389 653 3480 Baden,
676 3389 882 3463 chunradus
898 3394 1106 3487 burgravius
1129 3392 1176 3467 de
1190 3393 1427 3484 Nurenberob,
1446 3391 1622 3464 Gotiridus
1648 3387 1693 3461 de
1715 3382 1925 3468 llohenloeh,

513 3511 709 3586 Fridericus
733 3513 779 3586 de
802 3513 1112 3609 Thruhendingen,
1143 3537 1257 3591 eomes
1283 3519 1501 3589 Hermannus
1525 3513 1572 3587 de
1594 3512 1786 3603 Dillingen,
1813 3527 1929 3579 eomes

514 3637 732 3711 Hermannus
747 3639 793 3712 de
810 3641 1006 3736 Ortenburg
1025 3641 1083 3739 (c),
1100 3663 1215 3715 eomes
1234 3641 1439 3714 Wilhelmus
1458 3639 1504 3712 de
1524 3637 1710 3730 Hennberg
1725 3633 1790 3730 (d),
1815 3651 1928 3704 comes

513 3761 772 3837 Chunradosde
786 3765 958 3857 Hardeclr,
977 3766 1142 3840 Henrieus
1158 3768 1203 3841 de
1218 3767 1467 3860 Schanmbarg,
1478 3763 1649 3837 llenrieus
1660 3759 1705 3833 de
1717 3759 1856 3830 Brunne
1866 3752 1926 3854 (e),

555 3927 598 4008 (a)
619 3928 699 3990 Alibi
712 3946 847 4006 marcos,·
860 3947 909 4008 up.
923 3929 1029 3990 Archiv
1043 3948 1160 4010 quoqne
1173 3929 1272 3994 librae

554 4032 595 4114 (d)
617 4034 697 4095 Alibi
711 4033 745 4095 de
758 4035 939 4119 Hortenherp
953 4055 1004 4098 seu
1016 4035 1206 4119 Horloeherp.

554 4139 593 4220 (c)
614 4141 694 4202 Alibi
708 4139 743 4201 de
759 4140 935 4225 Ortmburp,
950 4143 1037 4204 male.

553 4245 598 4328 (d)
617 4249 698 4310 Allbl
710 4247 907 4331 nmmum
918 4253 982 4313 slve
994 4253 1083 4312 mam
1094 4246 1294 4331 hamatae.

553 4351 593 4435 (ι)
613 4354 695 4416 Alibi
707 4353 743 4416 de
754 4357 873 4418 Prome

704 4508 805 4517 m—
811 4509 1176 4517 ----—-———-—-.--
1183 4509 1221 4516 .-
1227 4507 1340 4516 ..ιο-...ιιι-

547 4591 584 4667 (4)
602 4591 633 4648 ln
643 4593 731 4666 primo
743 4592 834 4650 oodioe
845 4591 916 4650 sieut
930 4599 958 4648 et
968 4592 996 4648 in
1009 4591 1149 4667 impressis
1161 4591 1258 4649 desunt
1274 4589 1383 4646 nomina
1400 4587 1510 4646 testium
1524 4591 1552 4644 et
1565 4583 1617 4642 ioci
1630 4579 1732 4640 notatio
1745 4595 1814 4653 quae
1828 4591 1862 4635 ex
1875 4591 1928 4634 se-

511 4689 599 4746 eundo
612 4689 785 4761 exhibemus,
800 4705 885 4762 quum
900 4689 1027 4761 origdnale
1038 4689 1198 4764 jamdudum
1214 4687 1384 4762 deperditum
1397 4685 1491 4757 luerit;
1508 4679 1692 4743 retustmsina
1703 4677 1784 4750 hujus
1797 4671 1928 4750 privilegii

511 4786 588 4860 oopia
598 4787 633 4844 de
646 4803 717 4845 anno
732 4791 801 4845 ⁴320
815 4793 890 4844 extat
904 4786 931 4842 in
943 4785 1105 4844 chartulario
1118 4803 1190 4844 nune
1203 4789 1298 4845 vooato
1309 4781 1485 4843 Eiseuburlte.
