4228 5892
198 616 298 675 num.
317 612 377 689 la]
645 611 843 674 HISTORIA
868 609 1161 672 otnnotteutce
1549 609 1609 674 419

249 749 287 818 16
303 745 453 820 Piseurie
468 745 557 818 elius
571 755 706 840 pontus.

400 868 562 942 Taddeus
578 868 623 941 de
636 871 761 943 Sunoto
774 869 950 943 Flebiauo.
1091 911 1097 930 ·

201 931 368 1006 medae
398 994 558 1065 Notarius
573 993 741 1086 Rogerius
755 992 801 1066 de
816 993 976 1066 Pisoerie.

201 1117 374 1190 Notarius.
395 1115 491 1188 Idem
508 1115 685 1208 Rogerius.

251 1241 290 1311 16
307 1239 448 1332 Regulis
471 1257 583 1328 novus
601 1247 732 1332 portus.

402 1362 551 1434 Moriens
565 1361 776 1458 deSiponto.

403 1486 545 1557 Maurus
562 1484 607 1558 de
620 1485 825 1560 Thermulis.

206 1610 368 1683 Notarius
384 1607 555 1681 Gitbertus
574 1606 620 1680 de
635 1610 769 1682 Barulo.

255 1731 312 1828 (ln
327 1734 441 1804 toeum
461 1732 579 1804 Morioi
603 1733 648 1804 de
665 1733 817 1828 Syponto
841 1732 924 1826 quie
946 1731 1124 1805 dicebatur
1145 1731 1320 1823 infirmus,
1339 1734 1542 1809 substitutus
1564 1747 1616 1809 eet

207 1857 325 1929 Petrus
341 1857 499 1930 8666666
518 1855 564 1929 (16
578 1857 737 1952 Neapoli,
755 1858 830 1930 VIII
849 1857 962 1929 muntii
979 1858 1015 1927 iu
1028 1856 1171 1930 Corneto
1186 1855 1200 1954 (
1225 1855 1280 1952 ).)

257 1981 296 2052 16
309 1982 434 2052 Sancto
450 1979 592 2052 Cateldo
608 1980 653 2053 de
666 1981 756 2053 Baro
770 2003 884 2052 novus
894 1991 1027 2076 portus.

405 2103 566 2176 Niooleus
582 2103 628 2176 de
644 2104 861 2177 Joheuuicio.

210 2165 376 2240 ⁰⁰⁸wd⁶⁸
405 2231 473 2301 neo
491 2229 617 2301 Bellus.

204 1424 372 1499 Custodes

210 2352 369 2426 Notarius
383 2354 544 2426 Nicoluus
562 2350 654 2424 filius
671 2350 792 2424 notarii
806 2349 982 2423 Benedicti
996 2349 1041 2424 de
1054 2351 1153 2422 Baro.

259 2478 296 2547 16
314 2477 412 2548 Turni
431 2475 478 2549 ed
492 2477 587 2550 Mane
603 2483 861 2569 novusportus.

212 2599 333 2672 Custos
349 2600 518 2672 Henneus
534 2598 579 2672 de
593 2598 748 2673 Touerdo
762 2599 808 2672 (16
825 2597 1033 2671 Brundusio.

211 2721 370 2795 Notarius
386 2721 595 2795 Prudentius
617 2723 663 2797 de
680 2723 862 2796 Hostunio.

261 2846 301 2916 16
314 2846 446 2920 Bivone
459 2868 571 2920 novus
584 2855 715 2942 portus.

411 2971 649 3067 Ruymundus.
686 3022 1022 3046 .........

213 3031 379 3106 cuswdffi
413 3093 527 3167 ludex
552 3093 816 3168 Bartholomeus
839 3094 884 3167 de
907 3093 1078 3167 Niooteru.

213 3217 385 3291 Notarius.
409 3218 505 3292 idem
519 3219 630 3312 judex
645 3219 915 3291 Bartholomous.

262 3343 302 3413 ln
316 3341 462 3416 Cottone
477 3365 591 3417 novus
609 3351 741 3438 portus.

215 3465 334 3538 Custos
351 3467 511 3539 Nicotaus
527 3468 697 3539 Barbatus
715 3467 760 3541 de
779 3465 933 3540 Cottone.

214 3590 376 3662 Notarius
389 3591 610 3664 Beneiviuius
625 3591 670 3664 (16
681 3591 840 3665 Cottone.

266 3714 304 3785 16
319 3713 476 3808 Auguste
493 3736 606 3788 novus
623 3725 756 3810 portus.

218 3836 339 3910 Custos
350 3837 503 3933 Angelus
516 3840 684 3913 Friserius
702 3840 748 3913 de
765 3839 885 3911 Seulis.

218 3961 377 4034 Notarius
380 4017 917 4036 ..............

268 4086 308 4156 16
320 4087 477 4180 Trapeno
491 4109 604 4161 novus
618 4097 749 4184 portus.

225 4207 344 4282 Custos
348 4262 1005 4284 .................

221 4333 378 4405 Notarius
381 4385 1297 4408 .......................
1324 4331 1384 4424 (o).

264 4481 307 4561 (a)
321 4483 358 4542 In
371 4483 469 4544 eodioe
478 4484 683 4561 Phitltppsensi
693 4486 731 4545 ud
739 4485 829 4546 finem
839 4487 949 4561 primae
955 4484 1050 4544 ltneee
1057 4487 1205 4544 vetustate
1210 4480 1322 4542 deletae
1331 4481 1438 4558 legitur
1448 4477 1590 4542 obbertus
1600 4486 1630 4541 et

221 4587 260 4649 ed
272 4588 363 4650 116666
378 4590 522 4650 seeundee
536 4597 663 4652 statutos
675 4593 724 4652 vei
737 4591 918 4668 hujusmodl.
928 4590 1132 4652 verisimiliter
1143 4586 1289 4651 otertout
1300 4593 1423 4650 statuat.
1432 4587 1501 4649 Vld.
1512 4603 1541 4664 p.
1557 4595 1627 4648 414.

258 4773 295 4844 tt)
315 4771 532 4846 vid.intre,t01.
550 4779 579 4832 84
599 4781 681 4832 neoto.
