4224 5898
496 537 557 598 334
991 531 1203 594 turbemer
1227 533 1400 594 secutur
1713 533 1799 612 [Anu.
1815 534 1907 599 lite.

497 669 652 746 sentibus
667 667 843 763 prosequi,
862 687 931 740 nou
949 668 1060 740 luerat
1081 669 1348 762 requirendum
1366 667 1452 762 quin
1468 667 1586 762 potius
1603 667 1693 742 bauo
1706 669 1908 764 petitirmem

497 817 540 868 ea
554 792 725 866 umores
738 789 861 864 fraude
879 789 1066 864 intentasse
1082 791 1284 886 proponitur
1299 801 1340 864 ιι
1353 792 1404 870 sio
1421 791 1454 863 ei
1469 791 1682 886 obloquendi
1694 791 1741 864 ds
1753 793 1909 868 Ecclesia

497 927 532 990 et
549 937 672 1011 paoem
693 914 781 986 inter
804 913 916 1008 ipsam
936 923 972 986 et
991 934 1072 989 eum
1094 913 1214 988 initam
1237 914 1397 989 irritandi
1420 915 1556 988 occasio
1575 916 1792 1010 preberetur.
1819 917 1909 990 lllud

497 1040 641 1134 quidem
663 1037 759 1131 quod
786 1058 890 1131 super
916 1037 1006 1112 lacto
1029 1037 1165 1131 imperii
1187 1037 1276 1112 iuter
1300 1048 1413 1114 cetera
1437 1059 1503 1112 sua
1529 1037 1742 1112 demeantes
1767 1043 1912 1114 testatur

499 1287 638 1380 cognita
658 1283 777 1374 fuerit,
796 1305 839 1359 eo
866 1284 989 1356 lortius
1016 1305 1062 1358 ex
1087 1305 1151 1358 suo
1172 1295 1309 1360 maneat
1330 1295 1523 1360 commento
1545 1289 1727 1380 contusus3
1756 1287 1843 1361 dnm
1865 1288 1912 1360 da

498 1411 599 1484 nobis
615 1409 782 1484 obtrectat
799 1407 895 1502 qnod
914 1408 961 1482 ad
976 1418 1127 1484 nostram
1143 1410 1307 1484 translato
1327 1407 1483 1484 notitiam
1500 1432 1582 1484 eum
1605 1411 1655 1484 ad
1675 1411 1911 1508 mouperauda

497 1536 576 1628 jura
594 1533 729 1628 imperii
747 1554 827 1604 cum
843 1532 959 1606 multis
975 1532 1181 1607 bellatorum
1197 1533 1325 1606 intrare
1343 1533 1495 1604 millibus
1507 1533 1760 1626 lombardiam,
1780 1535 1849 1607 sibi
1866 1557 1912 1608 ne

501 1658 633 1730 ltaliam
643 1657 785 1730 intraret
795 1664 947 1730 armatus
956 1665 992 1730 et
1003 1655 1251 1749 ntdeuegotio
1261 1656 1531 1731 lombardorum
1542 1659 1579 1728 in
1593 1659 1804 1753 nosprecise
1817 1679 1911 1732 oom-

501 1781 711 1876 promitteret
727 1780 913 1876 apostolico
930 1779 1056 1872 scripto
1074 1779 1330 1870 mandarimus,
1350 1789 1392 1852 ut
1410 1780 1498 1852 illud
1516 1790 1683 1878 perpetuo
1700 1781 1912 1876 suspeude'e

501 1908 560 1980 vel
580 1908 638 1998 jus
662 1905 799 2000 imperii
832 1905 939 1978 libere
965 1903 1132 1977 suffocare
1163 1926 1361 1999 possemus,
1392 1913 1510 1979 contra
1536 1906 1652 2001 ipsum
1678 1907 1912 1980 venerabilem

503 2035 640 2106 tratrem
661 2039 818 2103 nostrum
838 2029 1132 2104 Preuestiueusam
1152 2030 1352 2125 episcopum
1375 2051 1437 2126 per
1459 2051 1564 2124 quem
1586 2033 1662 2123 ejus
1684 2053 1912 2105 uacuaremus

502 2154 717 2250 propositum
733 2154 1012 2244 transmittentes,
1025 2154 1058 2227 ei
1077 2151 1334 2248 impedimentis
1348 2152 1569 2226 clandestinis
1581 2176 1646 2250 per
1663 2156 1794 2247 legatos
1807 2165 1842 2228 et
1859 2156 1912 2227 lit·

503 2288 594 2352 teras
610 2287 745 2351 nostras
766 2298 829 2372 per
854 2276 975 2350 orbem
999 2277 1157 2370 undique
1180 2277 1567 2371 pmouratis.1stevem
1590 2278 1647 2350 cni
1663 2297 1708 2350 us
1733 2279 1914 2352 ueritatem

504 2403 601 2478 lateri
619 2411 678 2476 aut
698 2421 858 2476 enarrare
874 2400 999 2494 possit,
1015 2399 1188 2491 judicium
1206 2421 1227 2472 a
1245 2399 1365 2472 divina
1385 2401 1498 2472 forsan
1521 2409 1574 2472 est
1591 2401 1829 2494 indignatione
1848 2423 1915 2474 no-

504 2535 643 2620 getam,
664 2525 755 2596 sicut
779 2523 1040 2598 obtrectationes
1066 2544 1214 2618 persone
1240 2533 1356 2596 nostro
1376 2544 1444 2597 nou
1459 2524 1717 2596 verecundatur
1745 2547 1793 2599 ex
1821 2527 1915 2600 falsis

505 2669 701 2740 assumere,
726 2648 777 2720 sic
802 2657 837 2718 et
863 2647 1105 2720 excusationes
1132 2667 1215 2719 suas
1245 2667 1293 2720 ex
1322 2647 1492 2719 similibus
1522 2647 1817 2742 propositionibus
1843 2669 1915 2723 nou

505 2774 638 2846 veritus
653 2770 832 2857 ordinare,
853 2791 892 2842 se
906 2791 968 2864 per
989 2769 1128 2842 nuutios
1151 2789 1232 2842 suos
1256 2770 1490 2843 venerabilem
1512 2771 1655 2844 tratrem
1671 2783 1828 2844 nostrum
1847 2774 1916 2846 Pa-

470 2919 473 2924 *
506 2897 738 2968 normitauum
766 2887 1062 2987 archiepiscopum
1090 2899 1125 2962 et
1151 2891 1320 2984 quosdam
1344 2893 1429 2965 alios
1452 2893 1498 2966 ad
1527 2891 1759 2989 apostoticam
1790 2895 1914 2968 Sedem

507 3020 631 3092 missos
657 3017 877 3091 devotionem
907 3013 1140 3088 omnimodam
1167 3035 1271 3110 super
1304 3016 1535 3089 ecclesiastica
1563 3017 1719 3090 libertate
1745 3027 1781 3089 et
1806 3019 1916 3091 mior-

508 3142 647 3216 maudis
670 3139 822 3214 Ecclesie
844 3148 879 3210 et
903 3137 1038 3231 imperii
1056 3137 1195 3230 juribus
1214 3137 1397 3231 obtulisse,
1422 3160 1556 3232 uosque
1581 3138 1620 3211 id
1643 3139 1858 3212 attendentes
1883 3149 1917 3212 et

508 3266 743 3360 promittentes
774 3283 795 3334 a
819 3261 1000 3353 cujuslibet
1024 3260 1135 3356 ipsius
1161 3259 1407 3355 impedimento
1433 3283 1586 3354 cessare,
1616 3263 1746 3334 nuntiis
1771 3263 1844 3335 suis
1870 3262 1916 3336 ad

509 3411 590 3462 eum
605 3386 849 3476 redeuntibus,
871 3384 1002 3459 dilecto
1017 3383 1088 3458 lilio
1104 3385 1267 3478 Gregorio
1285 3385 1333 3457 de
1348 3385 1569 3480 Montelongo
1586 3376 1718 3459 uot'ario
1742 3395 1857 3460 nostru
1880 3387 1917 3458 iu

509 3535 654 3586 suorum
685 3509 900 3582 eversionem
930 3506 1106 3602 fidelium,
1137 3509 1319 3602 legationis
1346 3509 1497 3581 officium
1534 3509 1744 3584 commisisse
1773 3509 1914 3600 asserit;

509 3639 654 3733 ipsoque
682 3633 904 3706 nibilominus
928 3634 1076 3726 prelatos
1106 3631 1401 3728 archiepiscopum
1426 3643 1461 3706 et
1485 3633 1571 3705 alios
1599 3634 1739 3707 nuutios
1764 3655 1845 3706 suos
1871 3633 1918 3707 nd

509 3763 636 3838 Sedem-
658 3758 888 3856 Apostolioam
911 3757 1104 3832 remittente
1126 3765 1161 3830 et
1185 3756 1638 3830 offerentoeatistaotionem
1660 3757 1918 3846 omnimodam,
2009 3751 2011 3755 ’

510 3907 574 3958 ιιι
601 3907 682 3957 enm
708 3881 963 3956 contradicente
989 3879 1124 3954 saniore
1147 3890 1243 3975 perte
1268 3879 1411 3952 fratrum
1434 3889 1643 3967 nostorum,
1666 3889 1785 3954 cuntm
1806 3879 1919 3952 tradi-

510 4008 621 4080 tiones
638 4008 840 4078 Sanctorum
853 4003 993 4074 Petrum
1010 4011 1045 4076 et
1058 4003 1244 4076 solemnem
1262 4023 1393 4076 morem
1406 4003 1701 4096 Ecclesieiujuste
1715 4007 1919 4075 excommu-

510 4129 644 4202 nicasse
662 4129 747 4205 falso
772 4124 963 4210 concludit;
984 4146 1048 4218 pru
1073 4148 1135 4198 sus
1154 4126 1353 4198 confusione
1373 4126 1618 4219 subjungendo
1638 4148 1701 4200 nos
1719 4126 1811 4200 beuti
1829 4125 1918 4196 Petri

510 4251 681 4324 vicarium
697 4269 766 4321 uou
784 4248 912 4320 babere
926 4248 1057 4340 ligandi
1078 4249 1304 4343 solvendique
1321 4257 1534 4343 potestatem,
1554 4252 1654 4344 quasi
1670 4251 1754 4322 velit
1768 4271 1919 4321 asserere

511 4397 575 4450 noe
592 4394 754 4448 concessa
777 4369 1018 4467 Apostolorum
1041 4372 1188 4469 principi
1207 4393 1324 4445 carere
1344 4374 1496 4446 clavium
1520 4383 1696 4468 potestate.
1723 4375 1919 4458 Quesumus

511 4499 631 4590 igitur,
654 4497 779 4568 libram
800 4495 941 4568 rationis
965 4495 1129 4569 assumite
1150 4504 1185 4566 et
1208 4495 1243 4565 iu
1260 4517 1302 4568 ea
1327 4497 1546 4591 perpendatis
1570 4497 1763 4592 predictum
1784 4496 1912 4568 Frede-

512 4623 621 4694 ricum
638 4631 754 4694 contra
770 4621 971 4711 Ecclesiam,
987 4620 1187 4693 excessibus
1204 4629 1239 4693 et
1252 4619 1429 4692 beneficiis
1445 4644 1515 4714 que
1529 4622 1574 4694 ab
1592 4643 1634 4694 ea
1649 4622 1775 4714 recepit
1788 4639 1918 4715 appeu-
