4278 5920
490 569 549 633 tlt
986 563 1201 626 lutbbnlct
1225 567 1401 628 SECUNDI
1715 569 1793 655 [An.
1813 571 1896 632 teat.

488 707 571 782 dicti
591 703 802 778 sarcinarum
820 709 1014 772 nostrarum
1034 709 1070 773 et
1087 722 1252 772 curruum
1266 702 1514 796 impedimenta
1527 705 1741 798 trajicerent,
1761 729 1782 779 a
1802 727 1901 780 mane

489 851 600 925 usqne
612 827 660 902 ad
674 847 837 920 vesperas
849 825 988 918 agmine
1002 845 1072 896 non
1087 823 1221 918 digesto
1237 847 1299 920 per
1311 826 1419 917 acies,
1435 848 1498 921 per
1509 828 1733 902 buccinarum
1747 831 1898 924 sonitus,

488 976 577 1050 qnos
590 951 714 1025 audire
725 957 881 1045 poterant
897 949 942 1022 de
958 948 1086 1038 vicino,
1103 949 1149 1022 ad
1163 950 1294 1022 bellum
1308 950 1583 1044 ipsoeacnimus,
1600 953 1662 1026 sed
1677 975 1766 1048 quos
1779 955 1902 1027 surdos

489 1078 536 1152 ad
561 1076 666 1151 verba
692 1073 901 1169 reperimus,
931 1070 977 1145 ad
1006 1073 1109 1146 tubas
1134 1073 1332 1145 invenimus
1357 1072 1545 1146 surdiores.
1576 1075 1733 1148 Flumine
1764 1077 1901 1151 demum

490 1203 621 1298 prefato
633 1221 695 1296 per
707 1219 771 1270 nos
784 1205 819 1269 et
831 1206 982 1283 nostros,
998 1195 1074 1269 sine
1089 1196 1271 1270 rebellium
1285 1206 1479 1270 nostrornm
1494 1198 1727 1292 infestatione,
1744 1202 1900 1293 trajecto,

490 1325 628 1420 populis
644 1322 820 1394 civitatum
837 1329 873 1392 et
888 1319 1039 1393 maxima
1057 1331 1155 1414 parte
1170 1322 1320 1393 militnm
1337 1322 1384 1394 ud
1401 1323 1540 1418 propria
1557 1323 1783 1396 wdenntibus
1797 1324 1902 1420 (qnos

491 1451 662 1542 insperate
689 1466 784 1518 mors
812 1445 944 1518 tedium
972 1453 1006 1515 et
1036 1445 1278 1539 importunitas
1309 1446 1472 1540 temporis
1501 1447 1648 1520 retinere
1676 1448 1807 1521 diutins
1835 1470 1900 1521 non

491 1569 664 1665 sinebat),
693 1591 773 1641 cum
792 1568 955 1662 expedita
973 1567 1094 1640 militia
1110 1570 1214 1656 juxta
1232 1569 1325 1663 ripas
1342 1591 1385 1642 ex
1413 1571 1479 1642 ista
1503 1581 1598 1664 parte
1615 1571 1767 1644 fluminis
1794 1573 1901 1645 festini

492 1697 684 1770 direximus
701 1713 839 1786 gressus
855 1703 989 1764 nostros
1005 1691 1052 1764 ad
1068 1701 1189 1785 pontes
1212 1715 1273 1786 per
1297 1715 1388 1787 qnos
1411 1694 1477 1789 ipsi
1503 1695 1688 1768 redenmm
1705 1695 1752 1770 ad
1771 1697 1903 1792 propria

493 1819 607 1893 redire
620 1817 810 1904 debebant;
826 1825 862 1888 et
878 1815 929 1887 sic
941 1836 1020 1886 curu
1037 1816 1072 1886 in
1086 1816 1245 1889 cavernis
1261 1827 1350 1890 terre
1366 1818 1491 1890 morari
1507 1817 1638 1890 diutins
1651 1821 1740 1892 ultra
1754 1821 1902 1910 flumen,

493 1966 608 2018 rerum
636 1943 729 2036 ipsos
751 1949 889 2012 arcente
916 1940 1082 2034 penuria,
1103 1961 1172 2012 nou
1196 1943 1373 2029 valerent,
1393 1941 1665 2016 Mediolanenses
1683 1953 1717 2015 et
1743 1945 1827 2016 socii
1845 1945 1904 2040 qni

493 2091 556 2165 per
579 2065 775 2139 Brixienscs
799 2063 861 2157 qni
884 2062 1027 2136 domum
1052 2063 1242 2155 redierant,
1271 2074 1390 2137 contra
1417 2067 1529 2160 legem
1555 2067 1727 2140 societatis
1751 2067 1818 2162 (o),
1846 2089 1906 2163 per

494 2203 616 2288 pontes
629 2199 665 2262 et
674 2188 765 2262 voda
778 2187 931 2260 fluminis
943 2187 1028 2259 dnm
1038 2188 1184 2260 transire
1195 2210 1264 2261 non
1276 2201 1430 2284 possent,
1450 2211 1511 2284 per
1520 2191 1701 2282 cujusdam
1712 2193 1906 2264 stricturam

495 2317 645 2392 nemoris
662 2313 866 2402 exiverunt,
892 2311 1071 2384 credentes
1091 2333 1130 2384 ee
1147 2312 1248 2384 nobis
1266 2334 1327 2406 per
1345 2313 1478 2386 occulte
1500 2315 1583 2408 fuge
1605 2314 1802 2388 subsidium
1825 2317 1906 2388 snb·

494 2443 624 2538 ripere,
641 2439 726 2511 dum
746 2458 808 2509 nos
823 2434 911 2508 adeo
926 2457 1032 2531 prope
1049 2437 1234 2509 consistere
1250 2437 1392 2508 forsitan
1408 2458 1479 2509 uon
1496 2447 1667 2532 putarent.
1685 2441 1754 2512 Sed
1769 2463 1846 2512 cum
1864 2441 1908 2515 de

495 2567 650 2640 adventu
665 2571 780 2635 nostro
793 2571 899 2633 terror
913 2569 948 2632 et
962 2561 1137 2643 fremitus,
1153 2569 1319 2655 tauquam
1335 2561 1381 2633 de
1394 2561 1469 2634 celo
1484 2562 1632 2648 tonitru,
1647 2563 1732 2658 ipsis
1746 2565 1904 2656 intonuit,

495 2691 542 2764 ad
570 2688 755 2784 premissas
785 2694 899 2757 nostre
928 2683 1144 2757 celsitudinis
1172 2685 1283 2774 acies,
1314 2686 1515 2779 priusquam
1547 2687 1908 2784 aquilarumimperii

496 2814 650 2889 victricia
663 2813 761 2906 signa
778 2809 1025 2904 prospicerent,
1040 2809 1077 2878 in
1092 2809 1209 2902 fugam
1224 2810 1275 2881 sic
1288 2809 1404 2882 subito
1417 2833 1456 2883 se
1470 2821 1731 2903 converterunt,
1747 2824 1782 2883 ut
1800 2833 1910 2906 usque

497 2940 544 3014 ad
564 2941 716 3034 ipsorum
735 2934 933 3023 curceium,
959 2933 1055 3027 qnod
1075 2933 1169 3027 apud
1187 2933 1324 3006 Curtem
1344 2934 1477 3006 Novam
1495 2934 1531 3006 in
1550 2956 1717 3028 equorum
1739 2935 1911 3008 celeritate

498 3063 740 3160 premiserant,
761 3059 878 3130 nullus
898 3057 1104 3147 fngientium
1131 3057 1254 3129 faciem
1270 3067 1465 3130 nostrorum
1484 3057 1737 3152 insequentium
1759 3071 1911 3154 spectare

498 3188 640 3258 valeret.
653 3185 697 3254 Et
708 3183 790 3254 dum
806 3190 883 3276 post
896 3180 1084 3252 auxiliares
1096 3180 1188 3252 acies
1201 3201 1264 3252 nos
1278 3203 1358 3252 cum
1374 3191 1569 3253 nostrorum
1583 3181 1761 3274 agminum
1775 3183 1909 3274 robore,

385 3355 388 3362 .
498 3309 673 3406 gressibus
699 3304 884 3394 festinatis,
912 3307 1037 3376 nostris
1057 3303 1119 3397 qni
1142 3304 1177 3374 in
1206 3305 1276 3376 levi
1302 3327 1408 3376 manu
1439 3317 1695 3397 precesserant,
1720 3307 1911 3380 necessario

499 3456 601 3507 cursu
617 3451 816 3502 succurrere
828 3427 1064 3517 crederemus,
1080 3448 1170 3520 qnos
1183 3428 1230 3500 ab
1244 3427 1520 3501 adversariorum
1536 3431 1766 3524 pugnantium
1779 3431 1912 3502 viribus

499 3556 706 3629 timebamus
730 3551 855 3636 arceri,
885 3570 1055 3644 equorum
1083 3551 1215 3643 absque
1245 3552 1437 3624 sessoribus
1468 3553 1725 3641 cursitantinm,
1757 3551 1913 3646 undique

445 3735 450 3764 ,
501 3679 777 3776 precipitatornm
801 3675 948 3746 militum
972 3683 1006 3745 et
1027 3673 1217 3745 occisorum
1241 3674 1414 3765 stragibus
1437 3683 1559 3747 strutus
1585 3674 1783 3747 invenimus
1804 3675 1914 3770 impe-

500 3804 602 3876 ditas.
627 3801 758 3873 Erectis
784 3798 923 3871 taudem
948 3807 983 3868 et
1011 3796 1126 3890 ligatis
1152 3797 1187 3868 iu
1213 3805 1303 3868 terra
1325 3797 1522 3890 jacentibus
1547 3799 1608 3892 qui
1636 3799 1819 3889 vivebant,
1853 3818 1915 3891 per

500 3927 688 4018 armigeros
711 3924 856 3995 militum
881 3923 941 4015 qni
966 3920 1126 3994 dominos
1145 3919 1392 4014 sequebantur,
1418 3922 1465 3995 ad
1487 3923 1657 3994 curceium
1680 3921 1795 4016 (quod
1812 3923 1915 4012 juxta

501 4071 619 4122 muros
632 4047 810 4142 municipii
824 4045 937 4119 Curtis
951 4046 1064 4135 Nove,
1082 4046 1286 4116 fossatorum
1302 4045 1402 4116 vallis
1417 4044 1683 4132 circumdatum,
1699 4055 1735 4117 et
1747 4045 1915 4117 immensa

502 4173 647 4245 militum
662 4169 879 4265 preliantiuru
893 4169 993 4261 copia
1008 4167 1234 4262 impeditum,
1251 4169 1344 4240 omni
1362 4167 1449 4240 mira
1463 4167 1666 4241 defensione
1682 4168 1915 4262 pugnantium

502 4296 673 4369 munitum
690 4291 905 4387 invenimus)
920 4291 1148 4386 applicantes,
1167 4289 1212 4362 ad
1230 4293 1524 4386 expugnationem
1540 4301 1576 4364 et
1590 4301 1769 4388 capturam
1786 4291 1914 4384 ipsius,

502 4420 690 4492 multorum
709 4415 1012 4488 innumerabilium
1033 4413 1181 4485 rnilitum
1199 4417 1419 4504 strenuitate,
1441 4415 1681 4511 perstitimus:
1709 4416 1798 4490 adeo
1820 4413 1916 4509 quod

544 4678 586 4760 (c)
607 4680 720 4742 Desunt
733 4679 774 4740 lbl
788 4677 932 4758 quaedam
949 4695 958 4738 r
965 4675 1093 4757 sererent
1105 4673 1235 4739 &reflati
1248 4679 1297 4740 vel
1310 4679 1495 4758 hujusmodl.
