4226 5900
212 646 391 730 lvnrcr.13.]
664 643 860 706 tltstottla
881 641 1173 704 otrtouamca.
1564 634 1624 696 4·Γί

213 787 366 882 ipsarum
387 781 535 877 partium
554 788 593 851 ut
610 778 795 872 diligenter
817 779 994 874 inquirant
1012 786 1046 849 et
1067 778 1096 848 si
1117 773 1312 848 invenerint
1333 772 1427 868 ipsos
1444 770 1481 842 in
1497 790 1625 843 mares·

213 909 307 982 cattis
326 906 452 980 nostds
468 907 588 979 iecisse
611 903 800 996 delectam,
819 905 912 1000 ipsos
930 902 1068 998 capiant
1085 901 1129 975 de
1146 897 1313 997 personis.

262 1033 388 1104 Datum
404 1027 455 1126 (ut
471 1028 605 1124 supro).

1244 1321 1412 1334 Ἣ

266 1596 486 1682 Mandatum
506 1598 556 1681 ad
574 1597 852 1703 Alexandrum,
872 1596 995 1679 filium
1017 1594 1182 1703 chrici,
1207 1618 1276 1705 pro
1299 1593 1454 1678 Nicolao
1476 1593 1524 1677 de
1543 1593 1624 1678 Ca·
1665 1597 1810 1712 {m
1797 1614 1819 1647 a

212 1727 371 1813 lochuro
389 1731 546 1814 custode
561 1730 767 1814 domorum
787 1727 1043 1837 imperialium
1057 1727 1170 1837 Salpe
1187 1735 1225 1810 c
1208 1727 1370 1810 Tuum
1381 1727 1622 1811 Sanctorum
1665 1691 1818 1754 ‘⁸⁰”¹¹²⁵¹²'·

294 1927 452 2012 (chctt.'
438 1947 541 2011 emper.
552 1928 672 1992 ll'rcdcr.
688 1929 728 2005 11,
743 1929 796 1992 fol.
815 1939 966 2003 revertor
982 1931 1100 1992 incdit.
1115 1929 1238 1994 Caromr.
1243 1948 1297 2011 ,p.
1313 1931 1398 2010 ²57.)

262 2105 309 2176 Do
328 2105 494 2199 importuli
518 2103 675 2177 mundato
690 2105 779 2196 scoto
790 2125 855 2198 per
869 2105 1067 2196 moplstrnm
1088 2104 1131 2174 ll.
1154 2103 1194 2174 dc
1215 2100 1357 2174 Comaru
1370 2106 1502 2198 scripsit
1522 2106 1563 2176 L.
1588 2107 1627 2177 dc

212 2229 403 2300 Brundusio
414 2256 425 2298 .·

261 2350 481 2442 fredericus,
497 2361 579 2444 etc,
599 2351 799 2426 Alexandro
813 2350 884 2425 filio
904 2351 1061 2445 Hermai,
1076 2359 1144 2424 etc.
1157 2349 1324 2426 Fidelitati
1337 2361 1396 2425 tue
1406 2354 1628 2448 precipiendo

212 2475 419 2548 mandamus
440 2485 612 2568 quatenus
632 2476 772 2549 Nicolao
797 2475 843 2550 de
862 2475 1053 2548 Calochuro
1073 2474 1207 2548 custodi
1227 2475 1408 2550 domorum
1433 2485 1627 2550 nostrarum

212 2597 316 2694 Salpe
327 2608 361 2670 et
374 2599 490 2669 Trium
502 2601 705 2671 Sanctorum
720 2597 814 2671 fideli
830 2607 946 2672 nostro
960 2619 1145 2693 expensas,
1160 2598 1250 2670 sicut
1263 2598 1398 2673 dodum
1410 2602 1628 2697 recipiebata

211 2721 395 2793 Thomasio
410 2721 454 2793 de
468 2720 665 2794 Brundusio
681 2721 925 2816 predecessore
939 2732 1012 2813 tuo,
1030 2721 1075 2794 de
1085 2722 1310 2816 proventibus
1327 2724 1423 2796 ouria
1435 2737 1550 2799 nostre
1565 2727 1627 2822 qui

212 2855 294 2917 sunt
310 2865 371 2940 per
384 2867 508 2918 manns
524 2856 613 2936 toas,
629 2845 757 2922 amodo
772 2846 810 2917 in
828 2855 930 2920 antea
948 2845 1076 2920 debeas
1088 2846 1254 2919 exhibere
1271 2856 1305 2918 et
1317 2867 1380 2942 pro
1397 2848 1524 2921 avibus
1542 2871 1627 2924 uos-

211 2971 273 3041 tris
289 2991 376 3063 quas
397 2969 433 3040 in
455 2969 620 3064 predictis
642 2971 726 3042 locis
752 2991 833 3044 eum
855 2967 1028 3042 custodire
1046 2969 1108 3042 tibi
1134 2970 1340 3065 constiterit,
1362 2983 1564 3069 recepturus
1581 2973 1627 3048 de

211 3093 267 3166 bis
283 3094 431 3187 quesibi
449 3093 585 3166 dederis
599 3093 800 3188 apodixem.

262 3217 440 3290 [latomia
465 3217 587 3290 castris
610 3225 690 3289 ante
718 3224 859 3312 pontem
885 3215 1072 3306 Placentia,
1099 3217 1143 3289 1v
1168 3218 1384 3310 novembris,
1411 3220 1487 3293 Xlll
1511 3220 1624 3294 indic·

211 3337 327 3411 tionis.

264 3840 425 3924 litterae
454 3849 625 3950 patentes
652 3849 691 3923 et
720 3841 946 3924 mandatum
976 3864 1047 3949 pro
1078 3839 1184 3922 mille
1218 3847 1371 3923 centum
1402 3849 1439 3922 et
1467 3839 1695 3966 trigintaPl
1663 3869 1797 3965 nepus,⁸⁹
1742 3871 1816 3912 aaa„

212 3973 335 4056 unciis
352 3999 436 4057 eurr
426 3973 503 4056 da
526 3972 757 4058 victualibus
774 3971 902 4056 curiae
927 3971 1079 4056 duobus
1105 3971 1379 4056 mercatoribus
1396 3972 1622 4058 Provincia·
1663 3924 1728 4018 ‘¹¹⁸⁰'
1728 3953 1817 4020 “²⁵¹“

211 4104 314 4189 libus
331 4106 584 4216 assignandis·

292 4307 421 4390 (chcrt.
436 4307 539 4388 imper.
555 4306 676 4369 Frcda.
692 4309 732 4386 11,
748 4307 801 4370 lol.
820 4315 855 4368 tv
871 4312 966 4402 rectu
981 4307 1014 4366 ln
1026 4305 1097 4367 edit.
1114 4303 1250 4384 caream,
1264 4324 1295 4384 p.
1312 4307 1395 4385 25⁷.)

258 4485 306 4554 Dc
320 4483 492 4578 imperiali
507 4483 664 4556 mandoto
686 4486 778 4576 sacto
791 4504 854 4577 por
868 4482 1067 4576 capistrum
1090 4478 1257 4555 Actorum
1270 4482 1402 4576 scripsit
1426 4484 1469 4557 G.
1495 4482 1536 4554 dc
1554 4484 1623 4556 Gu-

210 4607 316 4679 rontt'o
334 4606 467 4680 lictcros
479 4617 657 4702 patentes.-

258 4729 474 4823 Fredericua,
486 4739 554 4804 etc.
568 4731 695 4804 Notum
711 4725 858 4802 facimus
874 4729 1044 4803 universis
1061 4729 1157 4826 quod
1172 4728 1359 4802 Gosbertus
1377 4727 1422 4802 de
1437 4731 1574 4806 Turano
1587 4742 1624 4806 et
