4278 5920
986 542 1202 608 ratosnlcl
1227 545 1402 607 SECUNDI
1710 543 1792 629 [Ass.
1809 543 1892 605 1237.

718 813 1036 824 --—-—--—
1043 815 1157 825 ...ι-.-
1161 813 1672 826 -ο---η--ι--ο--α--Ι

282 1101 462 1212 *Wlfvlffflr
539 1101 771 1212 Fridericus,
800 1105 1059 1190 Romanorum
1090 1105 1316 1214 imperator,
1348 1105 1398 1187 ad
1432 1105 1745 1215 supplicationem
1771 1103 1895 1186 abba-

486 1233 600 1318 tissae
625 1245 663 1318 et
680 1247 888 1320 conventus
918 1237 1145 1322 monialium
1168 1239 1216 1320 de
1238 1237 1575 1345 Rothenmrinstsr,
1597 1236 1671 1320 boc
1692 1246 1892 1319 monaste-

484 1365 605 1474 rium,
629 1367 835 1476 familiam,
860 1370 1015 1479 praedia
1036 1381 1074 1453 et
1088 1369 1220 1452 omnia
1244 1369 1347 1454 bona
1373 1369 1456 1480 ejus
1482 1370 1522 1450 in
1545 1395 1656 1453 suam
1682 1379 1720 1451 et
1747 1367 1893 1476 imperii

483 1499 751 1607 protectionem
777 1502 928 1612 recipit,
950 1503 1186 1586 advocatiam
1208 1501 1380 1612 ejusdem
1403 1503 1444 1583 in
1467 1501 1546 1610 suis
1573 1512 1611 1584 et
1636 1499 1784 1610 imperii
1805 1525 1893 1582 ma-

483 1632 596 1716 nibus
613 1633 850 1716 retinendam
870 1635 1107 1744 promittens.

562 1857 657 1937 (Edit.
673 1875 722 1936 ap.
735 1859 852 1935 Lumo,
867 1855 1076 1937 ambusto,
1089 1865 1161 1920 tom.
1177 1859 1295 1937 XVIII,
1311 1875 1381 1936 pars
1394 1857 1449 1934 11⁸,
1463 1873 1494 1934 p.
1512 1865 1587 1930 298,
1602 1873 1682 1918 nunc
1698 1855 1814 1918 mandls
1826 1855 1890 1916 erl-

599 1965 737 2027 dntlbus
749 1965 971 2046 expurgatum.)

527 2157 740 2250 FrIdericus,
762 2159 825 2232 Ilei
839 2160 950 2254 gratia
970 2161 1206 2233 Romanorum
1225 2159 1413 2254 imperator
1433 2179 1568 2252 semper
1581 2165 1772 2251 augustus,
1792 2157 1889 2228 Ieru-

478 2283 584 2355 salem
599 2292 633 2355 et
647 2282 763 2356 Sicilie
782 2305 860 2356 rex.
884 2284 948 2357 Per
968 2305 1106 2380 presens
1123 2284 1292 2379 scriptum
1313 2293 1434 2356 notum
1450 2303 1525 2354 esse
1543 2281 1705 2353 volumus
1719 2279 1889 2352 universis

477 2405 613 2501 imperii
630 2403 793 2478 fidelibus
810 2417 879 2480 tam
894 2407 1110 2502 presentibus
1124 2429 1231 2501 quam
1247 2409 1373 2480 futuris
1388 2406 1484 2502 quod
1496 2407 1537 2478 N.
1559 2404 1768 2478 venerabilis
1783 2404 1889 2476 abba-

476 2529 560 2602 tissa
581 2539 616 2602 et
637 2539 831 2603 conventus
854 2531 1055 2604 monialium
1080 2531 1126 2604 de
1141 2532 1453 2614 Rotbenmunster,
1473 2528 1717 2626 cysterciensis
1732 2526 1885 2617 ordinis,

476 2649 595 2725 fideles
606 2661 737 2744 nostre,
756 2653 924 2756 imperiali
939 2653 1119 2727 clementie
1137 2663 1251 2728 nostre
1267 2654 1443 2727 humiliter
1456 2653 1740 2749 supplicaverunt
1752 2659 1790 2722 ul
1805 2651 1889 2744 quia

475 2773 570 2849 idom
586 2777 848 2868 monasterium,
868 2795 1031 2872 persone,
1048 2777 1196 2868 familia,
1215 2777 1336 2874 predia
1349 2787 1384 2852 et
1400 2777 1518 2850 omnia
1533 2778 1626 2850 bona
1646 2775 1799 2872 ipsarum
1821 2773 1888 2846 sub

475 2909 589 2973 nostra
605 2910 640 2973 et
655 2901 789 2996 imperii
803 2901 983 2976 advocatia
1000 2903 1210 2996 consistunt,
1230 2911 1301 2976 tam
1320 2903 1564 2976 monasterium
1577 2922 1683 2996 quam
1701 2919 1884 2995 personas,

475 3024 658 3113 familiam,
675 3025 906 3121 possessiones
922 3037 957 3100 et
967 3027 1083 3099 omnia
1094 3049 1158 3100 sua
1176 3049 1245 3122 quo
1261 3027 1296 3098 in
1311 3027 1460 3123 presenti
1474 3028 1568 3120 juste
1583 3023 1761 3122 possident
1777 3023 1833 3094 vel
1850 3021 1887 3094 in

473 3158 575 3220 antea
587 3151 681 3242 justo
707 3150 804 3223 titulo
823 3160 981 3244 poterunt
1000 3150 1160 3245 adipisci,
1182 3151 1248 3224 sub
1271 3161 1386 3224 nostra
1407 3160 1442 3224 et
1461 3149 1596 3246 imperii
1619 3146 1832 3244 protectione
1850 3155 1886 3219 et

473 3272 594 3344 lavore
606 3272 747 3366 speciali
761 3273 914 3368 recipere
931 3273 1170 3367 dignaremur,
1190 3273 1408 3347 advocatiam
1425 3273 1534 3368 ipsius
1549 3269 1745 3344 monasterii
1760 3279 1795 3341 et
1809 3289 1886 3364 pre·

473 3395 611 3468 diorum
625 3417 787 3488 suorum,
802 3405 902 3490 prout
922 3417 969 3469 ex
984 3399 1134 3490 generali
1147 3398 1336 3494 approbata
1351 3395 1601 3470 consuetudine
1619 3402 1654 3468 et
1669 3392 1885 3465 immunitate

473 3517 713 3614 cysterciensis
725 3519 856 3593 ordinis
870 3521 969 3593 nobis
982 3530 1016 3594 et
1035 3522 1179 3616 imperio
1191 3523 1339 3620 pertinet
1355 3523 1458 3618 plano
1473 3522 1565 3614 jure,
1583 3519 1620 3590 in
1637 3526 1753 3591 nostra
1771 3537 1885 3589 resen

473 3650 594 3716 vantm
613 3653 649 3715 st
671 3643 804 3739 imperii
826 3642 956 3718 ditione
984 3655 1019 3719 ct
1047 3648 1141 3720 nollo
1168 3648 1285 3720 tuturo
1312 3656 1465 3740 tempore
1492 3667 1514 3717 a
1541 3641 1725 3716 nostriset
1751 3639 1884 3734 imperii

473 3767 632 3838 manibus
658 3767 800 3840 alienari
827 3769 884 3840 vel
913 3767 1067 3843 subtrahi
1097 3771 1342 3864 permittentes.
1369 3769 1439 3842 Nos
1469 3769 1587 3862 itaque
1611 3764 1749 3839 feminei
1776 3783 1884 3835 sexus

472 3891 706 3986 impotentiam
729 3891 942 3965 attendentes
964 3903 999 3965 et
1014 3895 1199 3966 lervsntem
1219 3895 1331 3966 zelum
1348 3913 1419 3988 quo
1437 3891 1484 3965 ad
1505 3892 1637 3964 cultum
1653 3887 1763 3962 divini
1781 3885 1883 3960 obso-

471 4016 544 4109 quii
570 4014 700 4108 jugiter
730 4015 907 4089 elaborant
939 4038 1062 4089 sexum
1086 4019 1294 4091 excellentes
1322 4015 1399 4113 (sic)
1428 4017 1593 4110 inopere
1619 4012 1881 4106 etoperissor-

471 4139 593 4212 tientes
622 4140 781 4212 meritnm
812 4141 847 4210 in
880 4140 1022 4228 ellectu,
1045 4141 1148 4234 justis
1179 4163 1297 4214 aarum
1327 4138 1638 4236 supplicationibus
1669 4143 1879 4222 annuentes,

471 4263 662 4358 predictum
688 4263 948 4354 monasterium,
976 4264 1202 4356 abbatissam,
1233 4273 1461 4354 conventum,
1495 4260 1680 4348 familiam,
1703 4255 1824 4352 predia
1845 4264 1883 4326 et

470 4387 587 4460 omnia
613 4387 703 4459 bona
730 4385 883 4482 ipsarum
908 4407 977 4480 quc
999 4388 1093 4480 juste
1121 4385 1301 4482 possident
1331 4387 1367 4457 in
1398 4385 1546 4481 presenti
1575 4392 1609 4454 et
1635 4377 1883 4455 rationabiliter

470 4509 615 4604 adipisci
633 4517 794 4606 poterunt
808 4509 844 4580 in
862 4510 1035 4602 loturum,
1052 4511 1088 4580 in
1104 4519 1254 4583 nostram
1272 4519 1306 4582 et
1319 4508 1453 4604 imperii
1472 4505 1717 4604 protectionem
1733 4513 1768 4576 et
1784 4502 1881 4573 lavo-

471 4655 541 4706 ram
570 4643 685 4706 nostre
716 4631 826 4728 gratis
852 4633 1045 4730 recepimus
1073 4634 1275 4729 specialem
1304 4631 1521 4706 advocatiam
1545 4629 1656 4726 ipsius
1684 4623 1880 4700 monasterii
