4242 5904
189 637 286 696 horor.
305 625 366 709 lb]
638 615 833 679 HISTORIA
858 616 1149 680 btrtottttrtclt.

440 881 908 898 —fflnuo—--n-n·
917 881 1114 890 ιι-ο-ο--ια-ι
1120 881 1198 889 ..ι-ι·-
1205 881 1359 890 --ι--ψ--ι

242 1127 480 1230 Fridericus,
505 1125 766 1209 Romanorum
787 1123 1014 1232 imperator,
1043 1122 1244 1206 Laurentio
1275 1121 1484 1206 Tricastino
1511 1123 1600 1232 cpi-

189 1285 304 1369 seopo
330 1259 571 1370 priuilegium
605 1257 780 1366 aseipso
810 1255 993 1340 Gaulrido
1020 1255 1191 1365 ejusdem
1219 1255 1397 1338 ecelesiae
1427 1256 1602 1364 episcopo

188 1394 385 1503 qnondam
408 1403 576 1500 tempore
597 1391 704 1500 regni
728 1390 788 1472 sui
814 1389 1027 1495 indultum,
1047 1399 1204 1472 renovat
1221 1397 1258 1470 et
1275 1390 1476 1472 inserendo
1499 1416 1600 1472 con-

187 1525 328 1608 firmm.

271 1713 367 1792 [Edit.
382 1729 430 1790 ep.
448 1712 551 1774 Berua
564 1727 604 1770 ns
616 1709 895 1788 sarrire-rmum,
910 1709 988 1770 Her.
1007 1706 1042 1768 de
1056 1705 1163 1790 depiles
1176 1705 1211 1767 dc
1227 1704 1407 1769 Sciat-Paul
1422 1707 1599 1770 Troia-Chri-

309 1828 413 1895 stano,
427 1837 459 1898 p.
477 1817 540 1897 90.)

236 2002 276 2072 ln
294 2000 433 2072 nomine
450 2009 568 2072 sancte
582 2007 617 2072 ot
633 1997 817 2071 individue
832 1997 1020 2070 Trinitatis.
1046 1997 1239 2070 Tridericus
1257 1999 1306 2090 11,
1324 1998 1446 2072 divina
1464 2001 1601 2073 lavante

187 2125 368 2198 clementia
383 2125 614 2196 Romanorum
636 2123 820 2218 imperator
844 2142 980 2218 semper
1001 2132 1190 2216 augustus,
1209 2123 1397 2196 Jerusalem
1424 2132 1459 2195 et
1485 2123 1600 2196 Sicilie

187 2271 258 2320 rex.
285 2247 475 2343 Imperialis
502 2247 706 2320 excellentia
736 2256 818 2318 tuno
844 2246 1009 2342 precipuo
1036 2246 1091 2318 sni
1119 2247 1267 2318 nominis
1294 2247 1410 2319 titulos
1437 2248 1596 2340 ampliat,

188 2382 269 2444 tuno
289 2371 393 2445 officii
410 2371 464 2444 sui
487 2371 642 2444 debitum
666 2369 780 2443 reddit
805 2391 884 2442 oum
912 2371 1030 2442 fenore
1056 2372 1127 2442 Deo
1145 2370 1247 2458 vivo,
1267 2391 1346 2441 cum
1369 2372 1445 2462 ejus
1470 2372 1597 2442 intuitu

187 2515 247 2590 per
263 2516 368 2588 qnam
384 2493 458 2590 (sic)
479 2504 594 2590 preest
608 2493 822 2589 principibus
836 2492 932 2565 orbis
946 2501 1053 2581 terre,
1072 2493 1148 2564 loca
1168 2496 1241 2566 Deo
1255 2492 1369 2566 dicata
1386 2501 1420 2566 et
1434 2515 1598 2590 personas

187 2619 434 2693 ecclesiasticas
457 2619 516 2714 pio
540 2621 658 2693 lavore
675 2629 809 2710 tuetur,
837 2626 872 2690 et
890 2618 1002 2710 justas
1028 2639 1147 2690 earnm
1167 2617 1400 2689 favorabiliter
1419 2619 1599 2713 petitiones

187 2743 344 2817 exaudit.
370 2743 585 2839 Quapropter
607 2752 728 2816 notum
742 2741 814 2814 fieri
827 2743 989 2815 volumus
1005 2741 1176 2814 universis
1201 2741 1334 2836 imperii
1349 2739 1510 2815 fidelibus
1529 2753 1597 2814 tam

186 2868 403 2963 presentibus
421 2889 525 2962 quom
549 2867 690 2952 futuris,
716 2866 813 2960 quod
834 2865 1039 2939 Laurentius
1058 2866 1266 2938 venerabilis
1292 2866 1499 2938 Tricastinos
1523 2869 1597 2960 epi·

187 3013 312 3086 scopus
337 2991 512 3085 quoddam
541 2990 762 3087 privilegium
788 3012 809 3062 a
834 2991 1013 3083 majestate
1042 2998 1159 3062 nostre
1183 2999 1337 3085 tempore
1363 2991 1461 3084 regni
1490 2992 1597 3063 nostri

185 3114 327 3187 ecclesie
345 3135 408 3186 sne
423 3113 558 3186 dudum
578 3116 763 3186 clementor
780 3113 954 3186 indultum
973 3123 1090 3186 nostro
1114 3113 1255 3186 culmini
1275 3115 1503 3208 presentavit,
1532 3115 1596 3185 bu·

186 3239 310 3311 militer
327 3238 525 3332 supplicans
545 3246 579 3310 et
596 3236 775 3310 devotant
792 3237 906 3332 ipsum
925 3238 1094 3310 innovare
1114 3245 1149 3310 et
1165 3237 1364 3331 omniaque
1379 3237 1597 3310 continentur

186 3361 287 3434 ineo
313 3360 516 3434 confirmare
541 3359 586 3435 de
615 3371 729 3434 nostra
748 3362 858 3452 gratia
881 3360 1125 3452 dignaremur3
1155 3364 1254 3453 eujus
1279 3371 1376 3433 tenor
1398 3365 1595 3457 peremnia

187 3485 261 3556 telis
278 3494 357 3557 ost:

234 3609 272 3680 ln
289 3610 428 3681 nomine
443 3617 559 3681 sancte
572 3617 607 3680 et
621 3607 804 3680 individae
817 3608 1004 3679 Trinitatis.
1018 3607 1211 3680 Triderieus
1225 3610 1266 3699 ll,
1283 3609 1403 3681 divina
1416 3609 1595 3682 ordinante

188 3731 366 3804 clementia
380 3733 610 3804 Romanorum
624 3753 688 3803 rex
704 3741 738 3803 et
750 3753 884 3825 semper
897 3743 1084 3824 augustus,
1106 3739 1141 3804 et
1154 3755 1215 3803 rex
1232 3733 1357 3804 Sicilie.
1373 3728 1542 3830 [Sequitur
1556 3737 1595 3806 dc

187 3855 282 3926 umbo
302 3855 348 3926 ad
364 3857 498 3926 nodum
508 3855 726 3948 privilegium
741 3855 826 3948 quod
843 3879 965 3948 supra,
986 3865 1011 3926 t.
1035 3857 1068 3944 l,
1089 3880 1125 3952 p.
1148 3852 1251 3952 338]

233 3979 302 4051 Nos
324 3978 429 4072 igitur
451 3980 512 4073 qui
539 3979 721 4052 Dominum
743 3979 910 4051 habemus
938 4002 998 4073 pre
1020 3981 1147 4070 ceolla,
1174 3991 1209 4052 et
1233 4001 1395 4073 personas
1419 3985 1594 4055 ecclesias·

187 4101 270 4173 ticus
286 4122 328 4173 ao
343 4101 572 4174 ecclesiastica
586 4103 659 4174 loca
675 4101 783 4195 ipsius
807 4099 947 4188 intuitu,
964 4125 1005 4174 ac
1020 4103 1232 4175 humanitate
1254 4103 1354 4175 nobis
1367 4118 1590 4198 suggerente,

188 4223 361 4314 levemus3
382 4224 597 4296 attendentes
614 4222 718 4296 fidem
734 4247 869 4319 puram,
883 4235 919 4297 et
932 4224 1152 4298 devotionem
1168 4227 1336 4298 sinceram
1361 4249 1465 4320 quam
1482 4230 1593 4300 dictus

187 4345 388 4418 laurentius
401 4347 611 4420 Tricastinns
628 4347 827 4442 episcopus,
848 4347 960 4421 fidelis
972 4357 1108 4439 noster,
1130 4349 1176 4422 ad
1192 4351 1377 4442 maiestatis
1392 4362 1504 4423 nostre
1519 4375 1594 4445 per·

188 4487 305 4541 sonam
328 4479 363 4541 et
381 4491 517 4542 sacrum
542 4469 725 4565 imperium
751 4469 873 4558 habet;
900 4469 1010 4565 ipsius
1036 4493 1176 4566 quoque
1207 4473 1515 4567 supplicationibus
1537 4477 1591 4546 in-

189 4591 316 4679 clinati,
343 4593 563 4687 privilegium
590 4593 861 4689 suprascriptum
888 4595 1021 4666 dudum
1047 4595 1220 4667 indultum
1238 4617 1258 4666 a
1278 4597 1452 4687 majestate
1479 4609 1591 4670 nostra

190 4715 338 4807 predicte
362 4716 508 4789 ecclesie
531 4739 594 4790 sne
620 4725 772 4814 tempore
796 4718 891 4811 regni
918 4719 1023 4790 nostri
1045 4718 1090 4791 de
1114 4720 1222 4792 uerbo
1249 4719 1458 4792 adverbum
1488 4722 1589 4793 inseri
