4228 5892
522 545 583 606 too
1024 547 1236 609 ralbblttct
1261 549 1436 610 SECUNDI
1742 557 1822 640 [An.
1840 562 1927 625 1239.

520 679 724 755 necessitate
737 679 976 775 compellimur
991 701 1061 752 non
1081 682 1218 774 deesse;
1240 685 1340 776 cujus
1354 684 1523 775 iustitiam
1537 695 1793 784 propterquam
1815 716 1931 787 perse·

520 805 693 877 cntionem
713 825 751 877 se
773 804 843 900 pati
865 805 1040 899 queritur,
1063 805 1222 900 producit
1244 806 1280 878 in
1306 806 1464 880 medinm
1490 808 1652 882 dominus
1676 811 1860 908 imperator
1884 819 1930 891 ad

520 951 584 1001 sne
601 949 704 1000 cause
725 929 921 1016 munimen,
944 939 1058 1024 preter
1079 951 1244 1024 expresse
1261 931 1474 1025 probationis
1496 931 1642 1024 indicia;
1664 936 1821 1028 vulgaris
1842 942 1930 1014 lame

519 1051 709 1146 presidium
727 1062 762 1124 et
777 1053 1010 1125 testimonium
1030 1054 1201 1148 generalis
1219 1053 1392 1148 opinionis
1411 1054 1590 1128 adducens
1607 1056 1704 1150 quod
1720 1060 1757 1129 in
1777 1061 1929 1134 levorem

520 1176 828 1248 bladiolaneusinm
847 1185 881 1249 et
906 1197 1048 1249 suorum
1067 1177 1269 1270 sequacium
1296 1179 1534 1272 processeritis
1557 1179 1668 1252 taliter
1688 1191 1808 1254 contra
1830 1205 1926 1275 eum;

519 1300 565 1372 ad
585 1299 681 1393 quod
698 1297 910 1372 credendum
932 1299 1013 1371 licet
1029 1299 1222 1394 Apostolico
1236 1298 1337 1372 Sedis
1355 1302 1542 1374 auctoritas
1560 1312 1595 1373 et
1615 1303 1793 1396 religionis
1813 1308 1930 1380 eccle-

519 1424 653 1496 siastice
669 1423 831 1495 sanctitas
847 1442 912 1496 nos
925 1421 1043 1494 induci
1060 1420 1106 1494 de
1125 1421 1215 1494 iacili
1235 1442 1307 1496 nou
1320 1425 1538 1517 permittant,
1555 1425 1606 1496 sic
1621 1435 1736 1498 tannen
1753 1427 1819 1500 boc
1840 1431 1929 1524 peri·

519 1547 635 1618 culose
639 1599 1011 1618 ..........
1029 1565 1190 1618 venamur
1207 1554 1246 1617 nt
1263 1565 1454 1639 gravamen
1476 1547 1629 1620 Ecclesia
1652 1548 1748 1642 quod
1761 1553 1928 1642 generalis

518 1671 636 1765 opinio
650 1669 804 1764 predicat
820 1679 1007 1760 mosomus,
1024 1669 1202 1764 prasertim
1216 1691 1296 1742 cum
1312 1669 1358 1742 ad
1371 1671 1605 1742 testimouium
1621 1672 1776 1744 aecimis
1795 1675 1930 1748 etlam

518 1794 670 1865 favorem
690 1815 757 1866 uon
773 1795 851 1866 levo
867 1793 1078 1888 probationis
1091 1791 1258 1864 indicium
1272 1792 1467 1866 adducatur
1487 1795 1583 1887 quod
1594 1793 1635 1865 G.
1655 1795 1701 1868 de
1713 1797 1929 1892 Moutalongo

517 1917 652 2009 legatus
667 1925 782 1989 vester
795 1915 888 2009 apud
907 1914 1177 1988 Mediolanenses
1197 1915 1396 1988 continuam
1415 1937 1548 1988 moram
1570 1917 1706 1990 babens
1726 1916 1847 1991 fideles
1862 1920 1929 1990 im·

517 2041 603 2134 perii
620 2039 736 2112 modis
749 2038 1048 2132 omnibusquibus
1066 2047 1174 2132 potest
1191 2061 1213 2110 a
1232 2037 1302 2112 lide
1317 2047 1351 2110 et
1364 2039 1548 2112 devotione
1565 2039 1683 2112 debita
1697 2040 1816 2112 nititur
1829 2064 1928 2114 revo-

518 2183 613 2249 care,
633 2171 735 2257 prout
747 2163 812 2235 hec
835 2161 951 2236 omnia
973 2161 1135 2235 dominus
1150 2161 1337 2256 imperator
1351 2161 1428 2233 suis
1444 2161 1564 2234 litteris
1576 2171 1611 2234 et
1626 2163 1811 2236 multorum
1828 2165 1928 2235 tasti-

517 2286 633 2358 monio
650 2284 721 2358 lide
733 2285 918 2378 dignorum
934 2285 1081 2382 probare
1094 2305 1196 2379 posse
1212 2281 1368 2356 conlidit.
1390 2285 1564 2380 Denique,
1582 2285 1796 2358 mndiaeime
1810 2296 1925 2379 pater,

517 2409 617 2484 Sedis
632 2409 825 2507 Apostolice
847 2409 1050 2503 parictem
1073 2408 1110 2480 in
1128 2409 1187 2482 illa
1208 2409 1404 2482 sinceritate
1429 2408 1624 2483 devotionis
1646 2410 1840 2504 appetimus
1860 2432 1927 2504 qua

517 2532 622 2607 iidem
647 2545 797 2608 nostram
825 2532 1010 2626 diligamus
1033 2541 1068 2604 et
1091 2533 1281 2605 Romanam
1309 2531 1499 2604 Ecclesiam
1524 2553 1750 2618 veneremur,
1777 2543 1816 2604 ut
1842 2533 1928 2604 cirm

517 2658 626 2729 morbi
639 2657 810 2752 principia
826 2655 1000 2729 medicina
1016 2655 1137 2729 salutis
1151 2666 1186 2728 et
1198 2655 1400 2728 salubritate
1414 2655 1550 2726 consilii
1567 2655 1727 2728 velociter
1744 2657 1928 2728 occurratis

518 2783 635 2853 necin
661 2781 921 2876 perplexitatem
939 2801 1001 2852 nus
1023 2789 1057 2852 et
1078 2781 1162 2852 alios
1185 2779 1334 2874 prelatos
1351 2779 1502 2852 Ecclesie
1519 2789 1555 2850 et
1570 2780 1658 2852 sacri
1677 2779 1811 2874 imperii
1834 2781 1926 2874 prin·

518 2904 612 2998 cipes
626 2904 830 2999 permittatis
844 2903 972 2976 adduci
988 2912 1043 2994 ut,
1062 2923 1143 2974 cum
1157 2901 1302 2997 imperio
1317 2911 1434 2975 nostro
1448 2903 1550 2994 cnjus
1564 2902 1717 2974 membra
1733 2922 1796 2974 uos
1811 2923 1928 2974 sumus

518 3048 586 3100 nou
604 3029 774 3121 possimus
798 3027 937 3117 deesse,
961 3027 1080 3099 metris
1102 3033 1220 3098 nostre
1242 3024 1427 3120 dispendia
1449 3025 1680 3120 deploremus.
1703 3025 1813 3097 Habet
1837 3026 1927 3098 enim

517 3150 614 3243 quod
628 3151 732 3223 vobis
743 3149 1054 3242 objiciatdominus
1067 3147 1359 3245 imperatorqnod
1373 3147 1460 3222 dum
1474 3170 1538 3243 pro
1557 3148 1796 3220 reiurmetioue
1813 3158 1927 3220 vestra

516 3295 696 3370 personam
715 3274 876 3368 exposuit
895 3282 931 3346 et
948 3272 1125 3346 thesauros
1142 3269 1284 3360 effudit,
1302 3293 1366 3344 nos
1384 3273 1500 3367 ipsum
1520 3271 1627 3344 immo
1643 3271 1813 3366 nosipsos
1828 3271 1926 3344 dese·

516 3418 592 3468 rere
607 3419 676 3470 non
692 3397 865 3492 possimus
881 3417 945 3469 nec
957 3396 1176 3489 aliquatenus
1191 3393 1401 3486 debeamus;
1423 3417 1489 3468 nec
1506 3395 1543 3467 iu
1562 3395 1768 3468 contrarium
1783 3395 1927 3486 alicujus

516 3519 790 3614 exprincipibus
807 3519 932 3593 nostris
955 3519 1041 3592 lalsa
1058 3517 1235 3613 suggestio
1252 3516 1304 3614 (l)
1321 3518 1384 3612 qni
1409 3527 1448 3589 ut
1467 3539 1573 3612 penes
1589 3537 1652 3590 vos
1674 3517 1813 3613 propria
1835 3538 1926 3590 oom-

516 3643 620 3718 moda
638 3651 864 3738 persequatur
882 3643 919 3713 iu
936 3664 1028 3736 aqua
1049 3641 1185 3714 turbida
1208 3641 1333 3737 piscari
1353 3640 1551 3730 desideret,
1568 3661 1630 3714 vos
1648 3639 1811 3731 inducat,
1831 3641 1927 3732 cujus

516 3767 562 3840 ad
577 3767 736 3839 ultimum
753 3767 913 3840 voluntas
928 3765 1122 3840 invenietur
1143 3765 1313 3837 instabilis
1334 3774 1370 3838 et
1387 3764 1541 3860 potentia
1559 3762 1744 3838 deiectius.
1764 3763 1927 3838 Generale

516 3889 644 3961 bunum
663 3899 698 3962 et
713 3889 888 3984 publicam
905 3909 1044 3962 causam
1063 3910 1125 3983 per
1146 3889 1422 3962 reformationem
1444 3887 1539 3984 pacis
1556 3886 1740 3975 attendite,
1760 3886 1926 3981 adquam

515 4020 834 4107 quantumcumque
853 4033 933 4083 cum
951 4012 1142 4084 reverentia
1163 4012 1281 4085 matris
1295 4011 1449 4086 Ecclesia
1471 4022 1508 4084 et
1532 4010 1662 4085 bonore
1684 4009 1773 4084 sacri
1795 4009 1926 4106 imperii

516 4135 704 4232 possimus,
719 4134 864 4208 libenter
876 4133 1050 4208 oderimus
1067 4155 1131 4208 nos
1147 4144 1298 4230 paratos.

550 4375 586 4448 (t)
603 4374 723 4432 Forsitan
737 4373 863 4432 alluditur
883 4372 943 4429 duci
959 4372 1101 4442 bavariae,
1117 4372 1163 4446 qui
1176 4378 1240 4430 tuuc
1254 4371 1381 4448 temporis
1400 4377 1494 4445 partes
1513 4369 1657 4426 Ecclesiae
1675 4368 1713 4424 ita
1731 4365 1925 4424 inblemannia

514 4471 640 4529 tuebatur
650 4478 681 4528 ut
693 4485 792 4530 norum
811 4483 901 4542 regem
914 4469 1000 4527 creari
1015 4473 1181 4542 procuraret.
1199 4467 1259 4526 Vid.
1274 4483 1372 4541 supra,
1387 4484 1417 4542 p.
1438 4469 1501 4524 ιιι.
1515 4465 1544 4524 Si
1557 4480 1602 4522 res
1613 4463 1650 4521 ita
1665 4479 1695 4521 se
1715 4462 1844 4532 baberet,
1859 4461 1926 4518 banc

513 4569 655 4644 epistolam
666 4569 701 4626 ab
712 4568 846 4643 episcopis
853 4567 981 4626 Bemriae
993 4573 1086 4625 contra
1099 4565 1239 4625 albertum
1249 4565 1398 4623 Bobcmum
1413 4562 1557 4639 egentibus
1570 4562 1697 4636 scriptam
1707 4559 1791 4618 luisse
1804 4559 1926 4618 ιιιιιιιιιι

517 4667 689 4726 crediderim.
