4226 5900
186 625 283 684 lenter.
303 619 363 704 13]
631 617 829 679 HISTORIA
855 617 1149 682 precellentes.
1537 620 1598 681 463

235 759 284 829 De
301 755 462 828 mundato
475 754 647 846 imperiali
663 756 753 846 foco
765 775 829 849 per
842 755 1039 846 mopistrom
1057 754 1104 826 R.
1126 755 1165 826 dc
1183 756 1333 846 Trcjecto
1348 756 1485 847 scripsit
1501 755 1540 826 G.
1560 757 1600 826 dc

187 882 368 953 Cossutia:

235 1003 452 1092 Fredericus,
472 1010 556 1092 etc,
574 1000 741 1074 Riccardo
757 1001 802 1074 de
815 1001 1034 1094 Montsnigro
1043 1001 1229 1094 justitiario
1242 1000 1343 1073 Terre
1359 1001 1512 1092 Laboris,
1530 1011 1595 1074 etc.

186 1129 273 1201 Cum
285 1125 494 1200 Fundanum
507 1125 707 1221 episcopum
719 1125 1148 1220 propteriugratitudinem
1162 1133 1197 1198 et
1212 1123 1469 1198 indevotionem
1484 1147 1597 1217 suam,

186 1262 221 1326 et
244 1273 349 1347 quem
373 1249 494 1324 merito
519 1259 716 1345 suspectum
738 1249 926 1342 babemus,
946 1251 984 1321 iu
1005 1271 1113 1344 regno
1139 1257 1253 1322 nostro
1277 1249 1403 1320 morari
1425 1249 1596 1342 nolimus,

186 1375 344 1449 fidelitati
360 1385 421 1446 tue
440 1373 662 1468 precipiendo
683 1373 903 1466 mandamus,
923 1382 1096 1468 quatenus
1113 1372 1260 1467 receptis
1276 1372 1341 1466 bys
1358 1371 1465 1444 literis
1485 1372 1600 1467 ipsum

186 1500 233 1575 de
248 1520 356 1593 regno
382 1499 556 1593 expellas,
575 1497 676 1570 bonis
691 1497 763 1569 suis
782 1497 944 1570 omnibus
963 1496 1147 1588 infiscatis,
1168 1518 1238 1591 que
1256 1517 1317 1589 per
1332 1494 1539 1568 Riccardum
1556 1494 1601 1568 de

186 1625 331 1696 Pulcaro
352 1621 492 1695 fidelem
509 1629 664 1694 nostrum
688 1621 794 1693 saclas
819 1643 898 1693 cum
917 1619 1096 1713 diligentia
1116 1620 1309 1714 procurari,
1329 1619 1417 1690 sicut
1439 1641 1499 1713 per
1520 1641 1601 1692 eum

187 1748 273 1820 alias
305 1755 469 1820 vacantes
501 1744 662 1817 ecclesias
689 1744 938 1836 jurisdictionis
971 1765 1034 1815 sne
1066 1741 1309 1816 mandavimus
1342 1743 1598 1836 procurandas;

187 1891 293 1964 super
315 1869 490 1964 premissis
512 1867 597 1942 illud
623 1867 778 1941 studium
805 1867 987 1940 habiturus
1015 1876 1054 1939 ut
1081 1867 1295 1959 diligentiam
1314 1875 1409 1938 tuam
1433 1887 1479 1937 ex
1498 1889 1602 1962 opere

189 1992 484 2067 commendemus.

236 2119 362 2191 Datum
381 2117 554 2190 incastris
574 2135 680 2211 prope
699 2113 949 2206 Mediolanum,
968 2113 1078 2186 XXlll
1101 2112 1270 2202 octobris,
1292 2112 1369 2185 lllll
1389 2110 1598 2187 indictionis.

242 2695 447 2799 Esuriens,
467 2719 534 2776 rex
553 2693 750 2775 Sardiniae
766 2703 804 2776 et
824 2693 974 2802 imperii
992 2695 1031 2774 in
1054 2693 1162 2776 ltalia
1180 2693 1345 2804 legatus,
1367 2695 1603 2780 universitati
1662 2727 1779 2772 risum

1640 2781 1706 2833 Juxta
1714 2783 1796 2827 flumen

187 2828 349 2911 civitatis
367 2827 445 2910 Esii
468 2836 591 2910 totum
609 2836 647 2908 et
671 2825 863 2935 integrum
881 2825 1104 2908 comitatum
1121 2825 1283 2909 Esinum
1308 2854 1397 2912 oum
1424 2827 1603 2910 omnibus
1663 2836 1774 2932 lffgssfflp

189 2959 272 3070 ejus
290 2958 526 3069 pertinentiis
543 2957 715 3041 concedit
731 2968 769 3040 et
790 2957 1010 3065 confirmat,
1030 2960 1292 3069 promittitque
1315 2961 1420 3070 quod
1437 2986 1602 3070 compo-

190 3093 278 3178 sitio
299 3093 399 3175 inter
425 3092 628 3201 imperium
657 3099 695 3174 et
719 3090 929 3173 Ecclesiam
953 3116 1031 3174 non
1060 3092 1303 3199 interveniet,
1324 3093 1398 3175 nisi
1425 3119 1604 3204 praesens

189 3225 430 3335 privilegium
447 3224 616 3308 Ecclesia
633 3235 760 3306 retum
777 3224 967 3307 habuerit.

272 3427 377 3508 (Edld.
391 3429 588 3503 anussrnr,
603 3427 705 3489 Storia
719 3425 751 3486 di
763 3427 833 3502 leri,
849 3425 1010 3504 uppendleo
1022 3435 1056 3486 n⁰
1069 3426 1108 3501 X,
1129 3443 1160 3504 p.
1176 3427 1248 3491 xvt
1256 3470 1265 3502 ,
1286 3427 1464 3504 quibusdum
1477 3435 1604 3507 praeter-

310 3537 408 3597 missis
419 3536 460 3598 ed
473 3535 680 3597 elucidandum
694 3550 811 3595 sensum
826 3535 925 3594 miuus
944 3533 1141 3614 necessariis.)

240 3707 427 3799 Henrious,
447 3709 510 3781 Dei
528 3717 563 3782 et
582 3707 750 3801 imperiali
766 3706 877 3800 gratia
892 3727 957 3778 rex
976 3705 1135 3779 Sardinia
1155 3715 1190 3778 et
1209 3704 1347 3779 Gallure
1368 3715 1402 3780 et
1424 3708 1512 3780 sacri
1533 3708 1606 3780 im-

193 3833 280 3926 perii
294 3832 399 3906 totius
415 3833 511 3904 ltalia
528 3833 680 3926 legatus,
700 3828 830 3903 domini
850 3829 1067 3926 imperatoris
1082 3829 1186 3902 filius.
1203 3831 1265 3903 Per
1280 3851 1424 3925 presens
1442 3832 1606 3926 scriptum

194 3965 312 4029 notum
328 3956 473 4029 iacimus
489 3956 586 4052 quod
600 3976 677 4046 nos,
696 3963 779 4046 etc,
795 3975 864 4047 que
882 3953 1091 4027 universitas
1107 3954 1257 4028 civitatis
1272 3953 1358 4046 Esii,
1380 3965 1464 4046 ete,
1482 3957 1606 4030 libera·

193 4080 298 4170 litati,
323 4101 370 4152 ex
396 4079 563 4175 imperiali
591 4078 693 4150 nobis
722 4077 925 4150 auctoritate
949 4078 1133 4151 commissa
1158 4077 1300 4165 damus,
1327 4079 1549 4152 concedimus
1573 4093 1608 4152 et

193 4203 436 4277 confirmamus
454 4202 595 4276 domiuo
611 4202 747 4275 sindico
765 4211 798 4274 ot
813 4200 935 4274 nuntio
949 4201 1099 4274 civitatis
1112 4202 1218 4275 Esine
1235 4203 1418 4299 recipienti
1432 4227 1494 4299 pro
1511 4214 1607 4299 parte

192 4327 296 4400 totius
322 4327 557 4399 universitatis
581 4328 674 4418 ejus,
701 4326 738 4395 in
765 4333 992 4418 perpetuum,
1018 4333 1128 4396 totum
1151 4334 1186 4397 et
1210 4325 1384 4420 integrum
1408 4328 1607 4398 comitatum

191 4451 335 4522 Esinnm
347 4472 427 4523 cum
443 4450 575 4543 castris,
591 4449 697 4540 villis,
714 4447 920 4536 castellanis,
938 4447 1079 4520 villanis
1095 4448 1188 4520 intus
1203 4458 1238 4522 et
1255 4451 1338 4522 ioris
1356 4450 1604 4543 habitantibus,

193 4582 228 4644 et
242 4574 343 4647 villas
359 4575 537 4671 Riparum,
557 4572 683 4646 montis
701 4571 877 4662 Turrium,
891 4569 1064 4660 Murrum,
1081 4570 1305 4665 Albarellum,
1323 4583 1473 4646 montem
1491 4575 1606 4646 Sancti

190 4697 260 4769 Viti
287 4708 321 4772 et
343 4707 452 4772 totum
477 4706 512 4770 et
541 4697 714 4791 integrum
741 4694 938 4767 districtum
963 4694 1044 4766 olim
1072 4717 1093 4768 a
1116 4697 1290 4769 communi
1319 4697 1514 4792 Senogallie
1541 4698 1607 4794 ipsi
