<?xml version="1.0" encoding="UTF-8"?>
<!DOCTYPE html PUBLIC "-//W3C//DTD XHTML 1.0 Transitional//EN"
    "http://www.w3.org/TR/xhtml1/DTD/xhtml1-transitional.dtd">
<html xmlns="http://www.w3.org/1999/xhtml" xml:lang="en" lang="en">
 <head>
  <title>
</title>
<meta http-equiv="Content-Type" content="text/html;charset=utf-8" />
  <meta name='ocr-system' content='tesseract 3.04.00' />
  <meta name='ocr-capabilities' content='ocr_page ocr_carea ocr_par ocr_line ocrx_word'/>
</head>
<body>
  <div class='ocr_page' id='page_1' title='image "./historiadiploma02fredgoog_0209.png"; bbox 0 0 4242 5904; ppageno 0'>
   <div class='ocr_carea' id='block_1_1' title="bbox 485 625 1887 740">
    <p class='ocr_par' dir='ltr' id='par_1_1' title="bbox 485 625 1887 740">
     <span class='ocr_line' id='line_1_1' title="bbox 485 625 1887 740; baseline 0.005 -29"><span class='ocrx_word' id='word_1_1' title='bbox 485 625 544 712; x_wconf 83' lang='lat' dir='ltr'><strong>tes</strong></span> <span class='ocrx_word' id='word_1_2' title='bbox 982 651 1194 715; x_wconf 84' lang='lat' dir='ltr'><strong>rnrnnurcr</strong></span> <span class='ocrx_word' id='word_1_3' title='bbox 1219 653 1393 716; x_wconf 82' lang='lat' dir='ltr'><strong>sncuuos</strong></span> <span class='ocrx_word' id='word_1_4' title='bbox 1704 654 1783 740; x_wconf 62' lang='lat' dir='ltr'><strong>[aaa.</strong></span> <span class='ocrx_word' id='word_1_5' title='bbox 1802 657 1887 722; x_wconf 77' lang='lat' dir='ltr'><strong>ress.</strong></span> 
     </span>
    </p>
   </div>
   <div class='ocr_carea' id='block_1_2' title="bbox 479 781 1892 1502">
    <p class='ocr_par' dir='ltr' id='par_1_2' title="bbox 479 781 1892 1370">
     <span class='ocr_line' id='line_1_2' title="bbox 531 781 1891 864; baseline 0.007 -8"><span class='ocrx_word' id='word_1_6' title='bbox 531 781 617 856; x_wconf 80' lang='lat' dir='ltr'><strong>Acta</strong></span> <span class='ocrx_word' id='word_1_7' title='bbox 632 791 714 855; x_wconf 90' lang='lat' dir='ltr'><strong>sunt</strong></span> <span class='ocrx_word' id='word_1_8' title='bbox 730 783 796 856; x_wconf 92' lang='lat' dir='ltr'><strong>hec</strong></span> <span class='ocrx_word' id='word_1_9' title='bbox 811 804 902 856; x_wconf 90' lang='lat' dir='ltr'><strong>anuo</strong></span> <span class='ocrx_word' id='word_1_10' title='bbox 919 783 1091 858; x_wconf 92' lang='lat' dir='ltr'><strong>dominice</strong></span> <span class='ocrx_word' id='word_1_11' title='bbox 1109 786 1354 861; x_wconf 88' lang='lat' dir='ltr'><strong>iucarnationis</strong></span> <span class='ocrx_word' id='word_1_12' title='bbox 1373 787 1551 861; x_wconf 91' lang='lat' dir='ltr'><strong>millesimo</strong></span> <span class='ocrx_word' id='word_1_13' title='bbox 1571 786 1808 864; x_wconf 89' lang='lat' dir='ltr'><strong>ducentesimo</strong></span> <span class='ocrx_word' id='word_1_14' title='bbox 1825 789 1891 864; x_wconf 87' lang='lat' dir='ltr'><strong>tri-</strong></span> 
     </span>
     <span class='ocr_line' id='line_1_3' title="bbox 483 907 1891 1007; baseline 0.007 -29"><span class='ocrx_word' id='word_1_15' title='bbox 483 907 612 979; x_wconf 88' lang='lat' dir='ltr'><strong>cesimo</strong></span> <span class='ocrx_word' id='word_1_16' title='bbox 639 917 779 994; x_wconf 89' lang='lat' dir='ltr'><strong>octavo,</strong></span> <span class='ocrx_word' id='word_1_17' title='bbox 798 929 917 980; x_wconf 91' lang='lat' dir='ltr'><strong>mense</strong></span> <span class='ocrx_word' id='word_1_18' title='bbox 933 908 1067 1002; x_wconf 76' lang='lat' dir='ltr'>aprilis,</span> <span class='ocrx_word' id='word_1_19' title='bbox 1088 909 1274 984; x_wconf 88' lang='lat' dir='ltr'><strong>undecima</strong></span> <span class='ocrx_word' id='word_1_20' title='bbox 1304 910 1515 1002; x_wconf 90' lang='lat' dir='ltr'><strong>indictione,</strong></span> <span class='ocrx_word' id='word_1_21' title='bbox 1534 911 1725 1007; x_wconf 88' lang='lat' dir='ltr'><strong>imperante</strong></span> <span class='ocrx_word' id='word_1_22' title='bbox 1750 913 1891 988; x_wconf 91' lang='lat' dir='ltr'><strong>domino</strong></span> 
     </span>
     <span class='ocr_line' id='line_1_4' title="bbox 479 1029 1892 1132; baseline 0.007 -32"><span class='ocrx_word' id='word_1_23' title='bbox 479 1035 599 1101; x_wconf 87' lang='lat' dir='ltr'><strong>&#39;nostro</strong></span> <span class='ocrx_word' id='word_1_24' title='bbox 616 1029 809 1120; x_wconf 88' lang='lat' dir='ltr'><strong>Frederico,</strong></span> <span class='ocrx_word' id='word_1_25' title='bbox 828 1029 891 1100; x_wconf 90' lang='lat' dir='ltr'><strong>Dei</strong></span> <span class='ocrx_word' id='word_1_26' title='bbox 909 1033 1017 1123; x_wconf 80' lang='lat' dir='ltr'><strong>gratia</strong></span> <span class='ocrx_word' id='word_1_27' title='bbox 1035 1031 1261 1107; x_wconf 89' lang='lat' dir='ltr'><strong>invictissimo</strong></span> <span class='ocrx_word' id='word_1_28' title='bbox 1277 1035 1508 1106; x_wconf 85' lang='lat' dir='ltr'><strong>Romanorum</strong></span> <span class='ocrx_word' id='word_1_29' title='bbox 1530 1034 1734 1130; x_wconf 74' lang='lat' dir='ltr'><strong>imperatore</strong></span> <span class='ocrx_word' id='word_1_30' title='bbox 1754 1057 1892 1132; x_wconf 88' lang='lat' dir='ltr'><strong>semper</strong></span> 
     </span>
     <span class='ocr_line' id='line_1_5' title="bbox 482 1153 1887 1253; baseline 0.007 -29"><span class='ocrx_word' id='word_1_31' title='bbox 482 1157 652 1243; x_wconf 79' lang='lat' dir='ltr'><strong>augusto,</strong></span> <span class='ocrx_word' id='word_1_32' title='bbox 683 1153 866 1224; x_wconf 82' lang='lat' dir='ltr'>Ierusalem</span> <span class='ocrx_word' id='word_1_33' title='bbox 889 1162 925 1224; x_wconf 89' lang='lat' dir='ltr'><strong>et</strong></span> <span class='ocrx_word' id='word_1_34' title='bbox 945 1153 1060 1226; x_wconf 82' lang='lat' dir='ltr'><strong>Sicilie</strong></span> <span class='ocrx_word' id='word_1_35' title='bbox 1085 1175 1186 1250; x_wconf 80' lang='lat' dir='ltr'><strong>roge,</strong></span> <span class='ocrx_word' id='word_1_36' title='bbox 1210 1156 1347 1252; x_wconf 89' lang='lat' dir='ltr'><strong>imperii</strong></span> <span class='ocrx_word' id='word_1_37' title='bbox 1369 1157 1444 1250; x_wconf 91' lang='lat' dir='ltr'><strong>ejus</strong></span> <span class='ocrx_word' id='word_1_38' title='bbox 1470 1178 1562 1230; x_wconf 87' lang='lat' dir='ltr'><strong>anno</strong></span> <span class='ocrx_word' id='word_1_39' title='bbox 1584 1157 1719 1232; x_wconf 89' lang='lat' dir='ltr'><strong>decimo</strong></span> <span class='ocrx_word' id='word_1_40' title='bbox 1744 1169 1887 1253; x_wconf 83' lang='lat' dir='ltr'><strong>octavo,</strong></span> 
     </span>
     <span class='ocr_line' id='line_1_6' title="bbox 480 1273 1691 1370; baseline 0.005 -24"><span class='ocrx_word' id='word_1_41' title='bbox 480 1275 579 1366; x_wconf 79' lang='lat' dir='ltr'><strong>regni</strong></span> <span class='ocrx_word' id='word_1_42' title='bbox 596 1274 809 1348; x_wconf 84' lang='lat' dir='ltr'><strong>Hierusalem</strong></span> <span class='ocrx_word' id='word_1_43' title='bbox 825 1273 930 1364; x_wconf 85' lang='lat' dir='ltr'><strong>Xlll⁰,</strong></span> <span class='ocrx_word' id='word_1_44' title='bbox 950 1277 1049 1370; x_wconf 76' lang='lat' dir='ltr'><strong>regni</strong></span> <span class='ocrx_word' id='word_1_45' title='bbox 1063 1299 1147 1352; x_wconf 84' lang='lat' dir='ltr'><strong>vero</strong></span> <span class='ocrx_word' id='word_1_46' title='bbox 1162 1279 1278 1352; x_wconf 87' lang='lat' dir='ltr'><strong>Sicilie</strong></span> <span class='ocrx_word' id='word_1_47' title='bbox 1291 1281 1378 1370; x_wconf 71' lang='lat' dir='ltr'>XL0,</span> <span class='ocrx_word' id='word_1_48' title='bbox 1394 1281 1551 1356; x_wconf 77' lang='lat' dir='ltr'><strong>feliciter.</strong></span> <span class='ocrx_word' id='word_1_49' title='bbox 1568 1279 1691 1354; x_wconf 79' lang='lat' dir='ltr'><strong>Amen.</strong></span> 
     </span>
    </p>

    <p class='ocr_par' dir='ltr' id='par_1_3' title="bbox 513 1397 1734 1502">
     <span class='ocr_line' id='line_1_7' title="bbox 513 1397 1734 1502; baseline 0.005 -30"><span class='ocrx_word' id='word_1_50' title='bbox 513 1401 653 1472; x_wconf 76' lang='lat' dir='ltr'><strong>‘Datum</strong></span> <span class='ocrx_word' id='word_1_51' title='bbox 671 1397 768 1494; x_wconf 88' lang='lat' dir='ltr'><strong>apud</strong></span> <span class='ocrx_word' id='word_1_52' title='bbox 783 1400 990 1490; x_wconf 86' lang='lat' dir='ltr'><strong>Taurinum,</strong></span> <span class='ocrx_word' id='word_1_53' title='bbox 1008 1422 1119 1496; x_wconf 88' lang='lat' dir='ltr'><strong>anno,</strong></span> <span class='ocrx_word' id='word_1_54' title='bbox 1137 1423 1257 1477; x_wconf 88' lang='lat' dir='ltr'><strong>mense</strong></span> <span class='ocrx_word' id='word_1_55' title='bbox 1271 1413 1306 1478; x_wconf 90' lang='lat' dir='ltr'><strong>et</strong></span> <span class='ocrx_word' id='word_1_56' title='bbox 1322 1403 1509 1478; x_wconf 85' lang='lat' dir='ltr'><strong>indictione</strong></span> <span class='ocrx_word' id='word_1_57' title='bbox 1523 1405 1734 1502; x_wconf 89' lang='lat' dir='ltr'><strong>prescriptis.</strong></span> 
     </span>
    </p>
   </div>
   <div class='ocr_carea' id='block_1_3' title="bbox 321 2000 1884 2377">
    <p class='ocr_par' dir='ltr' id='par_1_4' title="bbox 321 2000 1884 2377">
     <span class='ocr_line' id='line_1_8' title="bbox 321 2000 1884 2121; baseline 0.001 -36"><span class='ocrx_word' id='word_1_58' title='bbox 321 2034 339 2119; x_wconf 54' lang='grc' dir='ltr'><strong><em>ς</em></strong></span> <span class='ocrx_word' id='word_1_59' title='bbox 375 2035 411 2121; x_wconf 34' lang='grc' dir='ltr'><strong>ι..</strong></span> <span class='ocrx_word' id='word_1_60' title='bbox 529 2001 766 2107; x_wconf 87' lang='lat' dir='ltr'><strong>Fridericus‚</strong></span> <span class='ocrx_word' id='word_1_61' title='bbox 790 2001 1052 2086; x_wconf 87' lang='lat' dir='ltr'><strong>Romanorum</strong></span> <span class='ocrx_word' id='word_1_62' title='bbox 1078 2001 1298 2110; x_wconf 80' lang='lat' dir='ltr'><strong>imperator,</strong></span> <span class='ocrx_word' id='word_1_63' title='bbox 1327 2000 1495 2113; x_wconf 80' lang='lat' dir='ltr'><strong>Aymaro</strong></span> <span class='ocrx_word' id='word_1_64' title='bbox 1520 2002 1782 2086; x_wconf 87' lang='lat' dir='ltr'><strong>Ebreduuensi</strong></span> <span class='ocrx_word' id='word_1_65' title='bbox 1814 2031 1884 2088; x_wconf 85' lang='lat' dir='ltr'><strong>ar-</strong></span> 
     </span>
     <span class='ocr_line' id='line_1_9' title="bbox 476 2132 1884 2246; baseline 0.001 -27"><span class='ocrx_word' id='word_1_66' title='bbox 476 2135 714 2244; x_wconf 89' lang='lat' dir='ltr'><strong>chiepiscopo</strong></span> <span class='ocrx_word' id='word_1_67' title='bbox 732 2133 783 2216; x_wconf 89' lang='lat' dir='ltr'><strong>ad</strong></span> <span class='ocrx_word' id='word_1_68' title='bbox 799 2132 1050 2242; x_wconf 80' lang='lat' dir='ltr'><strong>praesentiam</strong></span> <span class='ocrx_word' id='word_1_69' title='bbox 1072 2158 1184 2216; x_wconf 89' lang='lat' dir='ltr'><strong>suem</strong></span> <span class='ocrx_word' id='word_1_70' title='bbox 1215 2134 1406 2218; x_wconf 81' lang='lat' dir='ltr'><strong>accedenti</strong></span> <span class='ocrx_word' id='word_1_71' title='bbox 1435 2135 1565 2218; x_wconf 91' lang='lat' dir='ltr'><strong>omnia</strong></span> <span class='ocrx_word' id='word_1_72' title='bbox 1590 2135 1788 2246; x_wconf 85' lang='lat' dir='ltr'><strong>privilegia</strong></span> <span class='ocrx_word' id='word_1_73' title='bbox 1814 2161 1884 2220; x_wconf 91' lang='lat' dir='ltr'><strong>ec-</strong></span> 
     </span>
     <span class='ocr_line' id='line_1_10' title="bbox 475 2266 1255 2377; baseline -0.003 -25"><span class='ocrx_word' id='word_1_74' title='bbox 475 2269 611 2352; x_wconf 90' lang='lat' dir='ltr'><strong>clesiae</strong></span> <span class='ocrx_word' id='word_1_75' title='bbox 628 2267 800 2377; x_wconf 85' lang='lat' dir='ltr'><strong>ejusdem</strong></span> <span class='ocrx_word' id='word_1_76' title='bbox 817 2276 974 2351; x_wconf 84' lang='lat' dir='ltr'><strong>renovat</strong></span> <span class='ocrx_word' id='word_1_77' title='bbox 988 2277 1026 2350; x_wconf 87' lang='lat' dir='ltr'><strong>et</strong></span> <span class='ocrx_word' id='word_1_78' title='bbox 1042 2266 1255 2350; x_wconf 87' lang='lat' dir='ltr'><strong>confirmat.</strong></span> 
     </span>
    </p>
   </div>
   <div class='ocr_carea' id='block_1_4' title="bbox 556 2466 1882 2760">
    <p class='ocr_par' dir='ltr' id='par_1_5' title="bbox 556 2466 1882 2760">
     <span class='ocr_line' id='line_1_11' title="bbox 556 2466 1880 2549; baseline 0.002 -18"><span class='ocrx_word' id='word_1_79' title='bbox 556 2468 727 2549; x_wconf 84' lang='lat' dir='ltr'><strong>(Memorat.</strong></span> <span class='ocrx_word' id='word_1_80' title='bbox 741 2485 791 2548; x_wconf 88' lang='lat' dir='ltr'><strong>ap.</strong></span> <span class='ocrx_word' id='word_1_81' title='bbox 805 2471 984 2532; x_wconf 82' lang='lat' dir='ltr'><strong>Mtucsnnrn</strong></span> <span class='ocrx_word' id='word_1_82' title='bbox 1001 2469 1158 2548; x_wconf 79' lang='lat' dir='ltr'><strong>Fonnrsu,</strong></span> <span class='ocrx_word' id='word_1_83' title='bbox 1178 2466 1289 2530; x_wconf 79' lang='lat' dir='ltr'><strong>dcccl.</strong></span> <span class='ocrx_word' id='word_1_84' title='bbox 1305 2467 1455 2532; x_wconf 79' lang='lat' dir='ltr'><strong>Elrcdan.</strong></span> <span class='ocrx_word' id='word_1_85' title='bbox 1471 2467 1565 2532; x_wconf 76' lang='lat' dir='ltr'><strong>eccles.</strong></span> <span class='ocrx_word' id='word_1_86' title='bbox 1585 2471 1672 2534; x_wconf 84' lang='lat' dir='ltr'><strong>MSS.</strong></span> <span class='ocrx_word' id='word_1_87' title='bbox 1693 2476 1725 2532; x_wconf 88' lang='lat' dir='ltr'><strong>in</strong></span> <span class='ocrx_word' id='word_1_88' title='bbox 1743 2471 1880 2535; x_wconf 86' lang='lat' dir='ltr'><strong>lllblloth.</strong></span> 
     </span>
     <span class='ocr_line' id='line_1_12' title="bbox 593 2573 1882 2656; baseline 0.005 -21"><span class='ocrx_word' id='word_1_89' title='bbox 593 2574 765 2652; x_wconf 81' lang='lat' dir='ltr'><strong>carpentur.</strong></span> <span class='ocrx_word' id='word_1_90' title='bbox 775 2575 952 2636; x_wconf 86' lang='lat' dir='ltr'><strong>-Nomiua</strong></span> <span class='ocrx_word' id='word_1_91' title='bbox 960 2576 1081 2635; x_wconf 87' lang='lat' dir='ltr'><strong>testium</strong></span> <span class='ocrx_word' id='word_1_92' title='bbox 1090 2577 1120 2634; x_wconf 89' lang='lat' dir='ltr'><strong>et</strong></span> <span class='ocrx_word' id='word_1_93' title='bbox 1133 2573 1323 2636; x_wconf 89' lang='lat' dir='ltr'><strong>lndlctlenem</strong></span> <span class='ocrx_word' id='word_1_94' title='bbox 1337 2577 1475 2636; x_wconf 89' lang='lat' dir='ltr'><strong>mendose</strong></span> <span class='ocrx_word' id='word_1_95' title='bbox 1488 2579 1520 2637; x_wconf 90' lang='lat' dir='ltr'><strong>ln</strong></span> <span class='ocrx_word' id='word_1_96' title='bbox 1533 2576 1590 2637; x_wconf 92' lang='lat' dir='ltr'><strong>hoc</strong></span> <span class='ocrx_word' id='word_1_97' title='bbox 1601 2577 1702 2639; x_wconf 87' lang='lat' dir='ltr'><strong>codice</strong></span> <span class='ocrx_word' id='word_1_98' title='bbox 1715 2593 1882 2656; x_wconf 75' lang='lat' dir='ltr'><strong>expressam</strong></span> 
     </span>
     <span class='ocr_line' id='line_1_13' title="bbox 593 2679 802 2760; baseline 0.005 -19"><span class='ocrx_word' id='word_1_99' title='bbox 593 2679 802 2760; x_wconf 82' lang='lat' dir='ltr'><strong>correximus.)</strong></span> 
     </span>
    </p>
   </div>
   <div class='ocr_carea' id='block_1_5' title="bbox 470 2853 1882 3201">
    <p class='ocr_par' dir='ltr' id='par_1_6' title="bbox 470 2853 1882 3201">
     <span class='ocr_line' id='line_1_14' title="bbox 520 2853 1882 2950; baseline -0.001 -22"><span class='ocrx_word' id='word_1_100' title='bbox 520 2856 632 2950; x_wconf 75' lang='lat' dir='ltr'><strong>Huius</strong></span> <span class='ocrx_word' id='word_1_101' title='bbox 648 2856 700 2929; x_wconf 89' lang='lat' dir='ltr'><strong>rei</strong></span> <span class='ocrx_word' id='word_1_102' title='bbox 714 2864 818 2930; x_wconf 89' lang='lat' dir='ltr'><strong>testes</strong></span> <span class='ocrx_word' id='word_1_103' title='bbox 834 2864 916 2928; x_wconf 89' lang='lat' dir='ltr'><strong>sunt</strong></span> <span class='ocrx_word' id='word_1_104' title='bbox 929 2881 938 2926; x_wconf 76' lang='grc' dir='ltr'>ι</span> <span class='ocrx_word' id='word_1_105' title='bbox 953 2855 1105 2930; x_wconf 88' lang='lat' dir='ltr'><strong>loannes</strong></span> <span class='ocrx_word' id='word_1_106' title='bbox 1115 2853 1322 2928; x_wconf 81' lang='lat' dir='ltr'><strong>Viennensis</strong></span> <span class='ocrx_word' id='word_1_107' title='bbox 1338 2853 1639 2950; x_wconf 82' lang='lat' dir='ltr'><strong>archiepiscopus,</strong></span> <span class='ocrx_word' id='word_1_108' title='bbox 1657 2853 1779 2927; x_wconf 88' lang='lat' dir='ltr'><strong>Petrus</strong></span> <span class='ocrx_word' id='word_1_109' title='bbox 1794 2853 1882 2928; x_wconf 87' lang='lat' dir='ltr'><strong>Gra-</strong></span> 
     </span>
     <span class='ocr_line' id='line_1_15' title="bbox 471 2977 1881 3078; baseline -0.003 -24"><span class='ocrx_word' id='word_1_110' title='bbox 471 2981 739 3078; x_wconf 88' lang='lat' dir='ltr'><strong>tianopolitanus</strong></span> <span class='ocrx_word' id='word_1_111' title='bbox 768 2979 976 3076; x_wconf 86' lang='lat' dir='ltr'><strong>episcopus,</strong></span> <span class='ocrx_word' id='word_1_112' title='bbox 1005 2978 1159 3074; x_wconf 80' lang='lat' dir='ltr'><strong>Hugulic</strong></span> <span class='ocrx_word' id='word_1_113' title='bbox 1176 2977 1396 3051; x_wconf 83' lang='lat' dir='ltr'><strong>&#39;laurinensis</strong></span> <span class='ocrx_word' id='word_1_114' title='bbox 1425 2977 1626 3073; x_wconf 88' lang='lat' dir='ltr'><strong>episcopus,</strong></span> <span class='ocrx_word' id='word_1_115' title='bbox 1656 2977 1881 3075; x_wconf 90' lang='lat' dir='ltr'><strong>Pandulphus</strong></span> 
     </span>
     <span class='ocr_line' id='line_1_16' title="bbox 470 3101 1881 3201; baseline -0.004 -21"><span class='ocrx_word' id='word_1_116' title='bbox 470 3106 645 3180; x_wconf 87' lang='lat' dir='ltr'><strong>Pactensis</strong></span> <span class='ocrx_word' id='word_1_117' title='bbox 657 3105 881 3201; x_wconf 87' lang='lat' dir='ltr'><strong>[episcopus],</strong></span> <span class='ocrx_word' id='word_1_118' title='bbox 900 3103 1099 3178; x_wconf 90' lang='lat' dir='ltr'><strong>Bcuilacius</strong></span> <span class='ocrx_word' id='word_1_119' title='bbox 1114 3101 1356 3178; x_wconf 83' lang='lat' dir='ltr'><strong>Montislerrati</strong></span> <span class='ocrx_word' id='word_1_120' title='bbox 1371 3103 1544 3194; x_wconf 88' lang='lat' dir='ltr'><strong>marchio,</strong></span> <span class='ocrx_word' id='word_1_121' title='bbox 1565 3101 1768 3176; x_wconf 87' lang='lat' dir='ltr'><strong>ltlaniredus</strong></span> <span class='ocrx_word' id='word_1_122' title='bbox 1786 3123 1881 3176; x_wconf 87' lang='lat' dir='ltr'><strong>mar-</strong></span> 
     </span>
    </p>
   </div>
   <div class='ocr_carea' id='block_1_6' title="bbox 470 3224 1879 3436">
    <p class='ocr_par' dir='ltr' id='par_1_7' title="bbox 470 3224 1879 3436">
     <span class='ocr_line' id='line_1_17' title="bbox 470 3224 1083 3327; baseline -0.008 -23"><span class='ocrx_word' id='word_1_123' title='bbox 470 3229 549 3304; x_wconf 92' lang='lat' dir='ltr'><strong>chio</strong></span> <span class='ocrx_word' id='word_1_124' title='bbox 560 3230 672 3302; x_wconf 77' lang='lat' dir='ltr'><strong>laum</strong></span> <span class='ocrx_word' id='word_1_125' title='bbox 685 3224 735 3327; x_wconf 91' lang='lat' dir='ltr'><strong>[et</strong></span> <span class='ocrx_word' id='word_1_126' title='bbox 751 3228 810 3301; x_wconf 88' lang='lat' dir='ltr'><strong>alii</strong></span> <span class='ocrx_word' id='word_1_127' title='bbox 828 3225 1083 3325; x_wconf 89' lang='lat' dir='ltr'><strong>quamplures].</strong></span> 
     </span>
     <span class='ocr_line' id='line_1_18' title="bbox 516 3347 1879 3436; baseline -0.001 -10"><span class='ocrx_word' id='word_1_128' title='bbox 516 3351 604 3426; x_wconf 83' lang='lat' dir='ltr'><strong>Acta</strong></span> <span class='ocrx_word' id='word_1_129' title='bbox 624 3361 707 3426; x_wconf 89' lang='lat' dir='ltr'><strong>suut</strong></span> <span class='ocrx_word' id='word_1_130' title='bbox 728 3351 794 3426; x_wconf 92' lang='lat' dir='ltr'><strong>hec</strong></span> <span class='ocrx_word' id='word_1_131' title='bbox 812 3372 904 3426; x_wconf 88' lang='lat' dir='ltr'><strong>auno</strong></span> <span class='ocrx_word' id='word_1_132' title='bbox 925 3350 1102 3424; x_wconf 89' lang='lat' dir='ltr'><strong>dominice</strong></span> <span class='ocrx_word' id='word_1_133' title='bbox 1124 3349 1367 3422; x_wconf 89' lang='lat' dir='ltr'><strong>incarnationis</strong></span> <span class='ocrx_word' id='word_1_134' title='bbox 1391 3349 1439 3422; x_wconf 89' lang='grc' dir='ltr'><strong>Μ.</strong></span> <span class='ocrx_word' id='word_1_135' title='bbox 1459 3347 1520 3422; x_wconf 88' lang='lat' dir='ltr'><strong>CC.</strong></span> <span class='ocrx_word' id='word_1_136' title='bbox 1542 3348 1733 3436; x_wconf 83' lang='lat' dir='ltr'><strong>xxxvltt,</strong></span> <span class='ocrx_word' id='word_1_137' title='bbox 1760 3369 1879 3424; x_wconf 90' lang='lat' dir='ltr'><strong>mense</strong></span> 
     </span>
    </p>
   </div>
   <div class='ocr_carea' id='block_1_7' title="bbox 468 3471 1876 3813">
    <p class='ocr_par' dir='ltr' id='par_1_8' title="bbox 468 3471 1876 3813">
     <span class='ocr_line' id='line_1_19' title="bbox 468 3471 1876 3573; baseline -0.001 -23"><span class='ocrx_word' id='word_1_138' title='bbox 468 3477 603 3573; x_wconf 89' lang='lat' dir='ltr'><strong>aprilis,</strong></span> <span class='ocrx_word' id='word_1_139' title='bbox 621 3475 810 3552; x_wconf 91' lang='lat' dir='ltr'><strong>indictione</strong></span> <span class='ocrx_word' id='word_1_140' title='bbox 828 3476 897 3568; x_wconf 87' lang='lat' dir='ltr'><strong>XI,</strong></span> <span class='ocrx_word' id='word_1_141' title='bbox 912 3475 1104 3572; x_wconf 89' lang='lat' dir='ltr'><strong>imperante</strong></span> <span class='ocrx_word' id='word_1_142' title='bbox 1120 3473 1261 3548; x_wconf 91' lang='lat' dir='ltr'><strong>domiuo</strong></span> <span class='ocrx_word' id='word_1_143' title='bbox 1277 3483 1394 3546; x_wconf 92' lang='lat' dir='ltr'><strong>nostro</strong></span> <span class='ocrx_word' id='word_1_144' title='bbox 1410 3471 1596 3547; x_wconf 85' lang='lat' dir='ltr'><strong>Fredcrico</strong></span> <span class='ocrx_word' id='word_1_145' title='bbox 1609 3471 1777 3560; x_wconf 87' lang='lat' dir='ltr'><strong>secundo,</strong></span> <span class='ocrx_word' id='word_1_146' title='bbox 1792 3483 1876 3566; x_wconf 79' lang='lat' dir='ltr'><strong>etc,</strong></span> 
     </span>
     <span class='ocr_line' id='line_1_20' title="bbox 469 3596 1825 3698; baseline -0.001 -26"><span class='ocrx_word' id='word_1_147' title='bbox 469 3601 606 3698; x_wconf 91' lang='lat' dir='ltr'><strong>imperii</strong></span> <span class='ocrx_word' id='word_1_148' title='bbox 623 3601 698 3693; x_wconf 88' lang='lat' dir='ltr'><strong>ejns</strong></span> <span class='ocrx_word' id='word_1_149' title='bbox 715 3621 808 3674; x_wconf 90' lang='lat' dir='ltr'><strong>auno</strong></span> <span class='ocrx_word' id='word_1_150' title='bbox 825 3599 955 3690; x_wconf 88' lang='lat' dir='ltr'><strong>Xlllll,</strong></span> <span class='ocrx_word' id='word_1_151' title='bbox 970 3599 1072 3691; x_wconf 81' lang='lat' dir='ltr'><strong>regni</strong></span> <span class='ocrx_word' id='word_1_152' title='bbox 1087 3597 1275 3672; x_wconf 82' lang='lat' dir='ltr'><strong>Jerusalem</strong></span> <span class='ocrx_word' id='word_1_153' title='bbox 1291 3597 1389 3690; x_wconf 87' lang='lat' dir='ltr'><strong>Xlll,</strong></span> <span class='ocrx_word' id='word_1_154' title='bbox 1406 3597 1505 3692; x_wconf 80' lang='lat' dir='ltr'><strong>regni</strong></span> <span class='ocrx_word' id='word_1_155' title='bbox 1522 3617 1605 3672; x_wconf 84' lang='lat' dir='ltr'><strong>vero</strong></span> <span class='ocrx_word' id='word_1_156' title='bbox 1622 3596 1739 3669; x_wconf 90' lang='lat' dir='ltr'><strong>Sicilie</strong></span> <span class='ocrx_word' id='word_1_157' title='bbox 1754 3597 1825 3670; x_wconf 88' lang='lat' dir='ltr'><strong>XL.</strong></span> 
     </span>
     <span class='ocr_line' id='line_1_21' title="bbox 516 3723 901 3813; baseline -0.003 -17"><span class='ocrx_word' id='word_1_158' title='bbox 516 3726 641 3798; x_wconf 88' lang='lat' dir='ltr'><strong>Datum</strong></span> <span class='ocrx_word' id='word_1_159' title='bbox 654 3723 795 3798; x_wconf 83' lang='lat' dir='ltr'><strong>Taurini</strong></span> <span class='ocrx_word' id='word_1_160' title='bbox 806 3777 817 3813; x_wconf 93' lang='lat'>‚</span> <span class='ocrx_word' id='word_1_161' title='bbox 835 3731 901 3796; x_wconf 86' lang='lat' dir='ltr'><strong>otc.</strong></span> 
     </span>
    </p>
   </div>
   <div class='ocr_carea' id='block_1_8' title="bbox 277 4305 1875 4686">
    <p class='ocr_par' dir='ltr' id='par_1_9' title="bbox 277 4305 1875 4686">
     <span class='ocr_line' id='line_1_22' title="bbox 314 4305 1875 4457; baseline -0.004 -62"><span class='ocrx_word' id='word_1_162' title='bbox 314 4359 378 4457; x_wconf 71' lang='lat' dir='ltr'><strong>&#39;ll&#39;</strong></span> <span class='ocrx_word' id='word_1_163' title='bbox 517 4311 750 4418; x_wconf 85' lang='lat' dir='ltr'><strong>Fridericus,</strong></span> <span class='ocrx_word' id='word_1_164' title='bbox 769 4309 1030 4394; x_wconf 86' lang='lat' dir='ltr'><strong>Romanorum</strong></span> <span class='ocrx_word' id='word_1_165' title='bbox 1056 4307 1277 4418; x_wconf 83' lang='lat' dir='ltr'><strong>imperator,</strong></span> <span class='ocrx_word' id='word_1_166' title='bbox 1296 4306 1470 4391; x_wconf 89' lang='lat' dir='ltr'><strong>homines</strong></span> <span class='ocrx_word' id='word_1_167' title='bbox 1499 4305 1601 4391; x_wconf 88' lang='lat' dir='ltr'><strong>Kerii</strong></span> <span class='ocrx_word' id='word_1_168' title='bbox 1628 4305 1759 4389; x_wconf 90' lang='lat' dir='ltr'><strong>fideles</strong></span> <span class='ocrx_word' id='word_1_169' title='bbox 1785 4331 1875 4391; x_wconf 92' lang='lat' dir='ltr'><strong>suos</strong></span> 
     </span>
     <span class='ocr_line' id='line_1_23' title="bbox 277 4411 1873 4554; baseline -0.007 -21"><span class='ocrx_word' id='word_1_170' title='bbox 277 4411 415 4522; x_wconf 52' lang='lat' dir='ltr'><strong>&#39;&#39;ffrrff’</strong></span> <span class='ocrx_word' id='word_1_171' title='bbox 465 4445 671 4532; x_wconf 81' lang='lat' dir='ltr'><strong>avinculis</strong></span> <span class='ocrx_word' id='word_1_172' title='bbox 695 4456 1020 4528; x_wconf 87' lang='lat' dir='ltr'><strong>sacramentorum</strong></span> <span class='ocrx_word' id='word_1_173' title='bbox 1049 4469 1149 4554; x_wconf 87' lang='lat' dir='ltr'><strong>quae</strong></span> <span class='ocrx_word' id='word_1_174' title='bbox 1178 4443 1286 4527; x_wconf 84' lang='lat' dir='ltr'><strong>inviti</strong></span> <span class='ocrx_word' id='word_1_175' title='bbox 1313 4443 1548 4550; x_wconf 81' lang='lat' dir='ltr'><strong>civitatibus,</strong></span> <span class='ocrx_word' id='word_1_176' title='bbox 1577 4441 1731 4548; x_wconf 89' lang='lat' dir='ltr'><strong>castris,</strong></span> <span class='ocrx_word' id='word_1_177' title='bbox 1760 4465 1873 4524; x_wconf 87' lang='lat' dir='ltr'><strong>mar-</strong></span> 
     </span>
     <span class='ocr_line' id='line_1_24' title="bbox 463 4573 1874 4686; baseline -0.007 -21"><span class='ocrx_word' id='word_1_178' title='bbox 463 4579 665 4665; x_wconf 90' lang='lat' dir='ltr'><strong>chionibus</strong></span> <span class='ocrx_word' id='word_1_179' title='bbox 700 4575 759 4664; x_wconf 83' lang='lat' dir='ltr'><strong>vel</strong></span> <span class='ocrx_word' id='word_1_180' title='bbox 791 4577 959 4663; x_wconf 85' lang='lat' dir='ltr'><strong>societati</strong></span> <span class='ocrx_word' id='word_1_181' title='bbox 988 4575 1143 4660; x_wconf 89' lang='lat' dir='ltr'><strong>cuilibet</strong></span> <span class='ocrx_word' id='word_1_182' title='bbox 1176 4577 1463 4686; x_wconf 85' lang='lat' dir='ltr'><strong>praestiterant,</strong></span> <span class='ocrx_word' id='word_1_183' title='bbox 1497 4575 1648 4685; x_wconf 90' lang='lat' dir='ltr'><strong>penitus</strong></span> <span class='ocrx_word' id='word_1_184' title='bbox 1679 4573 1874 4657; x_wconf 89' lang='lat' dir='ltr'><strong>absolutos</strong></span> 
     </span>
    </p>
   </div>
   <div class='ocr_carea' id='block_1_9' title="bbox 461 4713 673 4799">
    <p class='ocr_par' dir='ltr' id='par_1_10' title="bbox 461 4713 673 4799">
     <span class='ocr_line' id='line_1_25' title="bbox 461 4713 673 4799; baseline -0.014 -1"><span class='ocrx_word' id='word_1_185' title='bbox 461 4713 673 4799; x_wconf 86' lang='lat' dir='ltr'><strong>denuntiat.</strong></span> 
     </span>
    </p>
   </div>
   <div class='ocr_carea' id='block_1_10' title="bbox 0 0 2126 5904">
    <p class='ocr_par' dir='ltr' id='par_1_11' title="bbox 0 0 2126 5904">
     <span class='ocr_line' id='line_1_26' title="bbox 0 0 2126 5904; baseline 0 10"><span class='ocrx_word' id='word_1_186' title='bbox 0 0 2126 5904; x_wconf 95' lang='lat' dir='ltr'><strong> </strong></span> 
     </span>
    </p>
   </div>
  </div>
 </body>
</html>
