4226 5900
484 580 545 642 482
984 581 1199 642 saturaret
1225 581 1399 643 SECUNDl
1715 581 1795 665 [Ars.
1815 581 1899 644 1239.

484 713 568 788 iude
590 717 720 788 laceres
745 727 862 788 nostre
885 717 980 790 curie
1004 717 1074 790 tuis
1098 717 1226 791 licteris
1245 713 1409 814 aperires.
1427 717 1478 788 Tu
1496 739 1578 790 vero
1596 718 1799 792 mandatum
1821 739 1899 790 nos-

483 849 572 910 trum
590 839 724 912 efficere
740 840 941 934 neglexisti,
961 841 1050 913 sicut
1067 861 1114 914 ex
1133 850 1193 912 tua
1209 841 1441 913 taciturnitate
1456 839 1640 934 colligitur,
1658 843 1743 934 quia
1760 841 1806 914 de
1823 861 1899 936 pre-

482 963 584 1034 dictis
610 962 715 1034 nichil
744 973 859 1036 nostre
893 964 989 1036 curie
1012 963 1227 1060 rescripsisti.
1247 964 1333 1037 Cum
1357 964 1463 1057 igitur
1492 973 1527 1036 te
1554 964 1591 1034 in
1617 965 1758 1036 weitin
1784 975 1899 1038 noeto

481 1085 703 1158 statuendum
717 1086 936 1179 duxerimus,
952 1097 992 1159 ut
1007 1097 1122 1160 nostra
1140 1085 1406 1160 commodanon
1421 1087 1578 1178 omictas,
1595 1087 1701 1160 immo
1714 1107 1756 1160 aa
1772 1087 1899 1160 debeas

481 1211 517 1281 iu
530 1211 624 1282 omni
637 1209 869 1284 sollicitudine
884 1231 1086 1306 procurare,
1108 1210 1265 1284 fidelitati
1282 1219 1341 1282 tue
1355 1209 1580 1306 precipiendo
1594 1211 1803 1284 mandamus
1814 1233 1899 1306 qua·

482 1343 583 1408 tanus
608 1335 638 1406 ei
663 1335 699 1405 iu
727 1335 935 1430 exequendo
962 1334 1164 1408 mandatum
1191 1344 1347 1408 nostrum
1371 1334 1566 1429 predictum
1588 1334 1683 1406 luisti
1711 1337 1895 1424 sollicitus,

480 1459 560 1530 licet
576 1457 612 1530 in
627 1459 849 1532 rescribendo
868 1460 1051 1549 remissus,
1075 1457 1251 1552 significes
1271 1459 1371 1531 nobis
1392 1458 1520 1530 lictoris
1542 1458 1611 1528 tuis
1624 1458 1795 1552 quioquid
1818 1459 1899 1532 iude

480 1583 604 1654 leceris
626 1583 789 1656 seriatim.
806 1583 841 1654 Si
857 1603 945 1656 vero
967 1583 1033 1656 luit
1050 1591 1238 1677 utramque
1262 1601 1325 1677 per
1346 1591 1383 1654 te
1406 1582 1623 1676 negligenter
1643 1581 1825 1672 omissum,
1849 1583 1898 1654 sic

480 1705 652 1778 delectum
674 1706 874 1799 preteritum
896 1705 1047 1779 redimas
1060 1727 1257 1800 percaram
1277 1707 1444 1798 laturam,
1470 1713 1510 1776 ut
1523 1705 1619 1778 curia
1640 1713 1756 1778 nostra
1776 1705 1898 1800 damp-

479 1851 562 1900 num
580 1851 643 1924 per
656 1839 751 1901 tuam
767 1830 1015 1922 negligentiam
1031 1851 1101 1902 nou
1116 1830 1287 1918 incurrat,
1306 1829 1402 1924 quod
1419 1830 1456 1900 in
1472 1839 1577 1923 caput
1596 1837 1696 1899 tuum
1708 1830 1898 1922 retorqueri

478 1975 548 2026 uon
569 1953 740 2025 immerito
761 1951 978 2044 formidares,
993 1961 1029 2026 et
1046 1954 1189 2026 nomine
1203 1953 1300 2026 curie
1318 1961 1435 2025 nostre
1449 1951 1536 2046 quid
1553 1950 1637 2023 inde
1654 1951 1776 2024 leceris
1804 1953 1898 2024 curie

478 2085 594 2150 nostre
614 2074 755 2150 studeas
772 2097 935 2148 reseram.

525 2201 651 2272 Datum
667 2197 719 2294 (ct
734 2199 868 2295 supra).

530 2776 753 2862 Mandatum
766 2775 816 2856 ad
826 2772 1054 2855 Riccardum
1071 2771 1121 2854 dc
1138 2769 1299 2856 Pulcaro
1317 2795 1388 2880 pro
1404 2765 1712 2872 Bartholomaeo,
1728 2765 1892 2876 Ligario,

476 2910 757 3015 Beneventum,
771 2907 987 3018 Sycunsora
1002 2914 1041 2988 et
1059 2905 1261 3010 Guerrera,
1273 2903 1361 2985 filiis
1378 2901 1577 3013 quondam
1593 2901 1694 2986 Petri
1712 2901 1761 2983 de
1772 2897 1895 2984 Ebulo

475 3043 711 3154 legitimatis,
725 3043 765 3122 in
777 3040 935 3150 pacifica
951 3039 1189 3149 possessione
1207 3037 1397 3122 bonorum
1412 3061 1571 3118 suorum
1587 3032 1891 3118 manutenendis.

558 3245 688 3328 (liopert.
703 3245 807 3324 imper.
820 3241 938 3304 Freder.
953 3241 996 3320 11,
1011 3241 1063 3302 tol.
1082 3249 1118 3304 tt
1134 3257 1233 3314 veram
1249 3243 1280 3300 tn
1293 3239 1366 3300 cdlt.
1383 3239 1524 3312 Curcum,
1539 3254 1571 3316 p.
1585 3235 1670 3314 tto.)

525 3421 574 3492 De
587 3419 758 3516 imperiali
772 3417 928 3490 mandute
941 3419 1030 3508 [acto
1041 3438 1104 3510 per
1115 3417 1312 3508 magistrum
1330 3415 1465 3485 Petram
1481 3411 1521 3483 de
1540 3413 1641 3483 vinea
1653 3409 1788 3503 ratpert
1800 3409 1840 3478 G.
1857 3403 1895 3475 dc

478 3545 657 3618 Castalia:

524 3669 742 3759 Fredericus,
768 3677 853 3758 etc,
878 3663 1044 3738 Riccardo
1069 3661 1115 3737 de
1142 3661 1299 3750 Pulcaro,
1329 3669 1395 3733 etc.
1422 3657 1698 3744 Bartholomeus,
1720 3653 1892 3749 Ligarius,

475 3795 735 3885 Bonavemura,
758 3792 953 3888 Sycunsora
971 3785 1036 3884 (a),
1054 3797 1089 3860 et
1110 3788 1277 3860 Guerrem
1300 3783 1362 3856 lilii
1388 3783 1566 3878 quondam
1590 3781 1681 3854 Petri
1698 3779 1743 3852 de
1764 3777 1892 3864 Ehulo,

477 3919 573 3992 cives
593 3915 825 4012 Neapolitani,
847 3913 965 3986 fideles
984 3913 1113 4001 nostri,
1132 3908 1310 4004 conquesti
1335 3915 1417 3980 sunt
1435 3927 1551 3979 coram
1575 3905 1676 3976 nohis
1698 3901 1793 3996 quod
1817 3919 1895 3970 cum

478 4043 591 4116 dictus
611 4041 730 4114 Petrus
746 4049 843 4135 peter
859 4059 978 4110 eorum
1001 4035 1137 4109 solutas
1151 4033 1311 4124 genuerit
1326 4051 1386 4103 eos
1399 4051 1446 4102 ex
1460 4029 1611 4102 Marocta
1625 4025 1767 4097 muliere
1786 4021 1895 4093 soluta

477 4187 582 4261 quam
597 4162 823 4260 postmodam
834 4162 870 4232 iu
884 4181 1031 4232 uxorem
1045 4158 1112 4230 sibi
1128 4156 1317 4250 legitimam
1332 4151 1520 4247 copulavit,
1537 4159 1572 4224 et
1586 4149 1632 4222 ob
1648 4147 1715 4220 hoc
1729 4168 1777 4218 ex
1791 4145 1895 4215 bena·

478 4291 557 4364 licio
574 4289 661 4385 legis
677 4287 722 4360 ab
738 4284 920 4358 Anastasio
940 4283 1024 4356 divo
1048 4291 1197 4376 augusto
1216 4277 1463 4375 predecessore
1487 4283 1604 4348 nostro
1625 4271 1717 4346 edite
1738 4269 1775 4340 iu
1798 4267 1896 4340 bonis

477 4415 630 4514 paternis
645 4425 679 4488 at
696 4410 861 4484 maternis
877 4419 1054 4504 tamquam
1071 4405 1215 4500 legitimi
1233 4403 1297 4476 lilii
1318 4401 1583 4490 successissent,
1601 4395 1763 4490 magister
1776 4393 1894 4466 Petrus

479 4541 524 4616 de
536 4539 662 4630 uculo,
679 4533 865 4624 Orlandus,
883 4533 1070 4630 Dyonisius
1086 4542 1122 4605 et
1137 4529 1277 4604 Carolus
1288 4527 1421 4618 iratres,
1439 4521 1611 4622 patrueles
1627 4521 1747 4593 tratres
1759 4537 1890 4603 eorum,

520 4703 562 4783 (a)
585 4701 664 4764 lttot
678 4699 843 4760 Sicairora.
