4350 5922
237 639 338 700 huten
356 637 420 716 10.]
693 633 891 696 HISTORIA
916 633 1213 696 ntrtottttrtcs.
1614 639 1651 701 'ii

240 773 335 847 dium
357 771 479 858 Penis,
498 771 611 844 Paesir
628 771 665 842 in
683 771 813 866 Wiptai
839 772 930 844 valle
949 781 985 844 et
1003 773 1110 845 Ruste
1127 772 1164 844 in
1188 771 1331 844 Postraii
1354 773 1466 862 velle,
1491 771 1653 868 predium

240 899 362 988 01336,
387 895 551 987 Entholz,
571 895 679 968 Riede
698 896 744 970 de
769 896 970 970 Berenbech
990 906 1023 970 st
1046 897 1177 970 Thacbt
1201 897 1238 970 in
1261 907 1377 970 moute
1401 909 1436 970 et
1454 899 1542 971 silva
1565 899 1654 972 duas

240 1029 352 1116 partes
367 1039 483 1112 usque
502 1018 733 1112 Riederwalt3
754 1019 821 1092 hec
842 1029 878 1092 et
900 1029 1017 1114 preter
1031 1020 1096 1093 hec
1113 1041 1336 1116 quecumque
1357 1021 1534 1116 predictus
1556 1023 1655 1096 locus

240 1165 333 1217 nunc
351 1145 447 1236 juste
473 1143 627 1240 possidet
647 1153 707 1216 aot
730 1144 766 1215 in
790 1145 946 1216 futurum
974 1143 1162 1218 donatione
1178 1145 1376 1241 principum
1399 1155 1460 1218 eut
1477 1147 1654 1220 oblatione

241 1268 394 1342 fidelium
413 1269 540 1363 poterit
554 1268 715 1364 adipisci,
734 1269 799 1362 ipsi
817 1271 894 1342 loco
914 1269 1043 1342 tuende
1056 1269 1274 1364 suscepimus
1289 1279 1324 1340 et
1343 1269 1514 1365 imperiali
1530 1281 1654 1345 sucto-

240 1393 335 1466 ritete
344 1391 596 1484 confirmanda,
608 1395 645 1464 in
659 1391 838 1488 acquisitis
850 1403 887 1466 et
901 1392 1123 1488 acquirendis
1136 1415 1178 1465 ac
1192 1393 1382 1466 retinendis
1392 1393 1534 1489 presidii
1547 1397 1654 1469 nostri

240 1517 414 1592 roboreis
433 1517 749 1590 accommodantes.
773 1517 963 1590 Statuimns
987 1518 1093 1610 igitur
1115 1528 1150 1590 et
1172 1519 1340 1613 presentis
1360 1519 1531 1614 privilegii
1553 1541 1655 1592 sanc·

241 1642 331 1714 none
347 1640 567 1714 decernimos
587 1651 624 1713 nt
640 1643 736 1714 nulla
752 1642 893 1714 omnino
909 1663 1055 1737 persona
1069 1663 1196 1734 magna
1209 1644 1266 1715 vei
1280 1665 1403 1737 parva,
1417 1646 1583 1718 secularis
1598 1647 1654 1718 vei

242 1767 495 1854 ecclesiastica,
513 1763 703 1861 predictam
720 1765 901 1838 ecclesiam
914 1775 949 1840 et
967 1767 1089 1838 iratres
1103 1766 1188 1838 inibi
1206 1769 1278 1838 Deo
1300 1768 1504 1839 famulantes
1517 1779 1654 1865 pertur-

239 1887 323 1962 bare
348 1889 477 1964 audeat
499 1899 560 1962 sut
582 1891 709 1983 injuste
735 1889 851 1984 aliqua
874 1889 1101 1985 persuasione
1126 1889 1322 1964 molestare.
1344 1888 1517 1964 Addimus
1538 1903 1655 1966 autem

239 2014 405 2109 predictis
423 2023 463 2084 ut
477 2013 671 2110 prepositus
689 2014 755 2086 ioci
774 2033 891 2086 curam
905 2015 1001 2087 nnilo
1019 2013 1086 2086 nisi
1102 2013 1302 2087 Tridentino
1327 2015 1491 2112 episcopo
1513 2015 1559 2090 de
1573 2037 1654 2113 pre·

238 2136 306 2209 diis
325 2138 472 2210 ecclesia
487 2146 646 2211 teneatur
665 2137 889 2232 respondere.
911 2137 1145 2211 Permittimus
1161 2139 1264 2211 etiem
1286 2137 1332 2212 de
1350 2138 1531 2212 advocatia
1553 2140 1656 2232 juxta

237 2259 491 2334 ordinationem
506 2283 611 2356 supra
622 2261 944 2334 memoraticomitis
956 2272 991 2334 et
1004 2263 1125 2336 uxoris
1142 2283 1206 2336 sus
1220 2271 1258 2334 ut
1269 2262 1420 2335 babeant
1431 2284 1508 2336 eam
1518 2263 1655 2337 domini

239 2382 284 2456 de
296 2383 403 2457 Pisno
416 2393 477 2456 aut
488 2385 600 2456 senior
616 2405 751 2480 semper
763 2383 863 2457 heres
876 2405 1013 2476 eorum,
1030 2384 1181 2457 babituri
1193 2385 1347 2480 proiecto
1360 2386 1455 2458 illam
1471 2385 1519 2459 ad
1535 2387 1656 2460 deien-

197 2571 201 2580 .
238 2507 411 2596 dandum,
423 2529 492 2580 non
509 2507 555 2582 ed
569 2506 848 2604 exspoliandum.
861 2507 964 2594 Quod
983 2509 1012 2580 si
1032 2507 1193 2582 advocati
1210 2519 1244 2581 et
1264 2507 1413 2583 beredes
1425 2509 1654 2604 decesserint,

237 2633 324 2706 nulii
340 2633 520 2706 bominum
543 2633 626 2707 inde
644 2635 745 2706 liceat
762 2632 808 2706 de
826 2631 1007 2706 advocetis
1024 2655 1062 2705 se
1086 2633 1313 2707 intromittere
1331 2643 1392 2708 aut
1410 2635 1528 2730 aliquo
1551 2636 1656 2712 modo

237 2756 332 2830 iilam
349 2779 519 2853 usurpare
536 2779 602 2830 nec
623 2757 727 2830 liceat
743 2755 827 2852 ipsis
845 2756 1023 2830 advocatis
1036 2778 1270 2830 successorem
1291 2757 1358 2829 sibi
1372 2758 1605 2850 substituere,
1626 2761 1655 2832 si

237 2879 386 2954 heredes
401 2880 589 2972 defuerint,
611 2881 743 2976 absque
761 2901 932 2954 consensu
958 2880 1121 2976 prepositi
1142 2889 1177 2954 et
1195 2881 1271 2973 ejm
1285 2881 1484 2973 volontate,
1503 2883 1567 2956 sed
1581 2883 1657 2979 ipse

237 3005 434 3100 prepositus
458 3027 504 3078 ex
527 3005 673 3078 consilio
694 3005 839 3078 iratrum
865 3004 1073 3078 advocatum
1096 3005 1201 3100 eligat
1226 3027 1332 3100 quem
1359 3005 1426 3076 sibi
1454 3014 1490 3079 et
1511 3008 1656 3080 ecclesie

240 3129 362 3200 utilem
387 3127 589 3224 previderit.
618 3127 760 3201 Eisdem
788 3126 970 3202 advocatis
999 3129 1199 3202 exactiones
1227 3129 1365 3201 illicitas
1393 3129 1429 3200 in
1457 3131 1566 3203 rebus
1595 3141 1657 3202 aut

241 3253 371 3326 colonis
385 3253 530 3327 ecclesie
544 3253 676 3326 aliasve
689 3253 929 3349 oppressiones
941 3274 1105 3326 exercere
1119 3253 1274 3324 illicitum
1292 3253 1433 3326 omnino
1450 3255 1523 3327 iore
1540 3253 1657 3327 decer·

241 3377 368 3449 nimus.
390 3378 534 3474 Insuper
550 3399 595 3452 ne
613 3377 757 3450 liberam
775 3376 1069 3472 dispensationem
1092 3375 1255 3472 prepositi
1278 3386 1338 3448 aut
1362 3377 1562 3450 nuntiorum
1580 3379 1657 3470 ejus

242 3502 277 3573 in
293 3501 402 3574 rebus
425 3502 570 3574 ecclesie
594 3501 746 3576 debeant
763 3500 934 3597 impedire
952 3493 1058 3575 iidem
1086 3500 1245 3573 advocati
1269 3500 1514 3596 probibemus,
1535 3525 1655 3576 eorum

102 3657 105 3660 ·
243 3625 344 3698 ctiam
359 3625 421 3721 qui
438 3625 668 3699 subadvocati
692 3625 838 3698 abusive
856 3625 1020 3698 dicuntur
1041 3625 1193 3697 officium
1212 3634 1248 3697 et
1266 3645 1394 3698 nomen
1410 3627 1548 3722 penitus
1564 3628 1657 3699 inbi-

242 3747 376 3822 bemus.
387 3749 581 3847 Episcopus
594 3749 814 3824 Tridentinus
825 3748 983 3823 eamdem
995 3749 1175 3824 ecclesium
1189 3759 1356 3845 tanquam
1371 3761 1469 3847 pater
1481 3753 1657 3849 piissimus

243 3883 399 3968 proteget
416 3883 452 3946 et
469 3873 679 3966 defensabit3
696 3895 766 3969 que
784 3873 814 3946 si
828 3875 914 3947 iorte
934 3897 998 3970 per
1018 3895 1099 3946 eum
1119 3885 1154 3946 et
1176 3873 1367 3947 advocatos
1391 3875 1493 3948 simul
1510 3899 1658 3972 oppres-

243 3997 374 4070 sionem
404 3997 629 4094 persenserit,
664 3997 710 4071 ed
745 3997 928 4093 imperinm
958 3997 1100 4072 babebit
1131 3997 1319 4091 retugium.
1353 3998 1513 4071 Ceterum
1542 4001 1657 4074 coloni

244 4121 384 4193 ecclesie
398 4122 557 4195 eamdem
569 4143 634 4219 per
648 4121 766 4196 omnia
782 4121 936 4217 quietem
952 4122 1131 4195 habebunt
1148 4143 1256 4216 mam
1276 4143 1297 4194 e
1313 4122 1502 4218 primordio
1518 4125 1656 4198 institu-

244 4243 345 4316 tionis
363 4245 430 4318 ioci
448 4245 611 4318 babuisse
629 4244 901 4338 dignoscuntur:
924 4245 1084 4320 videlicet
1097 4255 1136 4318 ut
1150 4246 1216 4317 sub
1234 4245 1516 4320 nulliusomnino
1529 4249 1658 4342 judicis

246 4367 368 4461 placito
386 4389 426 4442 se
444 4366 659 4464 distinguant
683 4380 744 4442 sut
767 4370 973 4465 cuiusquam
993 4369 1124 4463 judicis
1141 4370 1298 4443 bannum
1316 4371 1464 4445 subeant
1485 4373 1552 4444 nisi
1570 4395 1658 4468 pre-

246 4491 363 4585 positi,
385 4501 605 4588 preterquam
625 4495 662 4566 in
687 4494 802 4568 causis
830 4493 1067 4566 criminalibus
1091 4515 1160 4589 que
1179 4495 1263 4568 viris
1286 4495 1525 4568 ecclesiasticis
1540 4497 1657 4590 probi·

246 4611 379 4687 bentur.
396 4616 562 4712 Quisquis
579 4640 664 4713 ergo
686 4618 887 4694 temeritatis
907 4639 997 4691 ausu
1017 4618 1100 4690 huic
1120 4618 1331 4715 privilegiali
1353 4619 1523 4692 sanctioni
1540 4629 1659 4694 nostre

246 4741 414 4813 contraire
440 4743 704 4838 presumpserit,
726 4745 903 4838 inponam
925 4751 1065 4815 centum
1084 4743 1248 4815 librarum
1278 4742 1354 4816 anri
1375 4741 1550 4837 purissimi
1576 4765 1657 4816 eum
