4228 5892
507 524 568 587 ³68
1009 528 1225 592 tbtbuulct
1248 532 1422 594 sttcttltlut
1729 535 1811 616 [An.
1829 538 1914 602 1939.

507 661 599 734 vicia
615 671 730 736 nostra
747 661 921 737 robustius
938 664 1189 758 confortentur3
1209 668 1293 762 qnia
1308 667 1407 762 quod
1418 690 1466 742 ex
1481 667 1752 765 depopulatione
1766 675 1915 769 compli-

508 785 599 857 cium
616 788 834 860 attentorum
849 789 1155 863 Mediolanensium
1173 791 1236 864 tibi
1250 801 1286 865 et
1303 793 1379 866 aliis
1395 791 1558 866 fidelibus
1571 795 1697 868 nostris
1709 798 1915 872 nunciamus

507 909 554 982 ad
571 910 754 1003 gaudium,
773 911 818 984 de
834 921 949 1006 strage
964 913 1076 1009 ipsius
1094 913 1238 1008 perfidie
1251 917 1371 1010 cupitis
1387 916 1573 990 Mediolani
1596 919 1746 992 ciuitatis
1766 921 1915 996 nundu-

506 1032 622 1106 bimus
637 1033 672 1105 in
688 1033 805 1127 brevi,
824 1035 969 1110 faciente
985 1037 1132 1110 Domino
1148 1038 1365 1113 exercituum
1378 1039 1426 1114 ad
1443 1040 1669 1138 triumphum.

721 1383 1043 1396 -r-——u-——n--n

424 1773 430 1786 ,
557 1680 770 1765 Fridericus
782 1743 795 1786 ‚
830 1681 1090 1766 Romanorum
1126 1682 1357 1791 imperator,
1392 1680 1581 1792 significat
1613 1681 1911 1767 vercellensibus

504 1814 716 1924 captionem
740 1814 854 1897 castri
879 1813 1091 1923 Crepacorii
1122 1823 1159 1897 et
1185 1815 1344 1898 mandat
1370 1823 1415 1898 ut
1441 1813 1618 1898 militiam
1644 1815 1814 1901 celeriter
1842 1815 1911 1900 sibi

504 1947 762 2032 benemittant
783 1945 823 2027 in
841 1946 1173 2056 depopulationem
1191 1945 1409 2034 Mediolani.

587 2162 681 2242 (Edit.
698 2179 747 2240 ap.
762 2157 1265 2240 numerosissimarum.
1280 2157 1401 2234 collect„
1419 2167 1444 2222 t.
1460 2160 1507 2235 11,
1522 2162 1579 2222 col.
1599 2170 1690 2240 tttt,
1703 2171 1737 2224 n·
1755 2163 1828 2240 xm
1847 2164 1910 2228 coll.

621 2285 693 2331 cum
713 2267 780 2329 cod.
807 2265 947 2329 Blbllotb.
968 2265 1064 2328 coar.
1088 2265 1197 2345 Pam,
1213 2263 1305 2346 foudt
1325 2266 1361 2328 S.
1384 2263 1659 2346 Germuiullcrlcy,
1689 2276 1764 2340 ⁴⁵5,
1777 2283 1845 2346 pars
1866 2269 1908 2346 Π,

624 2383 658 2435 n·
671 2372 790 2452 XLIV.)

552 2561 765 2652 Fridericus,
797 2567 863 2631 etc.
893 2558 1187 2648 Vercellensibus,
1219 2567 1285 2631 etc.
1313 2557 1398 2631 Cum
1431 2559 1613 2632 brachium
1649 2560 1787 2633 Domini
1814 2581 1912 2633 exer·

505 2687 635 2760 cituum
661 2703 840 2779 pruoeesus
857 2691 989 2756 nostros
1011 2690 1045 2754 et
1067 2682 1241 2756 exercitus
1264 2702 1447 2777 prosperos
1475 2682 1631 2756 facientis
1657 2683 1694 2755 in
1716 2683 1833 2757 hostes
1855 2703 1913 2779 per

504 2808 686 2884 continuas
701 2807 882 2880 rebellium
895 2815 1025 2900 strages
1037 2806 1073 2877 in
1091 2805 1252 2878 manibus
1271 2806 1396 2879 nostris
1410 2805 1522 2901 datas,
1542 2828 1739 2903 supremum
1754 2807 1855 2882 nobis
1869 2808 1914 2881 de

373 2977 378 2986 ·
504 2935 589 3030 ipsis
604 2932 762 3024 designet
775 2931 954 3003 victoriam
970 2939 1006 3003 et
1025 2930 1216 3024 promittat,
1234 2928 1323 3002 firmi
1346 2932 1453 3004 nostri
1474 2931 1641 3027 propositi
1664 2939 1718 3006 est
1737 2930 1784 3004 ad
1806 2931 1911 3006 oonti·

505 3079 610 3130 unam
633 3055 927 3130 conturbationem
943 3053 1121 3126 rebellium
1140 3055 1307 3148 promptis
1331 3053 1512 3128 affectibus
1536 3065 1607 3128 tam
1628 3054 1826 3129 benivolam
1845 3059 1912 3128 llo·

505 3181 589 3255 mini
624 3179 784 3275 persequi
817 3179 1050 3268 voluntatem,
1079 3197 1160 3248 cum
1192 3197 1262 3249 non
1291 3177 1462 3250 immerito
1493 3177 1637 3252 rebelles
1666 3179 1773 3251 nostri
1803 3179 1914 3252 hostes

504 3305 638 3378 celestis
653 3303 786 3398 imperii
803 3311 1026 3393 censeantur,
1042 3302 1104 3394 qui
1123 3301 1205 3374 dato
1223 3301 1322 3374 nobis
1340 3301 1387 3375 de
1399 3323 1506 3376 manu
1525 3304 1602 3395 ejus
1621 3314 1756 3399 sceptro
1775 3303 1911 3400 imperii

504 3437 539 3501 et
555 3448 759 3531 regnorum,
784 3426 955 3500 obstinata
979 3425 1166 3520 pertinacia
1188 3423 1447 3514 contradicunt,
1466 3425 1618 3520 ideoque
1642 3449 1763 3500 revera
1787 3427 1913 3501 nedum

504 3549 681 3624 dubitetur
698 3551 927 3624 consternatio
943 3549 1111 3644 ipsorum,
1128 3545 1218 3646 [sed]
1230 3549 1276 3622 ab
1291 3549 1462 3623 universis
1473 3551 1598 3624 nostris
1614 3549 1776 3625 fidelibus
1791 3573 1915 3648 expec-

503 3683 605 3767 tetur,
620 3697 700 3748 cum
709 3676 781 3767 jam
796 3695 843 3747 ex
858 3673 979 3748 divino
993 3672 1125 3765 judicio
1138 3673 1174 3744 iu
1188 3673 1341 3746 cervices
1355 3695 1476 3748 eornm
1493 3673 1631 3768 gladius
1642 3683 1758 3749 noster
1768 3676 1914 3749 emineat

501 3799 663 3872 eviciuo.
683 3800 823 3894 Propter
836 3796 932 3892 quod
948 3797 1036 3870 scire
1057 3817 1121 3869 vos
1135 3799 1296 3869 volumus
1312 3795 1408 3890 quod
1426 3797 1462 3868 in
1476 3799 1744 3893 depopulatione
1764 3800 1914 3872 Bononio

503 3931 641 4017 peracta
661 3931 776 3994 nostra
789 3923 967 3994 voluntate
981 3941 1042 4014 pro
1058 3928 1160 4010 voto,
1178 3927 1217 3991 ut
1234 3927 1314 4014 pote
1330 3917 1426 4014 quod
1446 3929 1559 4016 preter
1571 3921 1640 3993 alia
1658 3931 1771 3994 castro
1784 3921 1916 3996 dudum

500 4044 670 4118 Plumatio
688 4044 733 4118 de
750 4044 906 4118 districtu
924 4066 988 4116 suo
1002 4046 1038 4116 in
1058 4044 1198 4116 flamma
1219 4052 1255 4116 et
1272 4041 1387 4136 gladio
1409 4042 1610 4139 deplumata
1627 4045 1765 4140 penitus
1783 4055 1820 4119 et
1832 4046 1916 4119 eub-

502 4187 621 4259 verso,
640 4169 729 4240 sieut
744 4167 791 4240 ad
813 4180 962 4241 vestram
983 4168 1145 4240 noticiam
1159 4166 1333 4240 oredimus
1348 4167 1572 4264 pervenisse,
1590 4169 1812 4264 postmodum
1828 4169 1915 4241 circa

500 4455 631 4514 Mutinam
643 4469 713 4529 quae
728 4453 883 4529 imperatori
894 4453 1012 4525 terebat,
1026 4467 1043 4511 u
1056 4453 1154 4512 condte
1175 4455 1283 4513 Simone
1299 4452 1430 4512 mutuo
1443 4459 1471 4511 et
1485 4451 1678 4512 Parmensibus
1692 4452 1791 4512 dorica
1807 4457 1871 4511 sunt
1889 4451 1915 4508 in

498 4567 606 4625 campo,
615 4559 643 4610 et
653 4552 774 4609 nonnulli
786 4567 878 4610 eorum
889 4551 959 4625 capti
973 4557 1048 4622 sunt,
1064 4551 1183 4608 nonnulli
1196 4549 1291 4624 gladiis
1304 4550 1457 4624 interempti
1477 4556 1505 4608 et
1517 4549 1635 4609 nonnulli
1650 4565 1731 4609 amne
1742 4549 1884 4608 eubulum
1898 4567 1913 4601 ι

502 4650 578 4708 ltrcc.
594 4665 630 4707 on
643 4651 672 4709 S.
687 4647 826 4722 (irruam,
841 4647 970 4706 Obrouio.
984 4647 1019 4706 ad
1032 4661 1100 4705 ann.
1114 4649 1194 4704 ttae.
