4262 5910
1003 573 1414 654 rurnnnrcrsna'unur·
1722 593 1906 674 [aalma.

303 1184 468 1282 afflata
556 1177 776 1264 Mandatum
801 1181 851 1265 ad
876 1181 1125 1294 justitiarium
1151 1183 1394 1292 capitanatae
1420 1185 1633 1270 dedendis
1655 1186 1853 1296 pdulredo
1873 1197 1908 1270 et

503 1311 733 1396 nocumentis
754 1313 882 1422 nepoti
898 1314 1001 1426 rugis
1018 1314 1164 1398 Tunisi.

583 1510 710 1594 (naar.
724 1513 829 1593 rape.
842 1511 961 1574 maa.
974 1513 1015 1590 ιι,
1031 1513 1084 1577 ror.
1101 1524 1139 1577 u
1153 1521 1251 1592 aaa
1268 1517 1383 1580 aaut.
1398 1517 1576 1596 cnm
1593 1516 1678 1596 aar.)

548 1683 1102 1780 Deimpsriultmuadctorortpatt
1117 1689 1159 1760 G.
1176 1688 1217 1760 dc
1236 1691 1354 1762 lacco:

548 1807 765 1900 Fredsricus,
786 1819 871 1898 eto,
894 1811 936 1882 ll.
957 1809 1002 1884 de
1022 1811 1271 1887 Montelusculo
1286 1811 1473 1906 justitiario
1497 1811 1708 1908 Capitinam,
1733 1821 1802 1886 ato.
1824 1812 1905 1886 cun

499 1931 615 2028 nepoti
632 1933 773 2008 illustris
787 1932 878 2028 ragis
893 1933 1011 2006 Tuuiai
1026 1933 1175 2006 velimus
1186 1932 1232 2008 de
1244 1934 1443 2008 uecaesurfis
1459 1933 1663 2022 subveniri,
1679 1932 1835 2008 fidelitati
1848 1944 1904 2008 tua

497 2055 720 2152 precipiendo
745 2053 952 2130 mandamus
980 2063 1153 2150 quatenus
1177 2056 1292 2132 eidem
1326 2056 1443 2152 nepoti
1472 2057 1564 2151 repa
1593 2055 1657 2130 das
1690 2055 1905 2152 parastum

498 2199 608 2252 uuum
620 2179 683 2273 qui
700 2179 814 2252 valeat
830 2199 942 2273 nsque
962 2178 1000 2251 in
1023 2199 1087 2252 sex
1107 2179 1227 2254 uncias
1248 2179 1341 2270 auri,
1363 2179 1606 2254 mataracaium
1628 2201 1739 2252 unum
1757 2179 1807 2252 ds
1827 2199 1905 2252 zau-

497 2300 596 2390 dato,
615 2303 759 2376 cultram
774 2323 879 2375 uuam
899 2301 944 2375 de
955 2302 1119 2394 mucleto,
1139 2301 1284 2376 robbam
1305 2323 1409 2376 uuam
1429 2301 1476 2376 dc
1493 2303 1638 2376 nanto
1657 2323 1721 2408 pro
1738 2323 1804 2376 suu
1824 2323 1904 2397 pur-

496 2447 582 2500 soua
598 2425 795 2500 investitam
807 2425 853 2500 dc
865 2425 977 2516 uano,
991 2435 1027 2499 et
1037 2447 1101 2520 pro
1113 2425 1324 2500 indumentis
1336 2427 1441 2499 trium
1454 2425 1680 2500 scutariorum
1694 2425 1770 2518 ejus
1786 2426 1903 2498 uncus

496 2547 572 2621 auri
597 2568 662 2620 scx
684 2547 731 2621 ad
751 2545 890 2644 pondus
914 2549 1010 2622 curia
1031 2557 1164 2638 nostra,
1193 2559 1392 2644 recepturus
1419 2547 1466 2622 de
1491 2547 1561 2622 hiis
1579 2569 1650 2643 que
1674 2549 1743 2622 sibi
1768 2547 1903 2622 dedens

496 2669 790 2884 tltfflffim
807 2793 903 2868 XXV
919 2792 1132 2884 decembris,
1151 2793 1228 2870 Xlll
1245 2792 1456 2868 indictionis.

546 3415 766 3500 Mandatum
787 3413 837 3498 ad
859 3415 1057 3498 uniuersos
1080 3410 1305 3522 justitiarios
1329 3419 1368 3494 et
1384 3407 1564 3495 officiales
1585 3419 1629 3492 ut
1651 3433 1785 3493 omnes
1802 3409 1899 3493 Sar-

493 3571 650 3633 racenos
667 3549 734 3659 qui
752 3547 792 3632 in
810 3571 944 3632 eornm
965 3545 1293 3657 jurisdictionibus
1316 3543 1475 3650 luerint,
1494 3541 1691 3628 Luceriam
1712 3541 1768 3626 ire
1791 3567 1901 3626 com-

492 3680 650 3790 pellant.

573 3879 703 3964 (aaut.
717 3881 818 3962 trapsr.
832 3876 953 3942 Μιν.
968 3879 1010 3954 11,
1024 3878 1079 3940 lul.
1094 3886 1133 3940 le
1143 3893 1243 3953 νικος
1258 3875 1373 3938 lusllt.
1388 3875 1527 3952 careum,
1540 3891 1573 3954 p.
1589 3872 1674 3954 tor.)

542 4048 591 4121 Dc
606 4046 770 4142 imperiali
790 4043 948 4116 mundato
963 4043 1098 4136 aaripait
1116 4041 1156 4114 G.
1178 4039 1218 4111 tle
1233 4041 1331 4111 l'crco
1347 4065 1359 4111 .·

543 4169 755 4260 fredericus,
770 4179 854 4261 etc,
870 4167 1042 4240 universis
1051 4163 1263 4257 justiciariis,
1281 4161 1451 4257 magistris
1463 4159 1671 4249 camerariis,
1688 4158 1894 4244 camerariis,

493 4296 619 4390 bajulis
635 4303 669 4368 et
681 4293 853 4366 universis
868 4289 1072 4364 officialibus
1088 4287 1173 4360 citra
1186 4287 1310 4358 Fsrum
1329 4283 1522 4356 constitutis
1540 4281 1701 4356 fidelibus
1718 4282 1812 4372 suis,
1830 4291 1893 4354 stc.

493 4421 581 4506 Quia
596 4416 800 4513 beneplaciti
818 4413 924 4487 nostri
937 4423 990 4486 est
1003 4421 1043 4483 ut
1060 4431 1179 4482 omnes
1194 4405 1373 4480 &meconi
1395 4427 1486 4501 quos
1502 4405 1637 4479 dudum
1660 4406 1780 4478 venire
1796 4427 1895 4477 mau-

493 4543 654 4618 davimus
668 4539 713 4613 ds
726 4538 840 4611 Sicilie
854 4535 1021 4634 partibus,
1043 4531 1079 4604 iu
1095 4529 1272 4604 Luceriam
1290 4527 1512 4619 reducantur,
1524 4524 1804 4600 fidelitativestre
1819 4545 1893 4620 pre·

492 4664 652 4762 ciplendo
665 4661 870 4736 mandamus
884 4667 1055 4754 quatenus
1071 4655 1118 4728 ad
1133 4653 1389 4750 requisitionem
1404 4653 1444 4724 ll.
1466 4650 1512 4726 de
1529 4649 1777 4725 montefusculo
1790 4647 1893 4743 justi-
