4350 5922
221 641 316 702 leuior.
335 633 395 718 10.]
668 635 865 698 HISTORIA
889 635 1183 698 otrnouarlcn
1596 635 1636 695 5⁷

222 780 333 846 mmat
356 770 558 844 anctoritate
583 769 712 844 talliam
735 793 912 866 quumque
932 793 995 844 seu
1020 773 1208 866 precariam
1223 769 1269 866 (c)
1288 770 1323 842 in
1344 770 1517 865 predictos
1542 772 1637 844 cives

224 899 333 968 lacera
350 918 416 968 nec
436 917 496 968 eos
515 895 680 990 impetere
694 895 771 967 sive
790 917 914 988 cogere
932 894 979 967 ad
999 895 1132 988 aliquid
1151 895 1251 968 nobis
1267 917 1330 968 seu
1351 896 1477 968 nostris
1496 917 1638 968 succes-

223 1019 357 1091 soribus
372 1015 630 1106 exhibendum,
648 1018 716 1090 nisi
729 1017 825 1112 quod
846 1027 881 1090 et
900 1029 1069 1112 quantum
1090 1016 1174 1091 dare
1195 1017 1367 1090 voluerint
1387 1016 1432 1091 de
1448 1028 1639 1112 spontanea

224 1144 411 1216 voluntate.
428 1143 585 1214 Preterca
598 1163 645 1213 cx
662 1140 877 1214 abundantia
894 1141 1002 1235 gratis
1015 1141 1235 1234 indulgemus
1251 1151 1290 1212 ut
1306 1142 1435 1214 nemini
1449 1141 1551 1214 liceat
1562 1163 1641 1236 pre·

224 1275 356 1339 notatos
374 1266 468 1338 cives
487 1263 534 1338 ad
550 1265 694 1359 aliquod
710 1265 897 1338 servicium
917 1267 1006 1338 ultra
1025 1264 1184 1358 progredi
1204 1285 1326 1355 cogere
1346 1288 1451 1360 qnam
1471 1275 1510 1336 nt
1525 1287 1568 1338 eo
1582 1265 1640 1338 die

224 1411 292 1484 quo
318 1390 411 1462 clara
437 1390 514 1462 lnce
539 1389 584 1462 de
608 1388 771 1462 domibus
794 1388 869 1460 snis
893 1388 1059 1478 exierint,
1083 1411 1163 1460 oum
1187 1389 1369 1483 splendore
1393 1389 1475 1462 solis
1502 1389 1640 1484 regredi

225 1515 476 1608 permittantur.
499 1511 555 1584 Ad
578 1513 644 1584 heo
669 1511 827 1584 catholici
852 1512 1016 1607 principis
1039 1522 1154 1608 partes
1177 1511 1322 1586 fideliter
1347 1523 1574 1608 exequentes,
1595 1514 1641 1586 ab

224 1636 417 1710 officiorum
433 1637 624 1732 proiectura
635 1636 765 1710 ludeos
776 1636 990 1731 excipimus,
1004 1657 1048 1710 ne
1065 1636 1131 1708 sub
1145 1647 1305 1732 pretextu
1321 1639 1513 1731 prefecture
1524 1638 1643 1732 oppri-

225 1771 320 1834 mant
338 1760 560 1849 christianos,
586 1782 666 1832 cum
683 1759 872 1855 imperialis
888 1759 1075 1833 auctoritas
1092 1784 1113 1832 a
1132 1761 1254 1856 priscis
1271 1761 1483 1854 temporibus
1497 1760 1543 1833 ad
1564 1783 1643 1855 pcr-

225 1885 350 1979 petrati
372 1883 417 1979 (b)
440 1884 571 1978 judaici
602 1885 741 1957 sceleris
762 1884 928 1956 ultionem
954 1883 1085 1956 eisdem
1105 1883 1222 1976 judeis
1248 1883 1413 1956 indixerit
1440 1891 1643 1978 perpetuam

225 2010 442 2082 servitutem.
462 2009 683 2080 Declaramus
699 2009 841 2102 insuper
856 2018 891 2080 et
903 2007 1079 2080 observari
1098 2029 1278 2080 censemus
1296 2017 1335 2078 ut
1351 2007 1380 2078 si
1399 2007 1542 2100 quando
1561 2029 1644 2080 con·

225 2144 277 2206 tra
293 2155 507 2228 quemquam
523 2131 653 2204 civium
674 2131 789 2204 civilis
804 2153 867 2204 seu
888 2132 1075 2204 criminalis
1091 2132 1180 2204 actio
1196 2131 1430 2225 intemptatur,
1451 2131 1644 2204 secundnm

222 2259 300 2350 jura
317 2267 354 2329 et
370 2257 576 2352 approbatas
602 2256 872 2328 consuetudines
897 2256 1046 2328 civitatis
1072 2255 1227 2348 ejusdem
1249 2278 1271 2328 a
1293 2256 1430 2328 civibus
1452 2255 1643 2347 judicetur,

226 2383 295 2452 lese
311 2381 501 2474 majestatis
516 2380 660 2452 crimine
676 2381 733 2452 vel
751 2379 931 2475 prodende
947 2381 1096 2452 civitatis
1114 2401 1259 2452 excessu
1276 2379 1459 2452 dumtaxat
1474 2383 1642 2474 exceptis,

227 2505 260 2576 in
275 2527 428 2599 quorum
445 2503 782 2576 animadversionem
797 2504 894 2576 velut
909 2503 1164 2578 detestabilium
1185 2504 1366 2576 criminum
1385 2504 1476 2578 licite
1495 2504 1591 2578 cives
1611 2515 1646 2578 ct

227 2639 365 2702 exteros
381 2627 586 2702 mandamus
603 2625 752 2700 admitti.
773 2629 823 2700 De
841 2628 956 2700 duello
975 2650 1057 2700 vero
1075 2629 1104 2700 si
1120 2627 1200 2722 quis
1215 2627 1302 2699 civis
1319 2627 1505 2722 impetitur,
1526 2630 1556 2700 si
1570 2651 1647 2725 sep·

228 2753 310 2824 tima
329 2774 435 2824 manu
459 2751 683 2824 honestarum
705 2771 929 2846 personarum
950 2773 1146 2845 expurgare
1163 2773 1200 2824 se
1219 2752 1359 2846 poterit,
1379 2772 1459 2822 eum
1477 2753 1522 2823 ab
1540 2753 1647 2846 impe

228 2875 348 2948 titione
359 2874 467 2947 duelli
481 2874 701 2947 decernimus
715 2875 923 2948 absolutum.
943 2876 1104 2948 Volentes
1117 2876 1220 2946 etiam
1239 2875 1421 2946 commode
1436 2875 1552 2948 studio
1570 2898 1648 2970 pro·

227 3001 338 3074 videri
364 3022 426 3095 per
452 2999 548 3094 quod
574 2999 759 3096 prudentia
787 2999 930 3072 docetur
957 3001 993 3070 in
1019 3001 1155 3094 populis
1184 3010 1219 3072 et
1246 2999 1344 3071 rudis
1370 3010 1443 3070 etas
1468 3000 1648 3074 instruitur

186 3189 189 3194 .
229 3146 435 3222 puerorum,
454 3132 656 3218 potestatem
674 3123 800 3196 damus
818 3124 1004 3219 plenariam
1023 3123 1183 3217 magistro
1197 3123 1258 3216 qui
1273 3123 1419 3195 Wieune
1436 3145 1495 3218 per
1512 3145 1575 3196 nos
1592 3123 1649 3196 vel

216 3271 446 3322 successores
462 3258 597 3322 nostros
617 3248 663 3321 ad
682 3247 866 3320 scolarium
885 3249 1039 3342 regimen
1061 3258 1256 3320 assumetur
1274 3258 1312 3319 ut
1329 3248 1415 3320 alios
1435 3247 1593 3321 doctores
1611 3250 1646 3321 in

231 3373 450 3446 facultatibus
463 3373 648 3445 substituat
663 3372 708 3445 de
727 3373 871 3445 consilio
890 3375 1043 3444 virorum
1062 3372 1284 3466 prudentium
1303 3372 1452 3444 civitatis
1467 3373 1644 3465 ejusdem,

230 3499 288 3590 qui
312 3497 507 3570 habeantur
532 3497 740 3570 sufficientes
757 3507 792 3569 et
815 3497 943 3591 ydonei
969 3497 1060 3568 circa
1083 3518 1225 3570 suorum
1250 3496 1404 3569 studium
1433 3497 1644 3570 auditorum.

230 3621 388 3692 Ceterum
411 3631 448 3692 ut
468 3619 536 3692 sub
558 3621 748 3714 angustalis
767 3621 927 3693 felicitate
950 3621 1095 3692 dominii
1122 3620 1325 3700 continuum
1353 3619 1475 3692 eadem
1504 3622 1648 3716 recipiat

232 3754 347 3816 nostra
369 3743 558 3839 imperialis
580 3744 701 3816 civitas
722 3745 991 3834 incrementum,
1009 3745 1192 3816 statuimus
1210 3752 1247 3814 ut
1266 3765 1386 3817 omnes
1403 3744 1514 3817 incole
1532 3755 1567 3818 et
1585 3744 1648 3820 ad*

232 3889 321 3940 vene
345 3866 478 3941 ibidem
507 3868 699 3940 inhabitare
731 3864 885 3941 volentes
909 3869 944 3938 in
974 3879 1086 3940 nostra
1115 3877 1149 3939 et
1168 3868 1303 3963 imperii
1325 3866 1559 3941 dominatione
1581 3871 1649 3942 sub

233 4000 304 4063 tuta
321 4001 356 4064 et
375 3991 484 4064 libera
501 3992 578 4086 lege
593 3993 640 4064 ab
655 3993 750 4062 omni
768 3992 886 4064 servili
902 3992 1099 4064 conditione
1117 3992 1217 4063 liberi
1243 3991 1349 4064 vitam
1370 4001 1492 4085 agant,
1511 3994 1573 4088 qui
1590 3995 1649 4066 vi-

232 4113 355 4187 delicet
370 4135 432 4209 pcr
447 4136 577 4188 annum
593 4125 628 4187 et
642 4115 735 4188 diem
755 4115 830 4186 sine
844 4117 991 4208 alicujus
1008 4116 1221 4210 impetitione
1240 4137 1277 4188 se
1295 4138 1357 4210 pro
1374 4117 1511 4189 civibus
1527 4127 1649 4190 tenue-

235 4248 315 4310 runt
336 4239 382 4334 (c)
407 4238 601 4311 secundum
626 4240 704 4332 jura
734 4249 769 4310 et
796 4241 1003 4334 approbatas
1029 4239 1299 4312 consuetudines
1324 4240 1485 4312 civitatis.
1517 4243 1568 4312 De
1594 4241 1649 4313 in·

277 4434 319 4512 (cl
340 4433 420 4494 Allbl
429 4433 607 4512 portorium,
622 4433 711 4492 malc.
930 4503 932 4508 .

278 4538 317 4618 (b)
338 4540 375 4600 In
388 4541 542 4618 prlvileglo
556 4555 609 4617 pro
631 4538 747 4600 elrlbus
765 4539 867 4600 Novae
887 4539 1022 4600 Civitatis
1042 4539 1151 4617 legitur
1172 4537 1213 4598 ad
1228 4546 1416 4619 perpetuom,
1441 4539 1522 4618 quod
1542 4540 1649 4601 rectius

237 4645 424 4708 nrbltramur.

278 4749 315 4830 (c)
337 4751 420 4812 Alibi
429 4769 488 4832 pro
499 4750 607 4814 mnu
621 4751 827 4830 teatisutcrlct.

317 4857 352 4919 V.
1491 4867 1509 4918 e
