4242 5904
209 599 311 659 ltrnvcr.
329 597 392 675 ll.]
665 594 863 656 HISTORIA
888 591 1184 656 nlrlottevlct.
1562 593 1622 654 215

209 734 316 806 saleru
332 739 367 804 et
380 730 494 804 Sicilie
507 751 591 822 rex,
609 731 757 803 ilenrico
773 731 819 804 de
832 730 945 802 Ebulo
958 728 1135 826 potestati,
1161 728 1302 802 coneilio
1321 736 1356 800 ot
1370 729 1434 802 toti
1449 731 1623 802 communi

208 855 365 930 Vicentie
381 853 544 927 fidelibus
559 853 633 927 suis
646 855 792 948 gratiam
806 875 906 926 suam
919 863 955 926 et
970 853 1096 927 bonam
1108 852 1333 926 voluntatem.
1349 853 1519 926 intellexit
1536 875 1624 926 sere·

208 979 299 1052 nitas
314 989 431 1052 nostra
448 978 544 1073 quod
565 977 747 1052 Albeu'ous
769 977 815 1051 de
839 979 1013 1068 Romano,
1037 997 1153 1049 comes
1168 975 1391 1048 vincentinus
1410 975 1474 1072 (l),
1492 977 1624 1071 Ugucio

210 1102 255 1176 de
268 1102 367 1192 Pilio,
381 1101 457 1174 Ode
470 1100 664 1174 devivario
676 1110 711 1173 et
725 1099 817 1172 lilius
829 1101 907 1192 ejus
920 1099 1232 1172 etdlarchabrunus
1245 1099 1290 1170 de
1303 1100 1442 1172 Vivario
1458 1110 1624 1173 eteorum

208 1235 298 1298 terre
314 1236 350 1297 et
373 1227 448 1298 loca
470 1236 505 1297 et
528 1227 595 1298 alie
611 1246 776 1320 persone,
799 1220 900 1314 ville,
921 1222 1043 1316 burgi,
1072 1233 1201 1310 castra,
1225 1222 1465 1296 universitates
1490 1233 1525 1296 et
1548 1225 1625 1297 loca

209 1348 255 1422 de
270 1349 427 1422 Vicentia
448 1349 549 1421 vobis
562 1359 597 1421 et
611 1349 743 1421 civitati
761 1357 877 1420 vestre
891 1367 962 1418 non
983 1346 1152 1418 obediunt
1171 1367 1235 1418 neo
1251 1346 1446 1419 intendunt.
1465 1347 1626 1420 Volentes

208 1473 316 1566 igitur
339 1494 402 1545 vos
422 1473 489 1544 sub
512 1473 601 1545 ielici
624 1472 778 1544 dominio
804 1471 975 1544 nostruin
996 1471 1183 1543 honeribus
1204 1471 1326 1542 vestris
1342 1491 1409 1542 non
1434 1471 1544 1542 minui
1562 1471 1624 1542 sed

209 1598 353 1691 augeri,
369 1597 481 1693 placet
493 1597 696 1670 excellentie
709 1605 824 1669 nostre
837 1596 936 1690 quod
952 1617 1073 1668 omnes
1089 1595 1284 1688 supradicte
1297 1615 1442 1690 persone
1456 1603 1490 1668 et
1506 1617 1625 1668 eorum

209 1730 300 1794 terre
316 1730 354 1794 et
369 1722 444 1795 loca
459 1731 494 1792 ct
516 1721 584 1793 alic
598 1741 758 1816 persone,
785 1720 1028 1792 universitates
1047 1728 1082 1790 et
1097 1719 1173 1790 loca
1189 1718 1234 1790 de
1250 1719 1325 1790 lone
1342 1718 1500 1814 superius
1514 1721 1627 1790 nomi-

209 1856 312 1934 nato,
333 1845 435 1917 vobis
457 1854 492 1916 et
514 1844 643 1917 civitati
668 1853 783 1916 vestre
806 1843 942 1916 subsint
958 1853 993 1914 et
1008 1843 1109 1936 plene
1128 1841 1358 1936 respondeant
1375 1851 1410 1916 et
1427 1842 1623 1933 intendanl;

210 1977 244 2039 et
268 1988 350 2040 ecoe
365 1967 459 2062 quod
477 1966 607 2038 eisdem
626 1967 751 2039 damus
769 1988 830 2061 per
847 1974 983 2038 nostras
1001 1966 1130 2038 litteras
1149 1967 1185 2038 in
1204 1965 1376 2039 mandatis
1402 1975 1442 2038 ut
1466 1967 1567 2040 vobis
1582 1965 1628 2040 de

211 2099 323 2164 cetero
335 2091 381 2164 ad
393 2091 558 2162 honorem
570 2099 606 2161 et
618 2088 816 2162 fidelitatem
831 2098 983 2164 nostram
1000 2089 1150 2162 debeant
1167 2091 1319 2185 plenarie
1330 2089 1551 2186 respondere.

257 2215 383 2288 Datum
396 2215 547 2302 Verone,
567 2213 629 2285 XV
640 2214 749 2305 junii,
767 2212 960 2286 indictione
975 2214 1021 2286 Xl
1035 2212 1102 2310 (2).

258 2337 331 2432 ligo
345 2335 721 2410 lohannesPulveraeii
743 2337 828 2408 sacri
849 2336 966 2430 palatii
983 2336 1140 2408 notarius
1156 2336 1310 2408 existens
1332 2336 1368 2406 in
1383 2336 1523 2430 publica
1546 2358 1628 2408 con·

211 2462 287 2534 silio
303 2461 452 2532 civitatis
467 2459 648 2532 Vincentio
658 2469 867 2555 congregato
880 2459 916 2531 in
933 2460 1062 2554 palatio
1077 2460 1270 2532 communis
1282 2460 1460 2532 Vincentio
1474 2469 1627 2554 tempore

211 2585 394 2680 potestarie
410 2583 542 2656 domini
558 2584 694 2656 Henriei
714 2584 760 2656 de
776 2585 888 2656 Ebulo
906 2584 1084 2679 potestatis
1103 2583 1300 2672 Vincentio,
1325 2583 1470 2656 litteram
1495 2584 1626 2656 domini

210 2708 362 2808 Federiei
376 2709 606 2780 Romanorum
618 2707 832 2801 imperatoris
845 2707 1012 2802 imperiali
1024 2707 1137 2800 sigillo
1145 2707 1339 2779 roboratam
1353 2709 1494 2802 perlegi,
1507 2709 1626 2780 audivi

213 2841 246 2904 et
268 2831 422 2904 intellexi
450 2841 485 2903 et
513 2839 633 2925 postea
655 2839 808 2901 tenorem
838 2831 948 2924 ipsius
974 2829 1050 2902 vidi
1079 2838 1114 2902 et
1138 2830 1337 2903 examinavi
1361 2839 1395 2902 et
1421 2829 1508 2902 illud
1532 2829 1625 2902 idem
1669 2833 1670 2838 ’

213 2957 410 3051 exemplum
427 2955 463 3027 in
475 2954 542 3027 hoo
556 2964 723 3048 quaterno
740 2953 935 3027 communis
953 2954 1087 3050 scripsi.

440 3287 1244 3299 ——n———u-a—--a--·-—-—·-a------n----—-
1247 3289 1322 3297 -----
1324 3289 1381 3300 --

264 3577 497 3684 Fridericus,
526 3576 788 3660 Romanorum
815 3577 1038 3686 imperator,
1071 3587 1148 3660 tres
1178 3577 1464 3661 constitutiones
1487 3587 1628 3660 ‘contro
1746 3625 1787 3656 i..

212 3709 419 3794 haereticos
433 3709 516 3820 jam
534 3724 645 3792 antea
668 3736 690 3792 e
710 3736 750 3792 se
766 3711 850 3819 ipso
868 3711 965 3792 latas
984 3722 1141 3793 renovat
1158 3721 1195 3792 et
1212 3710 1446 3820 promulgat.

292 3923 416 4002 (tnedtt.
432 3941 470 3984 ex
484 3926 588 4003 origin.
606 3926 637 3983 ln
657 3923 778 3984 archivo
797 3924 906 3984 Mussll.
928 3923 1018 4002 vulgo
1039 3920 1074 3982 de
1093 3919 1123 3981 lo
1141 3921 1317 4000 prestolare,
1332 3923 1414 3982 Libr.
1434 3939 1496 3982 cur.
1513 3923 1626 3983 archie-

330 4035 403 4112 pisc.
419 4032 531 4094 Arelat.
540 4077 550 4108 ,
565 4033 645 4093 uude
658 4033 789 4110 sigillum
802 4034 940 4094 evulsum
953 4035 1042 4109 perlit
1048 4075 1058 4106 ,
1075 4030 1295 4092 remanentibus
1312 4037 1431 4090 tantum
1450 4031 1511 4091 tilis
1529 4034 1628 4092 sericis

214 4213 591 4226 —nu—-o---e-uunu--u-o

247 4322 283 4394 (t)
301 4321 412 4378 Scilicet
428 4323 544 4395 Upoocio
557 4322 675 4380 nomine.

246 4419 282 4492 (2)
301 4419 379 4479 Verci
395 4419 479 4493 (sior.
490 4419 564 4492 dapis·
580 4419 697 4490 licelid,
709 4425 774 4476 tom.
787 4419 824 4490 ll,
842 4435 871 4492 p.
888 4417 949 4491 ⁴82)
966 4418 1016 4475 has
1028 4418 1131 4476 litteras
1145 4417 1215 4475 mule
1229 4417 1264 4474 ad
1277 4433 1341 4474 enu.
1362 4422 1431 4476 ⁴239
1443 4421 1575 4492 reserens,
1591 4423 1628 4480 ita

213 4515 461 4590 interpretatusest
476 4523 506 4573 ut
521 4516 638 4574 Albeuici
658 4523 687 4573 et
701 4516 816 4574 aliorum
832 4515 903 4573 bona
919 4523 1029 4589 propter
1049 4515 1220 4572 rebellionem
1239 4514 1386 4571 vicentinis
1406 4517 1530 4574 devoluta
1545 4517 1629 4574 luisse

213 4612 264 4670 lroc
274 4615 399 4671 mandato
414 4613 562 4672 denuntiet.
575 4614 694 4672 Rebellio
714 4620 804 4672 tamen
822 4614 937 4670 Alberici
950 4631 1002 4671 nou
1017 4619 1079 4670 ante
1093 4613 1172 4671 finem
1191 4612 1291 4669 mensis
1304 4612 1368 4669 maii
1389 4613 1469 4686 hujus
1484 4615 1545 4670 anni
1559 4619 1627 4672 ⁴239

215 4717 305 4769 exorta
317 4717 369 4784 est,
384 4718 412 4769 et
426 4718 485 4786 post
497 4713 652 4770 concionem
665 4710 800 4786 publicam
813 4712 890 4785 cujus
901 4711 928 4768 in
944 4711 1123 4770 instrumento
1137 4712 1238 4770 mentio
1252 4711 1290 4770 lit.
