4246 5906
514 631 576 696 564
1012 633 1226 698 rnrnnnrcr
1251 637 1426 699 succum
1742 637 1822 721 [nu.
1841 638 1925 706 rma.

514 787 583 862 que
603 767 768 840 bonorem
787 775 942 838 nostrum
959 769 1149 863 respiciunt
1166 781 1201 844 et
1215 770 1373 844 videritis
1389 768 1578 868 expedire,
1601 771 1714 844 taliter
1729 793 1795 844 ros
1812 793 1926 864 gerere

513 889 680 963 studeatis
694 889 792 983 quod
814 909 836 960 a
854 891 1030 982 majestate
1044 901 1159 965 nostra
1175 913 1238 987 pro
1257 893 1421 966 exhibitis
1439 903 1475 966 et
1494 892 1707 966 exhibendis
1727 895 1834 986 gratis
1851 915 1924 966 ser-

513 1011 607 1084 vitiis
619 1013 794 1084 fructuosa
806 1012 928 1085 merita
944 1015 1135 1108 reportetis.

564 1137 687 1208 [iatum
703 1131 753 1231 [ut
768 1133 902 1232 sumu}

745 1425 1288 1438 ——un—-c—n--u--n—-u
1290 1425 1706 1440 unffi

314 1707 480 1804 *ww
566 1699 788 1785 Mandatum
807 1703 858 1784 ed
874 1701 1102 1785 Riocardum
1119 1703 1167 1784 de
1185 1702 1346 1786 Pulcaro
1365 1713 1406 1786 ut
1419 1703 1633 1786 Bemabam
1652 1702 1921 1812 Campbionem

512 1841 550 1914 et
585 1833 800 1918 Orlandum
831 1835 880 1918 de
909 1836 1051 1918 Aversa
1082 1835 1132 1918 ab
1159 1835 1486 1920 administratione
1510 1835 1700 1920 bonorum
1729 1836 1921 1954 quondam

511 1966 693 2050 iohannis
707 1969 755 2050 de
769 1968 970 2050 Laurentio
989 1979 1175 2076 amoveat,
1191 1979 1229 2051 et
1246 1969 1295 2052 de
1312 1968 1423 2052 bonis
1441 1969 1584 2052 eisdem
1603 1968 1703 2052 mule
1714 1969 1920 2078 procuratis

512 2099 562 2183 ab
580 2099 673 2210 ipsis
691 2099 859 2182 debitam
876 2099 1060 2184 ultionem
1078 2110 1218 2184 sumat.

313 1816 340 1859 tt
348 1790 479 1858 bebamb’rte.

594 2301 722 2383 (naar.
740 2303 842 2382 imper.
858 2299 977 2362 stede.
993 2301 1032 2374 11,
1048 2301 1098 2364 inb
1116 2311 1155 2364 et
1168 2317 1269 2380 vcrao;
1284 2303 1315 2362 tn
1328 2301 1400 2362 edit.
1415 2301 1552 2378 Cerenn,
1568 2317 1598 2378 p.
1616 2301 1699 2378 ²86.)

561 2495 608 2563 De
622 2491 789 2585 imperiali
806 2489 963 2564 mndata
977 2493 1064 2583 sacto
1079 2511 1142 2584 per
1159 2491 1357 2584 amputatam
1374 2491 1510 2560 Petram
1532 2488 1572 2560 dc
1592 2489 1693 2560 Viaco
1708 2488 1841 2581 enupsit
1855 2487 1919 2558 An·

509 2615 601 2710 pelas
620 2615 660 2686 de
675 2614 819 2708 Copae:

560 2734 779 2827 Fredericus,
801 2744 885 2824 etc.‚
904 2735 1069 2810 Riccardo
1086 2735 1132 2808 de
1146 2735 1306 2826 Pulcaro,
1331 2745 1397 2807 etc.
1420 2735 1571 2807 innotuit
1589 2733 1785 2808 celsitudini
1810 2741 1921 2806 nostm

511 2858 608 2954 quod
624 2881 703 2931 cnm
727 2861 808 2934 oiim
832 2859 878 2934 de
894 2859 1057 2934 mandato
1080 2869 1198 2933 nostro
1216 2859 1370 2953 quedam
1392 2860 1622 2955 possessiones
1642 2869 1678 2932 et
1693 2857 1820 2931 domus
1836 2877 1921 2952 quas

512 2983 675 3076 magister
701 2985 851 3058 Ioannes
878 2983 924 3057 de
947 2983 1130 3056 Laurentio
1159 2983 1327 3056 babuerat
1347 2984 1382 3054 in
1408 2983 1526 3078 Capua
1552 2993 1587 3056 et
1611 2981 1824 3078 pertinentiis
1848 2981 1922 3071 ejus

512 3117 626 3181 essent
647 3107 693 3180 ad
715 3129 840 3181 manns
858 3116 973 3180 nostre
998 3107 1094 3180 curie
1113 3115 1288 3197 revocate,
1314 3107 1468 3200 Angelus
1488 3105 1533 3179 de
1553 3106 1666 3179 Murra
1683 3104 1795 3178 fidelis
1811 3113 1922 3176 noster

513 3253 567 3306 res
583 3231 675 3328 ipsas
690 3231 757 3303 iilis
775 3231 1056 3326 procuratoribus
1076 3231 1137 3326 qui
1155 3253 1211 3304 res
1229 3231 1316 3304 aliae
1337 3229 1412 3303 fisci
1432 3230 1538 3302 nostri
1563 3229 1599 3300 in
1621 3227 1738 3324 Capua
1760 3248 1920 3323 procura·

512 3355 597 3428 bant
621 3355 840 3428 oommiotere
861 3355 989 3443 noluit,
1013 3354 1077 3429 sed
1101 3355 1256 3428 Bernaba
1276 3353 1478 3448 Camphioni
1500 3363 1535 3425 et
1556 3351 1708 3426 Orlando
1729 3351 1774 3424 de
1793 3351 1921 3424 Aversa

512 3479 649 3553 civibus
667 3477 856 3574 Capuanis,
876 3477 1074 3552 hominibus
1091 3479 1232 3572 quidem
1248 3478 1336 3551 levia
1357 3478 1428 3550 vite
1443 3487 1478 3550 et
1494 3479 1583 3549 teme
1602 3496 1672 3549 non
1694 3475 1804 3565 bone,
1823 3495 1921 3548 oom-

512 3603 604 3676 misit
631 3623 691 3675 eae
715 3601 762 3676 ad
791 3624 880 3698 opus
908 3611 1023 3676 nostro
1051 3603 1147 3676 curie
1169 3601 1420 3698 procurandam
1445 3603 1508 3695 qui
1539 3601 1629 3672 sicut
1652 3599 1853 3672 audivimus
1877 3597 1919 3670 de

512 3725 706 3800 redditibus
728 3737 764 3798 et
789 3727 1015 3822 proventibus
1038 3727 1191 3822 ipsarum
1217 3747 1331 3798 rernm
1360 3745 1522 3817 magnam
1550 3733 1679 3818 partem
1707 3723 1742 3793 in
1766 3745 1869 3794 usnm
1887 3732 1920 3794 et

513 3850 693 3924 utilitatem
718 3851 892 3946 propriam
910 3860 1153 3922 converterunt
1178 3849 1416 3944 potiusquam
1440 3857 1663 3942 augmentum
1690 3857 1805 3918 nostre
1826 3845 1919 3917 curie

511 3983 754 4070 procurarent,
777 3973 814 4044 in
833 3971 906 4046 fisci
929 3973 1037 4045 nostri
1057 3993 1126 4045 nnn
1145 3972 1318 4046 modicam
1338 3971 1513 4046 lesionem.
1538 3969 1689 4056 Quodsi
1709 3989 1832 4040 verum
1848 3977 1915 4056 est,

511 4097 594 4170 satie
611 4109 726 4170 nostre
743 4096 902 4192 displicet
915 4097 1096 4189 majestati.
1118 4095 1217 4170 Unde
1234 4117 1314 4194 cnm
1330 4095 1367 4168 in
1383 4093 1609 4192 procurandis
1625 4093 1728 4164 rebus
1746 4091 1831 4188 ipsis
1848 4089 1919 4164 du-

510 4222 654 4318 plicatas
668 4241 840 4316 expensas
855 4229 1005 4294 nostram
1024 4220 1155 4292 curiam
1180 4221 1291 4293 iacere
1315 4241 1384 4292 non
1410 4218 1575 4304 velimus,
1598 4224 1634 4287 et
1657 4215 1806 4310 prefatos
1826 4215 1866 4284 B.
1886 4220 1919 4285 at

510 4344 700 4418 Orlandnm
717 4343 825 4417 veluti
838 4364 902 4416 sue
917 4342 999 4416 fidei
1012 4341 1177 4438 prodigos
1193 4351 1227 4414 et
1242 4343 1446 4416 sacramenti
1463 4339 1659 4413 temerarios
1670 4348 1918 4432 contemptores

386 4461 391 4470 “
510 4489 582 4563 qno
598 4490 653 4542 res
674 4466 748 4540 fisci
764 4468 870 4541 nostri
886 4489 955 4540 nnn
970 4467 1142 4560 minuere,
1158 4465 1221 4538 sed
1236 4487 1364 4561 augere
1376 4465 1585 4556 debuerant,
1603 4463 1750 4536 nolimus
1766 4460 1811 4532 de
1826 4481 1918 4532 com·

510 4593 624 4665 missis
643 4592 846 4678 excessibus
863 4591 1050 4686 impunitos
1080 4590 1211 4662 ransire
1228 4591 1313 4684 quin
1328 4589 1480 4662 debitam
1495 4586 1640 4682 proinde
1655 4586 1804 4658 sentiant
1819 4579 1916 4654 ultio-

511 4737 608 4808 nem,
626 4713 782 4788 iidelitati
807 4725 866 4787 tue
887 4714 1094 4810 precipimus
1113 4723 1148 4786 et
1172 4713 1381 4786 mandamus
1398 4721 1586 4808 quatenus,
1609 4711 1638 4782 si
1655 4709 1716 4780 tibi
1734 4706 1915 4780 oonstiterit
