<?xml version="1.0" encoding="UTF-8"?>
<!DOCTYPE html PUBLIC "-//W3C//DTD XHTML 1.0 Transitional//EN"
    "http://www.w3.org/TR/xhtml1/DTD/xhtml1-transitional.dtd">
<html xmlns="http://www.w3.org/1999/xhtml" xml:lang="en" lang="en">
 <head>
  <title>
</title>
<meta http-equiv="Content-Type" content="text/html;charset=utf-8" />
  <meta name='ocr-system' content='tesseract 3.04.00' />
  <meta name='ocr-capabilities' content='ocr_page ocr_carea ocr_par ocr_line ocrx_word'/>
</head>
<body>
  <div class='ocr_page' id='page_1' title='image "./historiadiploma02fredgoog_0614.png"; bbox 0 0 4262 5910; ppageno 0'>
   <div class='ocr_carea' id='block_1_1' title="bbox 227 647 1631 734">
    <p class='ocr_par' dir='ltr' id='par_1_1' title="bbox 227 647 1631 734">
     <span class='ocr_line' id='line_1_1' title="bbox 227 647 1631 734; baseline -0.004 -20"><span class='ocrx_word' id='word_1_1' title='bbox 227 655 326 716; x_wconf 79' lang='lat' dir='ltr'><strong>lauras.</strong></span> <span class='ocrx_word' id='word_1_2' title='bbox 345 650 404 734; x_wconf 84' lang='lat' dir='ltr'><strong>l3.]</strong></span> <span class='ocrx_word' id='word_1_3' title='bbox 677 653 872 716; x_wconf 78' lang='lat' dir='ltr'>HISTORIA</span> <span class='ocrx_word' id='word_1_4' title='bbox 892 653 1183 716; x_wconf 72' lang='lat' dir='ltr'><strong>alamannica.</strong></span> <span class='ocrx_word' id='word_1_5' title='bbox 1574 647 1631 710; x_wconf 85' lang='lat'><strong>601</strong></span> 
     </span>
    </p>
   </div>
   <div class='ocr_carea' id='block_1_2' title="bbox 232 787 1638 2852">
    <p class='ocr_par' dir='ltr' id='par_1_2' title="bbox 232 787 1635 1006">
     <span class='ocr_line' id='line_1_2' title="bbox 279 787 1635 884; baseline -0.001 -26"><span class='ocrx_word' id='word_1_6' title='bbox 279 788 497 860; x_wconf 78' lang='lat' dir='ltr'><strong>demandato</strong></span> <span class='ocrx_word' id='word_1_7' title='bbox 515 787 683 882; x_wconf 72' lang='lat' dir='ltr'><strong>imperiali</strong></span> <span class='ocrx_word' id='word_1_8' title='bbox 695 791 783 880; x_wconf 75' lang='lat' dir='ltr'><strong>[octo</strong></span> <span class='ocrx_word' id='word_1_9' title='bbox 798 813 860 884; x_wconf 81' lang='lat' dir='ltr'><strong>per</strong></span> <span class='ocrx_word' id='word_1_10' title='bbox 875 791 1071 884; x_wconf 80' lang='lat' dir='ltr'><strong>mopistrom</strong></span> <span class='ocrx_word' id='word_1_11' title='bbox 1085 791 1127 863; x_wconf 84' lang='lat' dir='ltr'><strong>R.</strong></span> <span class='ocrx_word' id='word_1_12' title='bbox 1146 790 1186 860; x_wconf 84' lang='lat' dir='ltr'><strong>dc</strong></span> <span class='ocrx_word' id='word_1_13' title='bbox 1205 791 1368 880; x_wconf 84' lang='lat' dir='ltr'><strong>Trojecto,</strong></span> <span class='ocrx_word' id='word_1_14' title='bbox 1384 788 1518 880; x_wconf 75' lang='lat' dir='ltr'><strong><em>scripsit</em></strong></span> <span class='ocrx_word' id='word_1_15' title='bbox 1536 787 1579 857; x_wconf 92' lang='lat' dir='ltr'><strong>P.</strong></span> <span class='ocrx_word' id='word_1_16' title='bbox 1595 787 1635 857; x_wconf 83' lang='lat' dir='ltr'><strong>de</strong></span> 
     </span>
     <span class='ocr_line' id='line_1_3' title="bbox 232 911 736 1006; baseline 0.004 -25"><span class='ocrx_word' id='word_1_17' title='bbox 232 911 348 1005; x_wconf 80' lang='lat' dir='ltr'><strong>Capua</strong></span> <span class='ocrx_word' id='word_1_18' title='bbox 366 912 498 984; x_wconf 81' lang='lat' dir='ltr'><strong>listerus</strong></span> <span class='ocrx_word' id='word_1_19' title='bbox 509 911 736 1006; x_wconf 70' lang='lat' dir='ltr'><strong><em>responsales:</em></strong></span> 
     </span>
    </p>

    <p class='ocr_par' dir='ltr' id='par_1_3' title="bbox 233 1032 1638 2728">
     <span class='ocr_line' id='line_1_4' title="bbox 280 1032 1636 1130; baseline 0 -26"><span class='ocrx_word' id='word_1_20' title='bbox 280 1034 498 1126; x_wconf 88' lang='lat' dir='ltr'><strong>Frederieus,</strong></span> <span class='ocrx_word' id='word_1_21' title='bbox 525 1043 607 1125; x_wconf 77' lang='lat' dir='ltr'><strong>ete,</strong></span> <span class='ocrx_word' id='word_1_22' title='bbox 629 1033 885 1130; x_wconf 86' lang='lat' dir='ltr'><strong>archiepiscopo</strong></span> <span class='ocrx_word' id='word_1_23' title='bbox 906 1036 1084 1129; x_wconf 90' lang='lat' dir='ltr'><strong>Capuano,</strong></span> <span class='ocrx_word' id='word_1_24' title='bbox 1104 1043 1171 1108; x_wconf 90' lang='lat' dir='ltr'><strong>etc.</strong></span> <span class='ocrx_word' id='word_1_25' title='bbox 1200 1033 1398 1107; x_wconf 86' lang='lat' dir='ltr'><strong>Deuotionis</strong></span> <span class='ocrx_word' id='word_1_26' title='bbox 1419 1042 1478 1106; x_wconf 90' lang='lat' dir='ltr'><strong>tue</strong></span> <span class='ocrx_word' id='word_1_27' title='bbox 1502 1032 1636 1104; x_wconf 87' lang='lat' dir='ltr'><strong>lieteras</strong></span> 
     </span>
     <span class='ocr_line' id='line_1_5' title="bbox 234 1153 1636 1252; baseline -0.004 -21"><span class='ocrx_word' id='word_1_28' title='bbox 234 1158 456 1252; x_wconf 74' lang='lat' dir='ltr'><strong>benignitate,</strong></span> <span class='ocrx_word' id='word_1_29' title='bbox 477 1167 558 1247; x_wconf 87' lang='lat' dir='ltr'><strong>etc.;</strong></span> <span class='ocrx_word' id='word_1_30' title='bbox 579 1155 733 1228; x_wconf 88' lang='lat' dir='ltr'><strong>studium</strong></span> <span class='ocrx_word' id='word_1_31' title='bbox 752 1165 786 1230; x_wconf 92' lang='lat' dir='ltr'><strong>et</strong></span> <span class='ocrx_word' id='word_1_32' title='bbox 808 1157 1071 1230; x_wconf 86' lang='lat' dir='ltr'><strong>sollicitudinem</strong></span> <span class='ocrx_word' id='word_1_33' title='bbox 1098 1167 1191 1229; x_wconf 90' lang='lat' dir='ltr'><strong>tuam</strong></span> <span class='ocrx_word' id='word_1_34' title='bbox 1208 1179 1313 1250; x_wconf 91' lang='lat' dir='ltr'><strong>quam</strong></span> <span class='ocrx_word' id='word_1_35' title='bbox 1331 1177 1435 1250; x_wconf 90' lang='lat' dir='ltr'><strong>super</strong></span> <span class='ocrx_word' id='word_1_36' title='bbox 1456 1153 1636 1228; x_wconf 88' lang='lat' dir='ltr'><strong>mielendis</strong></span> 
     </span>
     <span class='ocr_line' id='line_1_6' title="bbox 233 1278 1637 1374; baseline -0.001 -23"><span class='ocrx_word' id='word_1_37' title='bbox 233 1279 332 1354; x_wconf 86' lang='lat' dir='ltr'><strong>uobis</strong></span> <span class='ocrx_word' id='word_1_38' title='bbox 351 1280 548 1352; x_wconf 89' lang='lat' dir='ltr'><strong>nominibus</strong></span> <span class='ocrx_word' id='word_1_39' title='bbox 560 1279 755 1352; x_wconf 91' lang='lat' dir='ltr'><strong>officialium</strong></span> <span class='ocrx_word' id='word_1_40' title='bbox 770 1279 934 1370; x_wconf 79' lang='lat' dir='ltr'><strong>habuisti,</strong></span> <span class='ocrx_word' id='word_1_41' title='bbox 952 1281 1080 1373; x_wconf 90' lang='lat' dir='ltr'><strong>quibus</strong></span> <span class='ocrx_word' id='word_1_42' title='bbox 1099 1290 1214 1351; x_wconf 87' lang='lat' dir='ltr'><strong>nostra</strong></span> <span class='ocrx_word' id='word_1_43' title='bbox 1229 1278 1362 1352; x_wconf 92' lang='lat' dir='ltr'><strong>dudum</strong></span> <span class='ocrx_word' id='word_1_44' title='bbox 1378 1300 1437 1374; x_wconf 89' lang='lat' dir='ltr'><strong>per</strong></span> <span class='ocrx_word' id='word_1_45' title='bbox 1455 1289 1506 1367; x_wconf 87' lang='lat' dir='ltr'><strong>te,</strong></span> <span class='ocrx_word' id='word_1_46' title='bbox 1527 1299 1637 1350; x_wconf 88' lang='lat' dir='ltr'><strong>vene-</strong></span> 
     </span>
     <span class='ocr_line' id='line_1_7' title="bbox 234 1401 1636 1498; baseline -0.003 -22"><span class='ocrx_word' id='word_1_47' title='bbox 234 1402 375 1477; x_wconf 87' lang='lat' dir='ltr'><strong>rabilem</strong></span> <span class='ocrx_word' id='word_1_48' title='bbox 386 1401 664 1476; x_wconf 86' lang='lat' dir='ltr'><strong>Panormitannm</strong></span> <span class='ocrx_word' id='word_1_49' title='bbox 677 1401 969 1498; x_wconf 88' lang='lat' dir='ltr'><strong>archiepiscopum</strong></span> <span class='ocrx_word' id='word_1_50' title='bbox 983 1413 1018 1474; x_wconf 90' lang='lat' dir='ltr'><strong>et</strong></span> <span class='ocrx_word' id='word_1_51' title='bbox 1030 1403 1229 1498; x_wconf 88' lang='lat' dir='ltr'><strong>episcopum</strong></span> <span class='ocrx_word' id='word_1_52' title='bbox 1240 1403 1479 1474; x_wconf 85' lang='lat' dir='ltr'><strong>Ravellensem</strong></span> <span class='ocrx_word' id='word_1_53' title='bbox 1495 1402 1636 1488; x_wconf 76' lang='lat' dir='ltr'><strong>dilectos</strong></span> 
     </span>
     <span class='ocr_line' id='line_1_8' title="bbox 235 1524 1636 1618; baseline 0 -22"><span class='ocrx_word' id='word_1_54' title='bbox 235 1527 418 1598; x_wconf 76' lang='lat' dir='ltr'><strong>familiares</strong></span> <span class='ocrx_word' id='word_1_55' title='bbox 431 1535 465 1598; x_wconf 87' lang='lat' dir='ltr'><strong>et</strong></span> <span class='ocrx_word' id='word_1_56' title='bbox 482 1524 600 1598; x_wconf 88' lang='lat' dir='ltr'><strong>fideles</strong></span> <span class='ocrx_word' id='word_1_57' title='bbox 619 1534 751 1598; x_wconf 88' lang='lat' dir='ltr'><strong>nostros</strong></span> <span class='ocrx_word' id='word_1_58' title='bbox 767 1533 848 1596; x_wconf 89' lang='lat' dir='ltr'><strong>sunt</strong></span> <span class='ocrx_word' id='word_1_59' title='bbox 868 1525 1049 1598; x_wconf 86' lang='lat' dir='ltr'><strong>commissa</strong></span> <span class='ocrx_word' id='word_1_60' title='bbox 1068 1525 1225 1612; x_wconf 88' lang='lat' dir='ltr'><strong>servitia,</strong></span> <span class='ocrx_word' id='word_1_61' title='bbox 1248 1525 1435 1618; x_wconf 90' lang='lat' dir='ltr'><strong>plurimum</strong></span> <span class='ocrx_word' id='word_1_62' title='bbox 1459 1545 1636 1598; x_wconf 84' lang='lat' dir='ltr'><strong>commen-</strong></span> 
     </span>
     <span class='ocr_line' id='line_1_9' title="bbox 235 1647 1637 1744; baseline 0.002 -24"><span class='ocrx_word' id='word_1_63' title='bbox 235 1649 368 1721; x_wconf 87' lang='lat' dir='ltr'><strong>dantes.</strong></span> <span class='ocrx_word' id='word_1_64' title='bbox 398 1650 507 1744; x_wconf 86' lang='lat' dir='ltr'>Super</span> <span class='ocrx_word' id='word_1_65' title='bbox 531 1670 573 1720; x_wconf 87' lang='lat' dir='ltr'><strong>eo</strong></span> <span class='ocrx_word' id='word_1_66' title='bbox 599 1657 714 1722; x_wconf 91' lang='lat' dir='ltr'><strong>autem</strong></span> <span class='ocrx_word' id='word_1_67' title='bbox 736 1647 831 1741; x_wconf 89' lang='lat' dir='ltr'><strong>quod</strong></span> <span class='ocrx_word' id='word_1_68' title='bbox 857 1648 930 1742; x_wconf 89' lang='lat' dir='ltr'><strong>ipse</strong></span> <span class='ocrx_word' id='word_1_69' title='bbox 957 1658 1017 1720; x_wconf 90' lang='lat' dir='ltr'><strong>tue</strong></span> <span class='ocrx_word' id='word_1_70' title='bbox 1042 1649 1156 1720; x_wconf 88' lang='lat' dir='ltr'><strong>lietera</strong></span> <span class='ocrx_word' id='word_1_71' title='bbox 1178 1649 1352 1721; x_wconf 77' lang='lat' dir='ltr'><strong>continent</strong></span> <span class='ocrx_word' id='word_1_72' title='bbox 1380 1649 1475 1742; x_wconf 91' lang='lat' dir='ltr'><strong>qnod</strong></span> <span class='ocrx_word' id='word_1_73' title='bbox 1503 1661 1637 1744; x_wconf 88' lang='lat' dir='ltr'><strong>propter</strong></span> 
     </span>
     <span class='ocr_line' id='line_1_10' title="bbox 236 1769 1636 1868; baseline 0.004 -26"><span class='ocrx_word' id='word_1_74' title='bbox 236 1771 465 1844; x_wconf 86' lang='lat' dir='ltr'><strong>infirmitatem</strong></span> <span class='ocrx_word' id='word_1_75' title='bbox 489 1793 594 1864; x_wconf 89' lang='lat' dir='ltr'><strong>quam</strong></span> <span class='ocrx_word' id='word_1_76' title='bbox 611 1791 731 1866; x_wconf 88' lang='lat' dir='ltr'><strong>passus</strong></span> <span class='ocrx_word' id='word_1_77' title='bbox 745 1792 783 1842; x_wconf 91' lang='lat' dir='ltr'><strong>es</strong></span> <span class='ocrx_word' id='word_1_78' title='bbox 799 1779 833 1842; x_wconf 87' lang='lat' dir='ltr'><strong>et</strong></span> <span class='ocrx_word' id='word_1_79' title='bbox 848 1771 996 1865; x_wconf 88' lang='lat' dir='ltr'><strong>pateris,</strong></span> <span class='ocrx_word' id='word_1_80' title='bbox 1012 1769 1057 1844; x_wconf 92' lang='lat' dir='ltr'><strong>de</strong></span> <span class='ocrx_word' id='word_1_81' title='bbox 1075 1793 1145 1864; x_wconf 88' lang='lat' dir='ltr'><strong>qua</strong></span> <span class='ocrx_word' id='word_1_82' title='bbox 1168 1771 1229 1842; x_wconf 91' lang='lat' dir='ltr'><strong>tibi</strong></span> <span class='ocrx_word' id='word_1_83' title='bbox 1245 1793 1313 1844; x_wconf 90' lang='lat' dir='ltr'><strong>uon</strong></span> <span class='ocrx_word' id='word_1_84' title='bbox 1329 1773 1473 1862; x_wconf 79' lang='lat' dir='ltr'><strong>indigne</strong></span> <span class='ocrx_word' id='word_1_85' title='bbox 1491 1795 1636 1868; x_wconf 88' lang='lat' dir='ltr'><strong>compa-</strong></span> 
     </span>
     <span class='ocr_line' id='line_1_11' title="bbox 235 1893 1633 1988; baseline 0.002 -22"><span class='ocrx_word' id='word_1_86' title='bbox 235 1897 355 1985; x_wconf 91' lang='lat' dir='ltr'><strong>timur,</strong></span> <span class='ocrx_word' id='word_1_87' title='bbox 376 1896 614 1966; x_wconf 89' lang='lat' dir='ltr'><strong>universorum</strong></span> <span class='ocrx_word' id='word_1_88' title='bbox 637 1893 833 1964; x_wconf 88' lang='lat' dir='ltr'><strong>officialium</strong></span> <span class='ocrx_word' id='word_1_89' title='bbox 855 1893 996 1965; x_wconf 88' lang='lat' dir='ltr'><strong>uomina</strong></span> <span class='ocrx_word' id='word_1_90' title='bbox 1015 1894 1115 1987; x_wconf 89' lang='lat' dir='ltr'><strong>plene</strong></span> <span class='ocrx_word' id='word_1_91' title='bbox 1136 1893 1234 1965; x_wconf 91' lang='lat' dir='ltr'><strong>uobis</strong></span> <span class='ocrx_word' id='word_1_92' title='bbox 1256 1894 1405 1966; x_wconf 86' lang='lat' dir='ltr'><strong>scribere</strong></span> <span class='ocrx_word' id='word_1_93' title='bbox 1428 1897 1633 1988; x_wconf 80' lang='lat' dir='ltr'><strong>nequivisti,</strong></span> 
     </span>
     <span class='ocr_line' id='line_1_12' title="bbox 236 2017 1636 2114; baseline 0.003 -24"><span class='ocrx_word' id='word_1_94' title='bbox 236 2019 303 2092; x_wconf 89' lang='lat' dir='ltr'><strong>nisi</strong></span> <span class='ocrx_word' id='word_1_95' title='bbox 322 2017 494 2112; x_wconf 87' lang='lat' dir='ltr'><strong>usquead</strong></span> <span class='ocrx_word' id='word_1_96' title='bbox 510 2026 645 2112; x_wconf 85' lang='lat' dir='ltr'><strong>tempus</strong></span> <span class='ocrx_word' id='word_1_97' title='bbox 663 2038 733 2110; x_wconf 81' lang='lat' dir='ltr'><strong>quo</strong></span> <span class='ocrx_word' id='word_1_98' title='bbox 757 2017 938 2090; x_wconf 71' lang='lat' dir='ltr'><strong>felicitans</strong></span> <span class='ocrx_word' id='word_1_99' title='bbox 961 2019 1053 2091; x_wconf 85' lang='lat' dir='ltr'><strong>Fano</strong></span> <span class='ocrx_word' id='word_1_100' title='bbox 1067 2017 1116 2112; x_wconf 83' lang='lat' dir='ltr'><strong>(o)</strong></span> <span class='ocrx_word' id='word_1_101' title='bbox 1131 2018 1373 2112; x_wconf 82' lang='lat' dir='ltr'><strong>processimus,</strong></span> <span class='ocrx_word' id='word_1_102' title='bbox 1396 2041 1457 2113; x_wconf 87' lang='lat' dir='ltr'><strong>pro</strong></span> <span class='ocrx_word' id='word_1_103' title='bbox 1479 2041 1520 2092; x_wconf 87' lang='lat' dir='ltr'><strong>ao</strong></span> <span class='ocrx_word' id='word_1_104' title='bbox 1542 2021 1636 2114; x_wconf 92' lang='lat' dir='ltr'><strong>quud</strong></span> 
     </span>
     <span class='ocr_line' id='line_1_13' title="bbox 236 2138 1635 2235; baseline 0.001 -21"><span class='ocrx_word' id='word_1_105' title='bbox 236 2142 318 2214; x_wconf 90' lang='lat' dir='ltr'><strong>dieti</strong></span> <span class='ocrx_word' id='word_1_106' title='bbox 339 2141 520 2214; x_wconf 74' lang='lat' dir='ltr'><strong>familiares</strong></span> <span class='ocrx_word' id='word_1_107' title='bbox 536 2140 642 2214; x_wconf 89' lang='lat' dir='ltr'><strong>nostri</strong></span> <span class='ocrx_word' id='word_1_108' title='bbox 666 2138 845 2212; x_wconf 88' lang='lat' dir='ltr'><strong>nobiscnm</strong></span> <span class='ocrx_word' id='word_1_109' title='bbox 865 2139 911 2212; x_wconf 89' lang='lat' dir='ltr'><strong>ad</strong></span> <span class='ocrx_word' id='word_1_110' title='bbox 936 2163 1076 2234; x_wconf 88' lang='lat' dir='ltr'><strong>presens</strong></span> <span class='ocrx_word' id='word_1_111' title='bbox 1100 2142 1347 2235; x_wconf 82' lang='lat' dir='ltr'><strong>presentialiter</strong></span> <span class='ocrx_word' id='word_1_112' title='bbox 1362 2152 1635 2233; x_wconf 86' lang='lat' dir='ltr'><strong>commorentur,</strong></span> 
     </span>
     <span class='ocr_line' id='line_1_14' title="bbox 235 2263 1637 2359; baseline 0.003 -24"><span class='ocrx_word' id='word_1_113' title='bbox 235 2287 314 2336; x_wconf 91' lang='lat' dir='ltr'><strong>uum</strong></span> <span class='ocrx_word' id='word_1_114' title='bbox 327 2265 455 2357; x_wconf 88' lang='lat' dir='ltr'><strong>quibus</strong></span> <span class='ocrx_word' id='word_1_115' title='bbox 469 2265 586 2343; x_wconf 84' lang='lat' dir='ltr'><strong>etiam,</strong></span> <span class='ocrx_word' id='word_1_116' title='bbox 598 2273 637 2334; x_wconf 91' lang='lat' dir='ltr'><strong>ut</strong></span> <span class='ocrx_word' id='word_1_117' title='bbox 651 2263 827 2358; x_wconf 86' lang='lat' dir='ltr'><strong>scripsisti,</strong></span> <span class='ocrx_word' id='word_1_118' title='bbox 841 2285 909 2336; x_wconf 93' lang='lat' dir='ltr'><strong>non</strong></span> <span class='ocrx_word' id='word_1_119' title='bbox 922 2265 1049 2359; x_wconf 88' lang='lat' dir='ltr'><strong>poteris</strong></span> <span class='ocrx_word' id='word_1_120' title='bbox 1060 2263 1210 2336; x_wconf 86' lang='lat' dir='ltr'><strong>assiduis</strong></span> <span class='ocrx_word' id='word_1_121' title='bbox 1222 2265 1345 2338; x_wconf 87' lang='lat' dir='ltr'><strong>uostris</strong></span> <span class='ocrx_word' id='word_1_122' title='bbox 1358 2266 1543 2337; x_wconf 87' lang='lat' dir='ltr'><strong>ratiociniis</strong></span> <span class='ocrx_word' id='word_1_123' title='bbox 1554 2267 1637 2340; x_wconf 90' lang='lat' dir='ltr'><strong>resi·</strong></span> 
     </span>
     <span class='ocr_line' id='line_1_15' title="bbox 236 2385 1638 2482; baseline 0.002 -22"><span class='ocrx_word' id='word_1_124' title='bbox 236 2388 334 2478; x_wconf 88' lang='lat' dir='ltr'><strong>dere,</strong></span> <span class='ocrx_word' id='word_1_125' title='bbox 355 2409 417 2480; x_wconf 91' lang='lat' dir='ltr'><strong>par</strong></span> <span class='ocrx_word' id='word_1_126' title='bbox 438 2407 497 2460; x_wconf 91' lang='lat' dir='ltr'><strong>eos</strong></span> <span class='ocrx_word' id='word_1_127' title='bbox 521 2387 705 2460; x_wconf 85' lang='lat' dir='ltr'><strong>familiares</strong></span> <span class='ocrx_word' id='word_1_128' title='bbox 729 2395 763 2458; x_wconf 89' lang='lat' dir='ltr'><strong>et</strong></span> <span class='ocrx_word' id='word_1_129' title='bbox 783 2385 902 2460; x_wconf 88' lang='lat' dir='ltr'><strong>fideles</strong></span> <span class='ocrx_word' id='word_1_130' title='bbox 922 2396 1058 2460; x_wconf 90' lang='lat' dir='ltr'><strong>nostros</strong></span> <span class='ocrx_word' id='word_1_131' title='bbox 1082 2387 1127 2460; x_wconf 90' lang='lat' dir='ltr'><strong>de</strong></span> <span class='ocrx_word' id='word_1_132' title='bbox 1150 2387 1292 2481; x_wconf 88' lang='lat' dir='ltr'><strong>reliquis</strong></span> <span class='ocrx_word' id='word_1_133' title='bbox 1315 2387 1435 2460; x_wconf 87' lang='lat' dir='ltr'><strong>officiis</strong></span> <span class='ocrx_word' id='word_1_134' title='bbox 1461 2392 1638 2482; x_wconf 85' lang='lat' dir='ltr'><strong>sequentis</strong></span> 
     </span>
     <span class='ocr_line' id='line_1_16' title="bbox 235 2508 1638 2608; baseline 0.001 -25"><span class='ocrx_word' id='word_1_135' title='bbox 235 2511 415 2606; x_wconf 89' lang='lat' dir='ltr'><strong>temporis,</strong></span> <span class='ocrx_word' id='word_1_136' title='bbox 435 2518 603 2602; x_wconf 89' lang='lat' dir='ltr'><strong>quantum</strong></span> <span class='ocrx_word' id='word_1_137' title='bbox 622 2529 682 2604; x_wconf 90' lang='lat' dir='ltr'><strong>per</strong></span> <span class='ocrx_word' id='word_1_138' title='bbox 702 2529 762 2582; x_wconf 87' lang='lat' dir='ltr'><strong>eos</strong></span> <span class='ocrx_word' id='word_1_139' title='bbox 783 2508 861 2580; x_wconf 88' lang='lat' dir='ltr'><strong>sciri</strong></span> <span class='ocrx_word' id='word_1_140' title='bbox 884 2509 1022 2604; x_wconf 86' lang='lat' dir='ltr'><strong>poterit,</strong></span> <span class='ocrx_word' id='word_1_141' title='bbox 1044 2510 1240 2582; x_wconf 90' lang='lat' dir='ltr'><strong>curabimus</strong></span> <span class='ocrx_word' id='word_1_142' title='bbox 1260 2510 1401 2602; x_wconf 85' lang='lat' dir='ltr'><strong>instrui,</strong></span> <span class='ocrx_word' id='word_1_143' title='bbox 1423 2511 1524 2602; x_wconf 86' lang='lat' dir='ltr'><strong>juxta</strong></span> <span class='ocrx_word' id='word_1_144' title='bbox 1545 2514 1638 2608; x_wconf 88' lang='lat' dir='ltr'><strong>quud</strong></span> 
     </span>
     <span class='ocr_line' id='line_1_17' title="bbox 237 2631 1015 2728; baseline -0.001 -23"><span class='ocrx_word' id='word_1_145' title='bbox 237 2633 369 2706; x_wconf 89' lang='lat' dir='ltr'><strong>utilitati</strong></span> <span class='ocrx_word' id='word_1_146' title='bbox 386 2641 500 2706; x_wconf 91' lang='lat' dir='ltr'><strong>nostre</strong></span> <span class='ocrx_word' id='word_1_147' title='bbox 514 2633 636 2706; x_wconf 89' lang='lat' dir='ltr'><strong>melius</strong></span> <span class='ocrx_word' id='word_1_148' title='bbox 649 2631 823 2706; x_wconf 89' lang='lat' dir='ltr'><strong>videbitur</strong></span> <span class='ocrx_word' id='word_1_149' title='bbox 835 2633 1015 2728; x_wconf 85' lang='lat' dir='ltr'><strong>expedire.</strong></span> 
     </span>
    </p>

    <p class='ocr_par' dir='ltr' id='par_1_4' title="bbox 285 2756 1310 2852">
     <span class='ocr_line' id='line_1_18' title="bbox 285 2756 1310 2852; baseline -0.001 -23"><span class='ocrx_word' id='word_1_150' title='bbox 285 2759 408 2830; x_wconf 85' lang='lat' dir='ltr'><strong>Datum</strong></span> <span class='ocrx_word' id='word_1_151' title='bbox 422 2756 517 2852; x_wconf 91' lang='lat' dir='ltr'><strong>apud</strong></span> <span class='ocrx_word' id='word_1_152' title='bbox 528 2757 639 2848; x_wconf 88' lang='lat' dir='ltr'><strong>Pisas,</strong></span> <span class='ocrx_word' id='word_1_153' title='bbox 658 2757 766 2828; x_wconf 84' lang='lat' dir='ltr'>XXIV</span> <span class='ocrx_word' id='word_1_154' title='bbox 782 2756 994 2846; x_wconf 87' lang='lat' dir='ltr'><strong>decembris,</strong></span> <span class='ocrx_word' id='word_1_155' title='bbox 1010 2756 1086 2828; x_wconf 88' lang='lat' dir='ltr'><strong>Xlll</strong></span> <span class='ocrx_word' id='word_1_156' title='bbox 1103 2756 1310 2830; x_wconf 86' lang='lat' dir='ltr'><strong>indictionis.</strong></span> 
     </span>
    </p>
   </div>
   <div class='ocr_carea' id='block_1_3' title="bbox 449 3088 1423 3102">
    <p class='ocr_par' dir='ltr' id='par_1_5' title="bbox 449 3088 1423 3102">
     <span class='ocr_line' id='line_1_19' title="bbox 449 3088 1423 3102; baseline -0.001 -2"><span class='ocrx_word' id='word_1_157' title='bbox 449 3088 1165 3102; x_wconf 58' lang='lat' dir='ltr'><strong>n——u———a—m-n-mnm—-n</strong></span> <span class='ocrx_word' id='word_1_158' title='bbox 1169 3088 1423 3099; x_wconf 52' lang='grc' dir='ltr'><strong>...ιιι-*υσυ-</strong></span> 
     </span>
    </p>
   </div>
   <div class='ocr_carea' id='block_1_4' title="bbox 237 3379 1714 3621">
    <p class='ocr_par' dir='ltr' id='par_1_6' title="bbox 237 3379 1714 3621">
     <span class='ocr_line' id='line_1_20' title="bbox 289 3379 1714 3469; baseline 0.004 -5"><span class='ocrx_word' id='word_1_159' title='bbox 289 3379 467 3464; x_wconf 84' lang='lat' dir='ltr'><strong>Mandata</strong></span> <span class='ocrx_word' id='word_1_160' title='bbox 489 3383 548 3464; x_wconf 88' lang='lat' dir='ltr'><strong>ad</strong></span> <span class='ocrx_word' id='word_1_161' title='bbox 573 3381 831 3464; x_wconf 84' lang='lat' dir='ltr'><strong>Alexandrum</strong></span> <span class='ocrx_word' id='word_1_162' title='bbox 862 3381 985 3465; x_wconf 91' lang='lat' dir='ltr'><strong>filium</strong></span> <span class='ocrx_word' id='word_1_163' title='bbox 1014 3381 1164 3464; x_wconf 86' lang='lat' dir='ltr'><strong>Haurioi</strong></span> <span class='ocrx_word' id='word_1_164' title='bbox 1195 3394 1232 3466; x_wconf 88' lang='lat' dir='ltr'><strong>et</strong></span> <span class='ocrx_word' id='word_1_165' title='bbox 1258 3385 1309 3468; x_wconf 91' lang='lat' dir='ltr'><strong>ad</strong></span> <span class='ocrx_word' id='word_1_166' title='bbox 1337 3383 1562 3468; x_wconf 89' lang='lat' dir='ltr'><strong>Riccardnm</strong></span> <span class='ocrx_word' id='word_1_167' title='bbox 1593 3387 1641 3469; x_wconf 91' lang='lat' dir='ltr'><strong>de</strong></span> <span class='ocrx_word' id='word_1_168' title='bbox 1700 3413 1714 3456; x_wconf 80' lang='lat' dir='ltr'><strong>r</strong></span> 
     </span>
     <span class='ocr_line' id='line_1_21' title="bbox 237 3511 1641 3621; baseline 0.005 -28"><span class='ocrx_word' id='word_1_169' title='bbox 237 3511 397 3594; x_wconf 89' lang='lat' dir='ltr'><strong>Pulcaro</strong></span> <span class='ocrx_word' id='word_1_170' title='bbox 415 3513 463 3594; x_wconf 90' lang='lat' dir='ltr'><strong>de</strong></span> <span class='ocrx_word' id='word_1_171' title='bbox 480 3513 653 3621; x_wconf 84' lang='lat' dir='ltr'><strong>expensis</strong></span> <span class='ocrx_word' id='word_1_172' title='bbox 666 3513 825 3598; x_wconf 69' lang='lat' dir='ltr'><strong>&#39;Nicolao</strong></span> <span class='ocrx_word' id='word_1_173' title='bbox 847 3516 896 3598; x_wconf 86' lang='lat' dir='ltr'><strong>de</strong></span> <span class='ocrx_word' id='word_1_174' title='bbox 913 3517 1101 3598; x_wconf 91' lang='lat' dir='ltr'><strong>Pauormo</strong></span> <span class='ocrx_word' id='word_1_175' title='bbox 1125 3517 1272 3598; x_wconf 89' lang='lat' dir='ltr'><strong>custodi</strong></span> <span class='ocrx_word' id='word_1_176' title='bbox 1297 3543 1468 3600; x_wconf 89' lang='lat' dir='ltr'><strong>camerae</strong></span> <span class='ocrx_word' id='word_1_177' title='bbox 1487 3519 1641 3602; x_wconf 88' lang='lat' dir='ltr'><strong>Canusii</strong></span> 
     </span>
    </p>
   </div>
   <div class='ocr_carea' id='block_1_5' title="bbox 238 3642 1642 3896">
    <p class='ocr_par' dir='ltr' id='par_1_7' title="bbox 238 3642 1642 3896">
     <span class='ocr_line' id='line_1_22' title="bbox 238 3642 1642 3761; baseline 0.008 -37"><span class='ocrx_word' id='word_1_178' title='bbox 238 3653 276 3724; x_wconf 91' lang='lat' dir='ltr'><strong>et</strong></span> <span class='ocrx_word' id='word_1_179' title='bbox 294 3642 438 3726; x_wconf 88' lang='lat' dir='ltr'><strong>Melfiae</strong></span> <span class='ocrx_word' id='word_1_180' title='bbox 455 3653 493 3725; x_wconf 87' lang='lat' dir='ltr'><strong>et</strong></span> <span class='ocrx_word' id='word_1_181' title='bbox 510 3643 799 3744; x_wconf 88' lang='lat' dir='ltr'><strong>Bartholomaeo</strong></span> <span class='ocrx_word' id='word_1_182' title='bbox 817 3647 919 3730; x_wconf 90' lang='lat' dir='ltr'><strong>socio</strong></span> <span class='ocrx_word' id='word_1_183' title='bbox 937 3647 1019 3756; x_wconf 88' lang='lat' dir='ltr'><strong>ejus</strong></span> <span class='ocrx_word' id='word_1_184' title='bbox 1037 3646 1278 3755; x_wconf 61' lang='lat' dir='ltr'><strong>exhibendis,</strong></span> <span class='ocrx_word' id='word_1_185' title='bbox 1298 3661 1336 3732; x_wconf 91' lang='lat' dir='ltr'><strong>et</strong></span> <span class='ocrx_word' id='word_1_186' title='bbox 1350 3651 1400 3748; x_wconf 85' lang='lat' dir='ltr'><strong>¹de</strong></span> <span class='ocrx_word' id='word_1_187' title='bbox 1418 3649 1532 3734; x_wconf 88' lang='lat' dir='ltr'><strong>rebus</strong></span> <span class='ocrx_word' id='word_1_188' title='bbox 1550 3653 1642 3761; x_wconf 88' lang='lat' dir='ltr'><strong>qui-</strong></span> 
     </span>
     <span class='ocr_line' id='line_1_23' title="bbox 238 3773 1091 3896; baseline 0.004 -40"><span class='ocrx_word' id='word_1_189' title='bbox 238 3773 398 3856; x_wconf 88' lang='lat' dir='ltr'><strong>busdem</strong></span> <span class='ocrx_word' id='word_1_190' title='bbox 418 3775 467 3856; x_wconf 90' lang='lat' dir='ltr'><strong>ud</strong></span> <span class='ocrx_word' id='word_1_191' title='bbox 486 3801 675 3858; x_wconf 87' lang='lat' dir='ltr'><strong>cameram</strong></span> <span class='ocrx_word' id='word_1_192' title='bbox 696 3778 848 3896; x_wconf 82' lang='lat' dir='ltr'><strong>Canusii</strong></span> <span class='ocrx_word' id='word_1_193' title='bbox 866 3778 1091 3861; x_wconf 88' lang='lat' dir='ltr'><strong>deferendis.</strong></span> 
     </span>
    </p>
   </div>
   <div class='ocr_carea' id='block_1_6' title="bbox 187 3986 1414 4074">
    <p class='ocr_par' dir='ltr' id='par_1_8' title="bbox 187 3986 1414 4074">
     <span class='ocr_line' id='line_1_24' title="bbox 187 3986 1414 4074; baseline 0.008 -27"><span class='ocrx_word' id='word_1_194' title='bbox 187 4047 192 4057; x_wconf 85' lang='grc'><strong>,</strong></span> <span class='ocrx_word' id='word_1_195' title='bbox 321 3986 447 4068; x_wconf 73' lang='lat' dir='ltr'><strong>(depost.</strong></span> <span class='ocrx_word' id='word_1_196' title='bbox 462 3990 564 4069; x_wconf 82' lang='lat' dir='ltr'><strong>imper.</strong></span> <span class='ocrx_word' id='word_1_197' title='bbox 579 3987 698 4052; x_wconf 54' lang='lat' dir='ltr'><strong>fredar.</strong></span> <span class='ocrx_word' id='word_1_198' title='bbox 712 3992 754 4069; x_wconf 90' lang='lat'><strong>11,</strong></span> <span class='ocrx_word' id='word_1_199' title='bbox 766 3991 818 4054; x_wconf 88' lang='lat' dir='ltr'><strong>lul.</strong></span> <span class='ocrx_word' id='word_1_200' title='bbox 832 4001 870 4054; x_wconf 82' lang='lat' dir='ltr'><strong>lo</strong></span> <span class='ocrx_word' id='word_1_201' title='bbox 887 3999 984 4070; x_wconf 81' lang='lat' dir='ltr'><strong>recto3</strong></span> <span class='ocrx_word' id='word_1_202' title='bbox 999 3995 1031 4054; x_wconf 91' lang='lat' dir='ltr'><strong>ln</strong></span> <span class='ocrx_word' id='word_1_203' title='bbox 1043 3991 1115 4054; x_wconf 88' lang='lat' dir='ltr'><strong>edit.</strong></span> <span class='ocrx_word' id='word_1_204' title='bbox 1131 3992 1269 4068; x_wconf 74' lang='lat' dir='ltr'><strong>Carasa„</strong></span> <span class='ocrx_word' id='word_1_205' title='bbox 1284 4011 1315 4072; x_wconf 90' lang='lat' dir='ltr'><strong>p.</strong></span> <span class='ocrx_word' id='word_1_206' title='bbox 1332 3993 1414 4074; x_wconf 77' lang='lat' dir='ltr'><strong>aaa.)</strong></span> 
     </span>
    </p>
   </div>
   <div class='ocr_carea' id='block_1_7' title="bbox 237 4173 1643 4367">
    <p class='ocr_par' dir='ltr' id='par_1_9' title="bbox 237 4173 1643 4367">
     <span class='ocr_line' id='line_1_25' title="bbox 287 4173 1643 4275; baseline 0.01 -34"><span class='ocrx_word' id='word_1_207' title='bbox 287 4173 333 4242; x_wconf 84' lang='lat' dir='ltr'><strong>lle</strong></span> <span class='ocrx_word' id='word_1_208' title='bbox 347 4175 516 4268; x_wconf 83' lang='lat' dir='ltr'><strong>imperiali</strong></span> <span class='ocrx_word' id='word_1_209' title='bbox 532 4179 689 4250; x_wconf 74' lang='lat' dir='ltr'><strong>mactato</strong></span> <span class='ocrx_word' id='word_1_210' title='bbox 708 4183 797 4270; x_wconf 83' lang='lat' dir='ltr'><strong>sacto</strong></span> <span class='ocrx_word' id='word_1_211' title='bbox 811 4201 870 4274; x_wconf 81' lang='lat' dir='ltr'><strong>per</strong></span> <span class='ocrx_word' id='word_1_212' title='bbox 887 4179 1054 4250; x_wconf 73' lang='lat' dir='ltr'><strong>amioum</strong></span> <span class='ocrx_word' id='word_1_213' title='bbox 1066 4179 1249 4250; x_wconf 75' lang='lat' dir='ltr'><strong>Iohannem</strong></span> <span class='ocrx_word' id='word_1_214' title='bbox 1262 4177 1393 4252; x_wconf 83' lang='lat' dir='ltr'><strong>Morum</strong></span> <span class='ocrx_word' id='word_1_215' title='bbox 1408 4181 1541 4275; x_wconf 80' lang='lat' dir='ltr'><strong>scropsit</strong></span> <span class='ocrx_word' id='word_1_216' title='bbox 1551 4179 1643 4254; x_wconf 79' lang='lat' dir='ltr'><strong>Lac·</strong></span> 
     </span>
     <span class='ocr_line' id='line_1_26' title="bbox 237 4297 387 4367; baseline 0 -3"><span class='ocrx_word' id='word_1_217' title='bbox 237 4297 363 4367; x_wconf 74' lang='lat' dir='ltr'><strong>restim</strong></span> <span class='ocrx_word' id='word_1_218' title='bbox 377 4321 387 4364; x_wconf 89' lang='lat'>:</span> 
     </span>
    </p>
   </div>
   <div class='ocr_carea' id='block_1_8' title="bbox 239 4419 1645 4644">
    <p class='ocr_par' dir='ltr' id='par_1_10' title="bbox 239 4419 1645 4644">
     <span class='ocr_line' id='line_1_27' title="bbox 287 4419 1645 4516; baseline 0.009 -25"><span class='ocrx_word' id='word_1_219' title='bbox 287 4419 505 4512; x_wconf 87' lang='lat' dir='ltr'><strong>Fredericus,</strong></span> <span class='ocrx_word' id='word_1_220' title='bbox 524 4433 607 4516; x_wconf 79' lang='lat' dir='ltr'><strong>ete,</strong></span> <span class='ocrx_word' id='word_1_221' title='bbox 628 4424 827 4498; x_wconf 81' lang='lat' dir='ltr'><strong>Alexandro</strong></span> <span class='ocrx_word' id='word_1_222' title='bbox 839 4423 908 4498; x_wconf 89' lang='lat' dir='ltr'><strong>filio</strong></span> <span class='ocrx_word' id='word_1_223' title='bbox 922 4426 1074 4514; x_wconf 86' lang='lat' dir='ltr'><strong>Henrici,</strong></span> <span class='ocrx_word' id='word_1_224' title='bbox 1092 4437 1158 4500; x_wconf 86' lang='lat' dir='ltr'><strong>eto.</strong></span> <span class='ocrx_word' id='word_1_225' title='bbox 1180 4423 1269 4512; x_wconf 87' lang='lat' dir='ltr'><strong>Quia</strong></span> <span class='ocrx_word' id='word_1_226' title='bbox 1287 4427 1447 4501; x_wconf 88' lang='lat' dir='ltr'><strong>substitui</strong></span> <span class='ocrx_word' id='word_1_227' title='bbox 1458 4429 1645 4505; x_wconf 88' lang='lat' dir='ltr'><strong>mandavi-</strong></span> 
     </span>
     <span class='ocr_line' id='line_1_28' title="bbox 239 4543 1643 4644; baseline 0.011 -30"><span class='ocrx_word' id='word_1_228' title='bbox 239 4566 317 4614; x_wconf 90' lang='lat' dir='ltr'><strong>mus</strong></span> <span class='ocrx_word' id='word_1_229' title='bbox 332 4543 507 4618; x_wconf 89' lang='lat' dir='ltr'><strong>Nicolaum</strong></span> <span class='ocrx_word' id='word_1_230' title='bbox 525 4545 570 4620; x_wconf 92' lang='lat' dir='ltr'><strong>de</strong></span> <span class='ocrx_word' id='word_1_231' title='bbox 584 4544 750 4622; x_wconf 85' lang='lat' dir='ltr'><strong>Pauormo</strong></span> <span class='ocrx_word' id='word_1_232' title='bbox 769 4549 907 4621; x_wconf 88' lang='lat' dir='ltr'><strong>latorem</strong></span> <span class='ocrx_word' id='word_1_233' title='bbox 925 4551 1131 4644; x_wconf 89' lang='lat' dir='ltr'><strong>presentium</strong></span> <span class='ocrx_word' id='word_1_234' title='bbox 1148 4549 1284 4623; x_wconf 88' lang='lat' dir='ltr'><strong>fidelem</strong></span> <span class='ocrx_word' id='word_1_235' title='bbox 1305 4561 1457 4624; x_wconf 90' lang='lat' dir='ltr'><strong>nostrum</strong></span> <span class='ocrx_word' id='word_1_236' title='bbox 1477 4553 1512 4624; x_wconf 92' lang='lat' dir='ltr'><strong>iu</strong></span> <span class='ocrx_word' id='word_1_237' title='bbox 1531 4555 1643 4628; x_wconf 87' lang='lat' dir='ltr'><strong>locum</strong></span> 
     </span>
    </p>
   </div>
   <div class='ocr_carea' id='block_1_9' title="bbox 281 4731 1537 4908">
    <p class='ocr_par' dir='ltr' id='par_1_11' title="bbox 281 4731 1537 4908">
     <span class='ocr_line' id='line_1_29' title="bbox 281 4731 1537 4820; baseline 0.011 -29"><span class='ocrx_word' id='word_1_238' title='bbox 281 4731 322 4812; x_wconf 88' lang='lat' dir='ltr'><strong>(c)</strong></span> <span class='ocrx_word' id='word_1_239' title='bbox 344 4732 380 4792; x_wconf 91' lang='lat' dir='ltr'><strong>lu</strong></span> <span class='ocrx_word' id='word_1_240' title='bbox 393 4733 493 4794; x_wconf 86' lang='lat' dir='ltr'><strong>codiee</strong></span> <span class='ocrx_word' id='word_1_241' title='bbox 505 4735 657 4813; x_wconf 86' lang='lat' dir='ltr'><strong>Phllllpps.</strong></span> <span class='ocrx_word' id='word_1_242' title='bbox 674 4737 781 4816; x_wconf 78' lang='lat' dir='ltr'><strong>legitur</strong></span> <span class='ocrx_word' id='word_1_243' title='bbox 793 4755 850 4818; x_wconf 82' lang='lat' dir='ltr'><strong>quo</strong></span> <span class='ocrx_word' id='word_1_244' title='bbox 862 4735 991 4800; x_wconf 81' lang='lat' dir='ltr'><strong>Polr&#39;corc</strong></span> <span class='ocrx_word' id='word_1_245' title='bbox 1003 4739 1120 4818; x_wconf 81' lang='lat' dir='ltr'><strong>ustrrro</strong></span> <span class='ocrx_word' id='word_1_246' title='bbox 1127 4737 1325 4820; x_wconf 66' lang='lat' dir='ltr'><strong>marinas,</strong></span> <span class='ocrx_word' id='word_1_247' title='bbox 1341 4743 1537 4806; x_wconf 85' lang='lat' dir='ltr'><strong>sed-erronea.</strong></span> 
     </span>
     <span class='ocr_line' id='line_1_30' title="bbox 319 4836 1484 4908; baseline 0.01 -12"><span class='ocrx_word' id='word_1_248' title='bbox 319 4836 357 4897; x_wconf 88' lang='lat' dir='ltr'><strong>V.</strong></span> <span class='ocrx_word' id='word_1_249' title='bbox 1448 4856 1484 4908; x_wconf 83' lang='grc'><strong>76</strong></span> 
     </span>
    </p>
   </div>
   <div class='ocr_carea' id='block_1_10' title="bbox 0 0 2148 5908">
    <p class='ocr_par' dir='ltr' id='par_1_12' title="bbox 0 0 2148 5908">
     <span class='ocr_line' id='line_1_31' title="bbox 0 0 2148 5908; baseline 0 0"><span class='ocrx_word' id='word_1_250' title='bbox 0 0 2148 5908; x_wconf 95' lang='lat' dir='ltr'><strong> </strong></span> 
     </span>
    </p>
   </div>
  </div>
 </body>
</html>
