4228 5892
511 541 572 605 348
1008 537 1223 602 sulcantur
1248 537 1422 600 saeuum
1733 539 1815 624 [An.
1832 540 1916 604 me

510 677 593 750 inde
619 673 701 750 fidei
723 675 941 770 deploremus
962 675 1140 749 excidium
1165 673 1260 747 unde
1285 673 1391 746 tutius
1413 673 1657 749 consolationis
1679 684 1715 751 et
1738 677 1917 752 concordie

509 799 713 895 sperabatur
727 809 965 894 augmentum.

361 1426 392 1462 u
562 1349 797 1456 Friderious,
823 1347 1084 1431 Romanorum
1107 1345 1332 1454 imperator,
1355 1345 1579 1430 criminibus
1604 1346 1677 1432 sibi
1701 1373 1726 1430 a
1748 1374 1850 1458 papa
1871 1351 1917 1433 de

508 1479 584 1564 fide
601 1481 808 1564 christiana
824 1477 981 1588 objectis
1005 1478 1229 1586 respondet,
1246 1476 1461 1561 cardinales
1486 1477 1709 1562 adhortatus
1732 1487 1777 1562 ut
1803 1505 1916 1562 surn-

509 1638 618 1697 mum
636 1612 854 1722 pontificem
877 1637 901 1694 a
927 1610 1006 1694 suis
1027 1609 1168 1693 illicitis
1191 1609 1359 1694 motibus
1386 1620 1647 1720 compescant,
1673 1611 1842 1720 alioquin
1865 1611 1918 1694 ti-

508 1757 639 1830 meant
658 1770 707 1828 ne
724 1745 774 1827 ad
791 1743 955 1827 ultiones
972 1767 1143 1826 cesareae
1169 1741 1252 1850 ipse
1268 1743 1470 1852 procedere
1486 1751 1660 1852 cogatur.

591 1967 685 2047 (Edlt.
705 1983 754 2044 ap.
770 1963 857 2026 Patr.
877 1961 912 2024 do
932 1965 998 2026 Vin.
1016 1959 1145 2043 epistol„
1160 1963 1211 2024 ub.
1232 1964 1263 2042 I,
1281 1981 1347 2042 cap.
1362 1965 1477 2040 xxxu
1493 1981 1575 2026 nunc
1591 1965 1659 2027 ooli.
1680 1966 1852 2026 contrariis
1867 1965 1916 2027 Bl-

628 2071 791 2132 bllothecac
804 2071 943 2131 musae
955 2071 1127 2131 Paridousis
1138 2069 1313 2148 codicibus.)

555 2265 768 2358 Fridericus,
784 2275 850 2340 etc.
871 2266 912 2338 lu
938 2263 1086 2339 exordio
1108 2265 1280 2338 nascentis
1294 2265 1416 2340 mundi
1435 2267 1580 2363 provida
1602 2275 1637 2340 et
1658 2264 1840 2339 ineffabilis
1856 2263 1915 2338 uei

508 2389 740 2486 providentia,
760 2389 817 2464 cui
830 2388 974 2462 consilia
987 2409 1056 2461 non
1076 2389 1332 2462 communicant
1346 2391 1472 2482 aliena,
1490 2391 1527 2462 in
1542 2389 1756 2463 firmamento
1768 2388 1833 2461 celi
1847 2387 1915 2460 duo

507 2514 625 2588 statuit
648 2513 848 2604 luminaria,
869 2513 981 2605 majus
1004 2521 1038 2585 et
1057 2513 1194 2586 minus:
1220 2515 1351 2606 majus,
1378 2523 1418 2586 ut
1433 2524 1585 2610 preesset
1603 2512 1691 2604 dici3
1718 2513 1852 2598 minus,
1878 2519 1915 2584 ut

508 2647 661 2734 preesset
680 2637 785 2710 nocti.
814 2636 890 2722 Quo
912 2635 984 2710 duo
1009 2637 1059 2708 sio
1082 2635 1129 2710 ad
1152 2638 1290 2733 propria
1316 2637 1429 2712 officia
1451 2639 1487 2710 in
1513 2637 1654 2732 regione
1675 2634 1813 2710 zodiaca
1835 2635 1916 2709 otic-

507 2770 652 2846 runtur,
672 2769 712 2832 ut
730 2769 765 2832 et
777 2761 807 2833 si
821 2781 860 2832 se
873 2759 1070 2832 multotiens
1086 2781 1133 2832 ex
1145 2761 1285 2855 obliquo
1301 2761 1503 2856 respiciant,
1519 2781 1628 2832 unum
1642 2772 1757 2832 tumen
1775 2759 1915 2832 alterum

509 2905 579 2956 non
597 2882 743 2956 offendit
759 2909 769 2955 ε
787 2883 911 2972 immo,
928 2883 1024 2976 quod
1037 2892 1090 2956 est
1109 2885 1269 2978 superius
1280 2885 1431 2958 inferiori
1450 2905 1550 2956 suam
1565 2883 1797 2956 communicat
1820 2881 1915 2956 clari·

507 3015 625 3081 tatem.
655 3005 687 3078 A
710 3005 813 3080 simili
836 3005 957 3078 eadem
981 3015 1098 3079 eterna
1120 3007 1271 3102 provisio
1296 3007 1332 3079 in
1352 3005 1567 3080 firmamento
1590 3015 1678 3080 terre
1710 3005 1781 3080 duo
1809 3005 1915 3079 voluit

507 3131 623 3204 inesse
645 3127 829 3222 regimina,
856 3127 1087 3203 sacerdotium
1109 3130 1239 3203 scilicet
1253 3141 1288 3203 et
1310 3130 1511 3226 imperium,
1530 3151 1640 3202 unum
1659 3128 1706 3203 ad
1731 3130 1912 3221 cautelam,

508 3253 681 3346 reliquum
694 3249 742 3324 ad
756 3251 896 3323 tutelam
913 3277 922 3322 ε
937 3261 976 3324 ut
989 3251 1105 3342 homo,
1122 3253 1183 3346 qui
1197 3262 1270 3326 erat
1282 3253 1319 3326 in
1334 3253 1471 3327 duobos
1483 3252 1769 3348 componentibus
1786 3251 1914 3326 diutius

509 3375 712 3464 dissolutus,
730 3371 869 3446 duobus
880 3374 1077 3448 retinaculis
1089 3375 1294 3466 frenaretur,
1315 3377 1415 3450 etsie
1432 3375 1528 3449 lieret
1548 3398 1618 3472 pax
1632 3375 1708 3448 orbi
1722 3383 1827 3465 terre,
1843 3395 1914 3448 om·

508 3499 614 3572 nibus
641 3495 843 3570 excessibus
872 3494 1038 3570 limitetis.
1070 3497 1139 3572 Sed
1159 3497 1285 3572 sedens
1312 3499 1349 3571 in
1376 3497 1540 3572 cathedra
1568 3499 1720 3594 perversi
1748 3496 1914 3590 dogmatis

508 3621 689 3718 phariseus
715 3627 839 3690 unctus
865 3619 942 3692 oleo
966 3621 1135 3714 nequitie,
1164 3643 1226 3715 pre
1252 3621 1479 3718 participibus
1502 3622 1596 3714 suis,
1619 3619 1725 3694 nostri
1756 3619 1913 3714 temporis

508 3747 686 3818 Romanus
706 3741 862 3836 pontifex
890 3743 986 3837 quod
1004 3743 1049 3816 de
1071 3744 1205 3816 celestis
1224 3742 1358 3820 ordinis
1380 3745 1590 3818 emulatione
1613 3739 1813 3833 descendit,
1833 3762 1913 3814 eva·

510 3889 616 3940 cuara
638 3865 770 3938 nititur.
788 3863 830 3936 lit
854 3863 963 3938 credit
986 3866 1072 3940 torte
1094 3888 1174 3940 oum
1199 3867 1438 3964 superioribus
1460 3865 1667 3954 convenire,
1688 3887 1757 3959 que
1774 3873 1907 3950 natura,

509 4013 581 4066 non
598 3990 777 4064 voluntate
789 3987 984 4085 ducuntur;
998 3999 1115 4066 nostre
1130 3993 1318 4087 majestatis
1330 3993 1435 4086 jubar
1453 3993 1602 4067 intendit
1614 3991 1742 4066 ducere
1757 3991 1794 4062 in
1811 3989 1913 4084 eclip-

508 4117 598 4206 sim,
624 4115 709 4188 dum
730 4113 875 4188 veritate
893 4115 929 4187 in
948 4115 1100 4189 tabulam
1115 4127 1342 4206 commutata,
1367 4121 1468 4214 plene
1485 4115 1675 4191 mendaciis
1694 4115 1741 4188 ad
1761 4113 1912 4186 diversas

509 4237 633 4312 mnndi
647 4245 761 4333 partes
773 4239 913 4335 papales
930 4239 1112 4312 mittuntur
1122 4242 1280 4336 epistole,
1297 4239 1342 4315 de
1354 4241 1608 4337 complexione,
1623 4237 1750 4312 nonde
1765 4238 1909 4325 ratione,

510 4369 712 4438 accusantes
735 4372 849 4436 nostre
872 4360 954 4436 fidei
978 4364 1175 4457 puritatem.
1201 4364 1344 4460 Scripsit
1365 4363 1457 4438 anim
1482 4363 1556 4436 solo
1581 4361 1719 4434 nornine
1740 4381 1830 4457 papa
1852 4379 1913 4432 nos

392 4587 394 4594 Α
510 4486 657 4560 bestiam
675 4485 917 4560 ascendentem
938 4485 1104 4576 domari,
1122 4487 1261 4582 plenam
1281 4487 1480 4560 nominibus
1499 4484 1726 4582 blasphemie,
1746 4481 1914 4579 pardique

511 4610 735 4684 varietatibus
755 4609 1059 4706 circumscriptam.
1086 4609 1132 4682 Et
1153 4631 1217 4684 nos
1237 4611 1351 4706 ipsum
1375 4610 1514 4684 heluam
1534 4609 1628 4684 illam
1646 4605 1848 4695 asserimus,
1871 4601 1914 4676 de
