4228 5892
1008 548 1222 613 ualonutcl
1246 550 1419 615 secubat
1730 556 1809 640 [llas.
1829 560 1912 624 tatto.

1610 817 1683 828 ο--ι

331 1030 446 1177 Ἑξξῑξξῑ·
557 1027 788 1136 blidericus,
823 1027 1084 1112 Romanorum
1114 1031 1341 1138 imperator,
1372 1031 1649 1141 Bonajunotam
1675 1035 1724 1117 de
1753 1033 1915 1119 Cortona

305 1136 469 1241 Lllsffidl’
503 1158 626 1241 filium
650 1160 743 1243 olim
767 1161 901 1270 Jacopi·
918 1163 966 1244 de
992 1161 1118 1245 dlioto
1142 1161 1339 1270 publicum
1365 1163 1611 1248 tabellionem
1637 1165 1785 1274 imperii
1815 1193 1914 1250 oon·

504 1291 637 1375 stituit.

585 1471 751 1550 (Memorat.
766 1475 796 1534 ln
806 1477 891 1552 eplst.
902 1473 1007 1535 Frons.
1020 1474 1166 1548 Bonalnti,
1179 1471 1297 1536 Ambio.
1309 1481 1381 1536 otor.
1398 1471 1529 1554 italiam,
1545 1477 1832 1568 append.,n⁰112,p.
1847 1487 1914 1554 ⁴6⁵,

623 1596 661 1640 ex
674 1583 776 1658 regtst.
787 1583 879 1642 veteri
887 1587 978 1640 conat.
990 1586 1053 1641 not.
1064 1581 1211 1643 Crcsoeut.
1220 1583 1252 1641 ln
1265 1581 1388 1642 archivo
1399 1597 1550 1642 commun.
1561 1579 1693 1662 Corton,
1703 1582 1755 1644 fol.
1767 1585 1913 1663 senocto.)

552 1728 763 1816 Fridericus,
783 1729 845 1802 Dei
867 1729 976 1823 gratia
994 1731 1227 1804 Romanorum
1252 1731 1437 1824 imperator
1457 1751 1593 1826 semper
1613 1740 1800 1825 augustus,
1818 1735 1913 1806 leru-

503 1855 607 1926 salem
632 1863 666 1926 et
680 1849 795 1926 Sicilie
814 1875 889 1926 rex.
912 1855 976 1925 Per
995 1875 1137 1948 presens
1160 1855 1327 1950 scriptum
1349 1863 1469 1928 notum
1488 1855 1634 1928 facimus
1656 1857 1828 1930 universis
1851 1859 1913 1930 im·

503 1977 588 2072 perii
617 1975 778 2050 fidelibus
803 1987 873 2050 tam
898 1977 1117 2074 presentibus
1142 2001 1250 2072 quam
1277 1979 1403 2051 futuris
1431 1979 1528 2074 quod
1554 2002 1618 2052 nos
1639 1980 1851 2054 confidentes
1873 1983 1916 2056 de

502 2100 688 2196 prudentia
705 2110 739 2172 et
760 2101 933 2195 legalitate
950 2102 1161 2174 Bonaiuncte
1184 2102 1229 2175 de
1247 2101 1397 2176 Cortona
1419 2099 1480 2174 lilii
1501 2102 1583 2175 olim
1604 2103 1722 2198 Jacopi
1747 2103 1793 2176 de
1808 2105 1915 2177 Alioto

503 2225 549 2298 de
563 2225 706 2297 dretino
723 2224 941 2320 episcopatu,
957 2222 1068 2296 tidelis
1084 2225 1211 2316 nostri,
1227 2233 1367 2322 recepto
1387 2225 1433 2298 ab
1449 2247 1491 2300 eo
1509 2227 1613 2318 juxta
1632 2228 1914 2302 consuetudinem

504 2348 679 2423 fidelitatis
703 2359 739 2422 et
759 2347 863 2421 officii
878 2349 1098 2441 juramento,
1121 2347 1361 2422 constituimus
1390 2371 1471 2422 enm
1497 2350 1675 2444 publicum
1703 2351 1914 2425 tabellionem

503 2472 640 2568 imperii
657 2480 696 2543 ut
714 2471 839 2544 amodo
854 2471 985 2566 publici
1005 2470 1249 2544 tabellionatus
1264 2471 1419 2544 officium
1441 2473 1572 2566 ubique
1591 2495 1653 2568 per
1671 2473 1854 2568 imperium
1870 2476 1915 2550 ad

503 2595 670 2669 honorem
686 2605 721 2668 et
740 2593 940 2669 fidelitatem
958 2603 1112 2668 nostram
1132 2595 1258 2669 debeat
1284 2593 1434 2668 fideliter
1458 2617 1633 2670 exercere.
1653 2599 1820 2682 Quocirca
1840 2599 1914 2670 uni-

503 2720 657 2793 versitati
673 2727 788 2791 vestre
805 2717 1029 2814 precipiendo
1047 2716 1256 2790 mandamus
1273 2729 1447 2812 quatenus
1471 2717 1626 2815 predicto
1644 2721 1853 2792 Bonaiuncte
1871 2721 1914 2793 de

503 2843 650 2916 Cortona
674 2843 710 2914 in
731 2843 799 2915 hiis
825 2863 894 2937 que
917 2842 963 2914 ad
987 2841 1143 2934 ejusdem
1167 2842 1299 2937 publici
1328 2841 1568 2915 tabellionatus
1592 2843 1744 2916 officium
1764 2853 1915 2940 spectare

504 2978 711 3058 noscuntur,
736 2965 922 3040 intendatis
946 2967 991 3040 de
1008 2975 1120 3040 cetero
1144 2975 1310 3061 tanquam
1339 2965 1481 3060 publico
1500 2967 1677 3040 tabellioni
1701 2990 1723 3040 a
1746 2969 1917 3060 majestate

503 3103 619 3164 nostra
643 3101 768 3163 statuto
786 3090 832 3162 ad
852 3091 1017 3162 honorem
1034 3100 1069 3162 et
1089 3087 1289 3162 fidelitatem
1306 3097 1481 3178 nostram,
1500 3101 1535 3162 et
1550 3091 1667 3162 nullus
1690 3091 1736 3164 sit
1756 3092 1818 3185 qui
1839 3113 1914 3164 aum

502 3235 606 3308 super
623 3213 747 3286 eodem
762 3212 874 3285 officio
893 3211 1023 3307 publici
1040 3211 1280 3284 tabellionatus
1300 3222 1436 3284 temere
1458 3211 1627 3305 impedire
1643 3211 1701 3284 uel
1718 3213 1916 3307 perturbare

502 3347 687 3431 presumat.
711 3335 813 3422 Quod
835 3337 896 3430 qui
917 3335 1163 3430 presumpserit
1187 3333 1466 3428 indignationem
1490 3343 1640 3406 nostram
1659 3356 1697 3406 se
1714 3337 1850 3408 noverit
1869 3337 1918 3408 in-

502 3481 695 3532 cursurum.
713 3435 770 3532 Ad
784 3459 888 3550 hujus
905 3465 1021 3530 autem
1037 3457 1087 3530 rei
1105 3457 1304 3531 memoriam
1322 3467 1357 3529 et
1371 3457 1529 3530 stabilem
1548 3455 1761 3549 firmitatem
1778 3480 1918 3554 presens

502 3583 668 3677 scriptum
682 3581 755 3656 lieri
768 3589 803 3655 et
817 3581 1003 3672 mejestatis
1019 3589 1133 3652 nostre
1148 3579 1266 3672 sigillo
1280 3578 1453 3672 jussimus
1464 3579 1685 3652 communiri.

549 3707 674 3778 Datum
687 3707 725 3777 in
742 3703 862 3777 castris
874 3703 910 3773 in
923 3702 1123 3797 episcopatu
1132 3699 1210 3798 (sic)
1221 3699 1534 3774 Mediolanensium
1548 3723 1655 3798 prope
1669 3701 1916 3794 Landrianum‚

502 3849 592 3900 anno
609 3827 781 3901 dominice
795 3825 1039 3898 incarnationis
1050 3825 1096 3897 nl.
1113 3823 1177 3897 CC.
1195 3823 1405 3916 XXXVIIII,
1426 3845 1545 3898 mense
1563 3826 1780 3920 septembris,
1799 3829 1919 3901 tercie-

501 3951 633 4024 decime
649 3949 863 4024 indictionis.

735 4165 963 4177 0-0-——1--0

326 4380 442 4486 eppe·
555 4367 786 4476 luduicus,
814 4367 1073 4452 Romanorum
1099 4367 1320 4476 imperator,
1348 4363 1568 4449 allomano
1596 4361 1732 4472 Angeli
1759 4361 1917 4472 aliisque

2085 3671 2086 3736 l

2085 3895 2086 3946 l

302 4484 464 4584 fflbbbl’
502 4500 776 4586 mercatoribus
795 4499 977 4606 Romanis
1001 4509 1180 4582 mutuum
1206 4495 1344 4605 accipit
1366 4521 1437 4606 pro
1466 4495 1658 4580 cccxxll
1682 4495 1804 4580 unciis
1835 4495 1915 4578 auri

2085 4709 2086 4742 l

2085 4753 2086 4792 l

2085 4799 2086 4842 l

2085 5195 2086 5286 l

2085 5595 2086 5640 l

502 4635 576 4719 boc
591 4633 675 4743 ipso
694 4659 825 4717 mense
842 4632 986 4716 octobri
1001 4631 1103 4740 apud
1123 4629 1353 4713 Cremonam
1371 4627 1623 4712 exsolvendis.
