4228 5892
516 599 578 662 roa
1014 595 1228 658 rnrnnrucr
1253 595 1427 657 succum
1741 593 1820 678 [111
1839 593 1926 656 usco.

517 734 687 809 adversus
703 733 884 806 commisse
900 731 1105 827 proditionis
1122 731 1256 804 lacinus
1273 730 1453 824 injudicio
1476 737 1512 800 et
1530 729 1664 822 justitia
1683 729 1926 825 procedamus.

517 860 749 952 Quapropter,
770 857 859 928 sicut
884 857 989 928 moris
1011 867 1045 928 et
1063 855 1152 948 juris
1174 864 1244 944 mt,
1263 877 1370 948 super
1385 853 1522 945 objecto
1543 851 1755 927 infidelitatis
1782 875 1929 927 excessu

517 980 564 1054 ad
581 989 730 1053 nostram
752 979 882 1052 curiam
902 988 937 1052 te
949 979 1096 1052 citamus
1112 987 1146 1051 et
1161 979 1370 1074 precipimus
1387 977 1451 1048 tibi
1462 985 1632 1072 quatenus
1647 977 1788 1050 civitate
1801 977 1928 1051 Arela-

517 1103 605 1176 tensi
619 1103 655 1174 in
672 1123 714 1176 eo
732 1111 822 1174 statu
838 1100 980 1174 reducta
998 1102 1034 1172 in
1056 1123 1127 1195 quo
1146 1102 1350 1197 priusquam
1372 1122 1418 1173 ex
1431 1121 1474 1172 ea
1496 1100 1665 1172 vicarium
1684 1109 1840 1172 nostrum
1857 1102 1930 1193 eJ'e-

518 1228 603 1300 ceris
626 1226 867 1322 permanebat,
890 1225 989 1298 XXX
1008 1225 1144 1298 dierum
1171 1235 1250 1320 post
1277 1224 1508 1320 receptionem
1532 1223 1767 1318 presentium,
1789 1225 1930 1319 prestita

518 1351 580 1423 tibi
600 1351 781 1422 securitate
803 1335 984 1440 veniendi,
1005 1347 1164 1421 morandi
1190 1358 1225 1420 et
1252 1345 1442 1436 redeundi,
1467 1356 1583 1420 nostre
1610 1347 1704 1419 curie
1728 1357 1763 1420 tc
1789 1346 1930 1418 studeas

518 1473 740 1570 personaliter
761 1483 974 1568 presentare,
1004 1472 1049 1545 de
1075 1469 1276 1544 infidelitate
1306 1471 1486 1544 commissa
1507 1469 1555 1542 ad
1580 1469 1754 1562 justiciam
1780 1490 1930 1564 respon-

518 1620 632 1671 surus.
649 1595 752 1682 Quod
769 1597 798 1668 si
815 1597 929 1669 lacere
954 1595 1216 1690 contempseris,
1238 1595 1334 1666 velut
1351 1603 1450 1665 tuum
1468 1592 1746 1685 recognoscendo
1770 1603 1805 1665 et
1821 1593 1929 1665 conli-

519 1721 623 1794 tcndo
636 1729 787 1808 reatum,
809 1729 844 1792 te
859 1729 1021 1813 tauquam
1040 1716 1215 1791 infidelem
1231 1726 1386 1791 nostrum
1404 1717 1449 1790 ab
1464 1718 1557 1789 omni
1572 1717 1702 1789 honore
1713 1725 1748 1789 et
1762 1715 1928 1808 dignitate

520 1845 565 1918 de
584 1843 799 1940 plenitudiue
820 1842 997 1937 potestatis
1021 1864 1069 1915 ex
1091 1851 1183 1916 certa
1208 1841 1351 1916 scientia
1375 1850 1410 1914 et
1434 1841 1603 1937 imperiali
1629 1841 1831 1914 auctoritate
1854 1842 1931 1936 pri-

520 1969 693 2043 vabimus.

569 2095 711 2180 Datum,
730 2099 796 2162 etc.

748 2323 1199 2335 nnn-antunn—n--n—uffl
1203 2319 1690 2334 ffl-

335 2617 469 2671 namm
573 2581 809 2687 Friderieus,
846 2579 1106 2662 Romanorum
1140 2577 1367 2684 imperator,
1401 2571 1684 2658 Arelatensibus
1721 2573 1853 2656 scribit
1887 2583 1928 2656 ut

345 2671 458 2721 mm]
518 2740 605 2798 cum
629 2714 756 2822 potius
778 2711 923 2821 decepti
948 2709 1090 2792 luerint
1115 2733 1233 2819 quam
1258 2705 1438 2814 rebelles,
1464 2706 1623 2789 iusidias
1650 2707 1799 2790 comitis
1824 2705 1926 2790 Pro-

516 2845 663 2932 vinciae
688 2845 826 2930 evitare
854 2853 988 2926 curent
1011 2853 1049 2926 et
1073 2842 1113 2924 iu
1141 2842 1330 2926 civitatem
1357 2838 1542 2923 uieauum
1569 2863 1683 2922 suum
1712 2838 1923 2923 restituant.

519 2979 632 3077 Quod
650 2979 682 3060 si
699 2977 822 3062 facere
844 2975 1097 3088 neglexerint,
1117 2974 1297 3059 nuntium
1323 2971 1441 3056 mittit
1466 2973 1534 3081 qui
1560 2970 1689 3056 banna
1711 2981 1749 3055 et
1766 2970 1927 3056 mulctas

517 3111 572 3193 eis
590 3111 775 3220 imponat.

599 3309 733 3390 (Edlder.
748 3309 896 3370 11111111
909 3307 1095 3385 1111111111,
1108 3303 1246 3386 Ampliat.
1262 3299 1386 3378 1111111,
1401 3309 1426 3365 1.
1441 3301 1924 3380 monimentorum.

636 3447 677 3461 -
691 3415 765 3476 Coll.
780 3431 849 3476 cum
860 3414 961 3476 codice
972 3413 1048 3476 Btbl.
1064 3413 1160 3476 (laer.
1175 3408 1423 3490 Parls.,sondcs.
1434 3406 1707 3490 (immodestiae,
1720 3416 1792 3484 4⁵⁵,
1808 3425 1878 3487 pars
1891 3409 1926 3486 V,

637 3533 670 3581 n⁰
683 3519 747 3599 11.)

566 3692 785 3783 Fredericus,
805 3701 889 3785 etc,
911 3693 1041 3786 populo
1063 3687 1273 3776 Arelatensi,
1292 3695 1359 3759 etc.
1383 3683 1491 3760 Sedes
1510 3696 1547 3759 et
1560 3693 1666 3781 caput
1686 3685 1786 3779 regni
1808 3685 1927 3757 civitas

518 3817 653 3890 Arelate
671 3837 851 3910 nunquam
868 3823 1022 3887 anostra
1043 3823 1079 3886 et
1093 3811 1229 3907 imperii
1248 3809 1433 3883 devotione
1458 3810 1620 3882 continua
1635 3809 1796 3882 recolitur
1819 3807 1927 3881 decli-

518 3961 640 4031 nasse,
657 3939 741 4033 quin
761 3938 806 4009 ab
822 3957 865 4010 ea
889 3956 1025 4032 semper
1040 3935 1133 4008 bone
1147 3932 1231 4007 fidei
1250 3933 1410 4028 exempla
1426 3928 1629 4028 prodierunt
1651 3930 1696 4003 ad
1715 3929 1881 4004 bonorem
1896 3938 1928 4002 et

518 4061 696 4134 servitium
713 4059 848 4154 imperii
861 4058 1039 4130 militante.
1057 4057 1197 4152 Propter
1213 4053 1309 4150 quod
1323 4055 1387 4126 vix
1408 4053 1540 4148 absque
1563 4051 1788 4126 admiratione
1807 4051 1927 4126 audire

517 4183 694 4281 potuimus
724 4183 870 4276 qualiter
896 4191 1025 4254 1111111
1058 4179 1193 4254 comitis
1223 4177 1404 4252 Provincia
1428 4177 1652 4250 temeritatem
1680 4176 1810 4249 invicta
1842 4175 1926 4249 fides

517 4316 632 4380 vestra
657 4305 806 4400 potuerit
829 4303 1010 4400 pertulisse
1033 4313 1072 4376 ut
1074 4352 1328 4375 .......
1350 4299 1518 4374 vicarium
1545 4307 1700 4373 nostrum
1721 4299 1830 4372 nostri
1850 4301 1925 4373 cul·

517 4429 621 4502 minis
643 4427 791 4522 effigiem
811 4435 1063 4522 presentantem
1080 4423 1118 4497 in
1135 4421 1252 4496 medio
1275 4431 1430 4496 vestrum
1446 4431 1483 4496 et
1505 4443 1569 4518 pre
1585 4421 1696 4494 oculis
1711 4421 1836 4494 vestris
1856 4429 1923 4493 tam

517 4552 661 4650 turpiter
686 4551 860 4645 ejecisset,
883 4550 969 4622 inita
995 4570 1075 4622 cum
1100 4544 1311 4642 quibusdam
1337 4544 1523 4642 proditoria
1545 4544 1712 4633 lectione,
1736 4564 1797 4637 per
1821 4563 1923 4638 quam

518 4679 555 4748 in
572 4675 678 4748 nostri
703 4673 851 4747 nominis
867 4671 1029 4764 injuriam
1049 4679 1085 4744 et
1106 4669 1247 4744 honoris
1271 4667 1455 4744 infideliter
1475 4675 1592 4762 ageret
1613 4674 1649 4740 et
1668 4667 1795 4740 famam
1814 4675 1924 4738 vestm
