4242 5904
489 571 552 632 228
956 585 959 606 ·’
997 573 1203 634 lilllllERlGl
1230 573 1405 674 sactum
1716 571 1795 656 [riva.
1812 574 1896 637 1238.

540 709 578 779 ln
597 707 737 780 nomine
754 716 871 778 sancta
884 715 921 779 ct
933 707 1116 781 individue
1133 709 1320 781 Trinitatis.
1339 707 1532 780 Fridericus
1551 707 1598 789 11,
1618 707 1740 781 divina
1764 710 1899 782 lavante

491 831 671 904 clementia
684 831 914 902 Romanorum
930 831 1113 925 imperator
1134 853 1269 926 semper
1290 841 1476 925 augustus,
1495 831 1708 905 Hierusalem
1729 842 1764 904 ct
1787 833 1900 906 Sicilie

490 977 568 1028 rex.
596 953 785 1049 lmperialis
815 953 1019 1025 excellentia
1040 963 1122 1026 tunc
1145 957 1309 1050 precipua
1335 956 1389 1027 sui
1417 955 1566 1028 nominis
1595 956 1711 1028 titulos
1739 956 1897 1050 ampliat,

492 1091 574 1151 tnnc
587 1077 690 1150 officii
716 1077 770 1149 sui
787 1077 941 1151 debitum
961 1077 1076 1151 reddit
1095 1100 1173 1151 oum
1195 1081 1312 1152 fenora
1330 1080 1401 1152 Deo
1423 1080 1523 1170 vivo,
1549 1101 1630 1151 cnm
1657 1081 1730 1152 loca
1755 1081 1826 1152 lloo
1849 1080 1901 1152 di-

492 1211 567 1274 cata
582 1213 617 1274 et
640 1223 803 1296 personas
825 1201 1071 1272 ecclesiasticas
1089 1202 1147 1295 pio
1168 1203 1285 1275 lavore
1304 1211 1419 1274 tuetur
1439 1213 1474 1275 et
1492 1207 1602 1294 justas
1621 1225 1741 1275 earnm
1764 1205 1901 1274 lavora-

491 1326 604 1397 bititer
620 1325 798 1418 petitiones
814 1323 970 1415 exaudit,
993 1326 1067 1416 ejus
1084 1324 1209 1396 intuitu
1216 1377 1345 1396 .....
1365 1347 1427 1420 por
1444 1347 1547 1419 quem
1565 1333 1677 1420 preest
1689 1327 1903 1420 principibus

492 1460 594 1524 terre.
622 1451 671 1522 Ea
697 1460 835 1544 propter
858 1459 979 1522 notum
1005 1449 1079 1522 fieri
1105 1451 1266 1523 volumus
1291 1451 1463 1523 universis
1487 1451 1621 1546 imperii
1649 1449 1808 1523 fidelibus
1833 1461 1903 1522 tam

492 1574 711 1668 presentibus
731 1595 837 1667 qnam
860 1573 984 1644 futuris
1005 1573 1100 1667 quod
1119 1573 1314 1646 Bernardus
1338 1574 1547 1646 venerabilis
1564 1574 1809 1647 Avinionensis
1826 1573 1902 1669 epi·

492 1719 634 1793 scopus,
653 1696 799 1769 dilectus
816 1695 929 1768 fidelis
947 1707 1078 1784 noster,
1098 1697 1277 1790 quoddam
1301 1698 1523 1792 privilegium
1541 1698 1597 1768 avi
1615 1697 1722 1769 nostri
1741 1697 1815 1768 divi
1837 1698 1902 1769 im·

493 1822 659 1918 peratoris
682 1820 847 1892 Frideriei
876 1821 1038 1894 memorie
1056 1821 1241 1894 recolende
1257 1821 1400 1894 ecclesie
1429 1843 1492 1894 sue
1517 1821 1694 1914 quondam
1718 1822 1902 1893 clementor

492 1947 666 2020 indultum
690 1955 805 2017 nostro
824 1946 967 2016 culmini
989 1946 1215 2040 presentavit,
1234 1945 1411 2018 humiliter
1430 1947 1627 2041 supplicans
1651 1955 1687 2017 et
1708 1945 1836 2019 devote
1863 1957 1901 2017 ut

492 2074 608 2167 ipsum
626 2071 792 2142 innovare
814 2080 850 2142 et
872 2070 987 2142 omnia
1010 2092 1080 2164 quo
1105 2071 1322 2142 continentur
1349 2071 1384 2142 in
1412 2091 1454 2142 eo
1484 2069 1687 2143 confirmare
1714 2069 1760 2143 de
1786 2081 1900 2144 nostra

493 2194 603 2288 gratia
623 2192 863 2286 dignaremnr3
885 2195 986 2285 cujus
1003 2201 1104 2266 tenor
1120 2214 1181 2287 per
1196 2195 1312 2266 omnia
1330 2194 1406 2266 talis
1422 2204 1474 2265 est
1491 2219 1500 2263 :

445 2385 446 2389 ,
541 2319 580 2388 ln
604 2317 743 2390 nomine
766 2327 883 2389 sancte
906 2326 941 2389 et
969 2316 1153 2390 individuo
1180 2317 1365 2389 Trinitatis.
1389 2317 1600 2405 Fridericns,
1622 2316 1741 2390 divina
1765 2319 1903 2392 lavante

493 2441 671 2514 clementia
684 2441 913 2512 Romanorum
929 2441 1113 2536 imperator
1127 2461 1262 2535 semper
1279 2455 1460 2534 augustus.
1473 2441 1774 2540 Quandocumque
1789 2453 1904 2515 nostre

493 2563 679 2659 imperialis
698 2563 891 2636 donationis
910 2565 965 2636 vel
987 2564 1271 2637 corroborationis
1297 2565 1354 2659 pie
1377 2566 1579 2660 exposcitur
1600 2564 1820 2658 suffragium,
1843 2587 1902 2638 ce-

493 2689 556 2761 leri
582 2688 706 2761 ellectu
729 2697 781 2760 est
803 2687 1078 2775 attribuendum,
1098 2697 1132 2761 et
1159 2689 1188 2759 si
1215 2687 1252 2758 in
1277 2687 1327 2760 eis
1350 2688 1550 2783 exposcitur
1570 2709 1640 2781 que
1666 2687 1792 2760 durare
1818 2709 1904 2784 per-

493 2823 599 2911 petuo
624 2812 806 2902 videntur,
831 2813 952 2886 littoris
976 2822 1028 2885 est
1048 2813 1151 2884 etiam
1174 2813 1411 2886 adnotandum
1435 2835 1481 2886 ne
1500 2813 1683 2908 prolixitas
1710 2823 1903 2908 temporum

493 2939 637 3036 posteris
659 2938 725 3010 boc
748 2938 894 3012 dubium
919 2937 1041 3010 reddat
1061 2938 1118 3010 vel
1147 2937 1329 3009 incertum.
1358 2937 1526 3010 Omnibus
1551 2937 1658 3030 igitur
1680 2945 1750 3008 tam
1779 2938 1905 3009 luturis

493 3083 597 3156 quam
618 3062 834 3156 presentibus
851 3061 973 3134 Christi
992 3059 1199 3154 imperiique
1216 3060 1323 3132 nostri
1340 3059 1500 3132 fidelibus
1517 3069 1636 3132 notum
1653 3063 1905 3134 essevolumus

494 3185 642 3279 qualiter
677 3206 740 3258 nos
769 3183 982 3258 Gauiredum
1013 3184 1241 3257 venerabilem
1272 3182 1424 3256 Avenice
1456 3183 1604 3256 civitatis
1629 3183 1829 3278 episcopum
1858 3182 1905 3255 ad

494 3307 624 3379 curiam
647 3317 797 3380 nostram
821 3308 1016 3380 venientem
1043 3308 1193 3399 benigne
1214 3307 1448 3401 suscepimus,
1474 3305 1661 3378 honorilice
1684 3306 1907 3377 tractavimus

494 3451 535 3502 ao
552 3439 693 3524 accepta
711 3431 756 3503 ab
780 3451 822 3502 eo
838 3430 955 3502 debita
978 3428 1141 3503 fidelitate
1157 3439 1190 3502 et
1208 3430 1382 3520 hominio,
1403 3429 1449 3502 de
1465 3429 1627 3501 omnibus
1642 3429 1816 3522 rogalibus
1831 3429 1908 3502 sive

494 3551 770 3647 possessionibus
790 3554 845 3624 vel
865 3553 1008 3644 justitiis
1031 3574 1119 3646 quas
1135 3553 1386 3624 avenionensis
1405 3551 1550 3624 ecclesia
1577 3551 1757 3643 largitione
1781 3573 1905 3644 regum

494 3678 551 3748 vel
568 3677 809 3770 imperatorum
827 3678 885 3749 vel
907 3677 1081 3748 oblatione
1097 3675 1251 3747 fidelium
1270 3675 1422 3766 legitime
1443 3674 1517 3745 visa
1537 3684 1589 3746 est
1611 3673 1775 3746 hactenus
1792 3675 1905 3769 possi-

495 3799 579 3871 dere
604 3799 756 3893 plenarie
780 3799 1035 3872 investivimus.
1062 3798 1300 3870 Concessimus
1327 3797 1443 3890 itaque
1471 3797 1601 3889 prelato
1627 3795 1798 3868 Gaulredo
1826 3797 1905 3890 epi-

493 3943 598 4017 seopo
612 3931 646 3994 ct
663 3943 724 4018 per
744 3945 824 3995 eum
841 3923 1002 3995 omnibus
1024 3921 1281 3996 successoribus
1306 3922 1378 3993 suis
1398 3921 1434 3991 in
1450 3929 1655 4014 perpetuum
1671 3920 1788 3992 villam
1805 3919 1905 3992 vide-

493 4045 572 4118 lieet
593 4068 663 4140 qne
683 4047 888 4142 episcopalis
905 4055 1047 4120 vocatur
1066 4047 1154 4118 inira
1170 4066 1286 4117 muros
1299 4043 1454 4118 Avenice
1470 4045 1619 4116 civitatis
1634 4053 1669 4116 et
1684 4043 1905 4116 medietatem

494 4169 539 4242 de
563 4168 730 4242 descensu
758 4170 916 4243 llbodani
942 4180 976 4242 et
997 4171 1130 4243 tertiam
1159 4179 1288 4264 partem
1312 4178 1433 4263 portus
1450 4167 1601 4262 predicta
1625 4165 1771 4238 civitatis
1794 4175 1828 4238 et
1855 4166 1907 4238 in·

493 4293 604 4364 sulam
623 4293 745 4364 subtus
760 4292 972 4366 Avenionem
993 4294 1091 4366 sitam
1119 4313 1188 4385 que
1213 4291 1257 4363 ab
1279 4293 1413 4364 oriente
1441 4292 1640 4386 terminatqr
1658 4290 1770 4362 rivqu
1789 4289 1908 4383 Surgi-

492 4416 603 4506 lionc,
618 4416 664 4488 ab
681 4415 862 4488 occidente
877 4438 961 4488 vero
974 4415 1143 4488 Rhodano
1162 4417 1396 4505 discurrente,
1413 4425 1447 4487 et
1463 4414 1671 4509 quidquido
1688 4413 1787 4484 nobis
1804 4412 1909 4484 babet

492 4540 549 4611 vel
567 4539 696 4612 habere
714 4541 818 4613 debet
833 4541 869 4610 in
883 4541 1053 4612 territorio
1068 4539 1222 4634 predicte
1240 4540 1388 4612 civitatis
1405 4540 1442 4610 in
1465 4540 1564 4610 terris
1584 4537 1683 4610 cultis
1701 4545 1735 4609 et
1754 4535 1904 4626 incultis,

492 4664 622 4758 vineis,
654 4664 778 4758 aquis,
811 4663 1300 4760 aquarumquedecursibus,
1338 4663 1527 4752 meatibus,
1556 4662 1687 4752 naulis,
1718 4660 1900 4746 theloneis,
