4226 5900
499 597 559 658 ist
1004 599 1216 662 ruinnaldi
1242 601 1415 662 SECUNDI
1727 609 1807 688 [Anni.
1828 609 1915 674 1239.

500 732 677 824 miramur,
709 732 807 827 quod
830 735 977 806 curatuli
1007 737 1113 808 nostri
1141 735 1185 808 de
1214 736 1404 830 Capitinam
1432 759 1502 810 non
1529 742 1785 814 seminaverunt
1810 755 1914 817 totam

498 877 644 928 avenam
672 879 777 951 quam
805 861 900 932 ouria
923 869 1037 932 nostra
1066 861 1170 933 habet
1197 861 1339 934 ibidem.
1368 863 1483 948 Quare
1512 861 1667 938 fidelitati
1692 876 1751 939 tue
1776 865 1916 941 firmiter

498 980 720 1074 precipiendo
749 983 957 1055 mandamus
986 995 1157 1077 quatenus
1184 985 1330 1079 receptis
1355 985 1408 1056 bis
1436 987 1561 1059 licteris
1590 989 1753 1082 injungas
1783 991 1914 1064 eisdem

498 1105 662 1176 curatulis
685 1115 724 1175 ut
744 1115 849 1177 totam
866 1106 1042 1180 residuam
1058 1129 1204 1180 avenam
1224 1109 1392 1180 seminent
1413 1111 1488 1183 loco
1506 1123 1540 1184 et
1557 1121 1709 1208 tempore
1729 1125 1910 1209 oportuno.

547 1229 672 1300 Datum
691 1229 788 1324 apud
804 1229 971 1321 Laudam,
992 1231 1068 1304 vltl
1083 1231 1295 1324 novembris,
1313 1233 1391 1305 Xlil
1409 1233 1624 1308 indictionis.

713 1480 1662 1492 Μ--η-ο--μ--Ἣ-α--μο-η--αο-ι--αι
1669 1481 1702 1492 ι-

552 1731 774 1815 Mandatum
794 1733 843 1813 od
869 1729 1119 1840 justitiarium
1146 1729 1284 1812 Terrae
1310 1731 1398 1812 bari
1417 1741 1460 1812 ut
1482 1729 1623 1812 foresta
1645 1729 1857 1836 Monopolis
1878 1737 1913 1812 et

499 1889 656 1947 nemora
683 1865 852 1972 ipsarum
876 1862 1042 1970 partium
1061 1861 1325 1945 venationibus
1353 1871 1442 1970 apta
1462 1861 1502 1941 in
1527 1860 1684 1944 defensa
1706 1869 1910 1968 ponantur.

580 2041 707 2124 (Repeti.
721 2041 822 2120 imper.
840 2037 958 2100 Frcdcr.
971 2041 1011 2116 11,
1026 2040 1078 2102 foi.
1097 2050 1134 2102 18
1148 2057 1249 2113 verso;
1265 2040 1379 2102 incdit.
1397 2040 1533 2112 (iuream,
1548 2055 1578 2116 p.
1594 2047 1665 2117 260,
1681 2039 1765 2117 261.)

546 2198 630 2266 item
645 2195 780 2286 scripsit
803 2194 844 2263 ii.
869 2193 908 2264 de
924 2191 1084 2264 Salano:

548 2318 768 2408 fredericus,
787 2325 871 2407 ete,
890 2315 1058 2390 Lundulio
1077 2310 1149 2412 [de]
1171 2315 1300 2386 Franco
1315 2313 1502 2406 justitiario
1524 2315 1627 2387 Terra
1647 2314 1737 2386 Bari.
1756 2313 1915 2386 Pervenit

499 2465 610 2539 nuper
626 2443 672 2515 ad
686 2441 899 2514 audientiam
914 2449 1085 2528 nostram,
1102 2438 1199 2533 quod
1216 2459 1356 2512 nemora
1368 2439 1559 2533 Monopoiis
1572 2460 1642 2532 que
1657 2447 1810 2532 temporo
1824 2438 1915 2531 rogis

499 2567 670 2642 Guiilelmi
689 2566 852 2638 memorie
873 2563 1056 2636 recolende
1073 2563 1216 2636 defensa
1237 2565 1376 2636 suerunt
1398 2573 1433 2635 et
1448 2563 1553 2658 abpta
1573 2573 1655 2635 sunt
1672 2561 1914 2635 venationibus

499 2692 636 2782 nostris,
656 2688 813 2762 homines
828 2689 982 2783 ipsarum
996 2687 1145 2782 partium
1161 2687 1291 2760 intrant
1304 2696 1339 2760 et
1355 2697 1527 2760 venantur
1539 2685 1689 2775 ibidem,
1705 2695 1741 2760 et
1755 2685 1915 2758 incidunt

498 2837 561 2912 pro
575 2815 848 2907 uniuscujusque
859 2811 1000 2884 arbitrio
1014 2811 1211 2884 voluntatis.
1227 2810 1370 2896 Quodsi
1383 2832 1503 2884 verum
1519 2819 1585 2899 ast,
1599 2809 1822 2882 ammirantes
1833 2807 1916 2882 fide·

498 2939 585 3012 litati
600 2947 659 3010 tue
675 2935 899 3032 precipiendo
912 2933 1312 3030 mandemusquatenus,
1326 2935 1356 3008 si
1367 2944 1419 3008 est
1433 2935 1494 3025 ita,
1512 2934 1616 3008 facias
1629 2934 1710 3030 poni
1722 2935 1758 3006 in
1773 2933 1915 3007 detensa

500 3083 639 3135 nemora
653 3061 742 3156 ipss,
760 3081 829 3154 que
849 3069 1001 3154 tempore
1022 3059 1105 3132 dicti
1128 3059 1220 3152 regis
1238 3060 1274 3131 in
1294 3059 1435 3133 detensa
1453 3059 1626 3132 inveneris
1645 3059 1833 3150 exstitisse,
1852 3079 1914 3130 nec

500 3186 683 3282 permistas
702 3185 738 3256 in
754 3185 806 3257 eis
824 3185 975 3278 aliquem
998 3182 1152 3257 incidere
1177 3185 1232 3256 vel
1249 3183 1388 3274 venari,
1411 3182 1502 3256 sicut
1529 3181 1695 3256 haetenus
1715 3181 1913 3254 andivimus

499 3317 750 3403 attemptatum.
786 3307 998 3402 Pracipimus
1021 3307 1161 3400 insuper
1184 3306 1266 3396 tibi,
1294 3317 1468 3400 quatenus
1492 3305 1558 3378 alia
1583 3305 1686 3378 etiam
1712 3326 1856 3378 nemora
1881 3315 1914 3378 ot

498 3435 573 3506 loca
599 3433 752 3526 ipsarum
778 3429 945 3525 partium,
969 3451 1039 3524 qne
1066 3431 1107 3502 R.
1129 3429 1174 3502 de
1197 3429 1444 3502 Montefuscolo
1468 3429 1673 3523 justitiarius
1699 3428 1911 3524 Capitinam,

498 3557 612 3630 fidelis
632 3565 761 3642 noster,
783 3553 845 3626 tibi
862 3553 954 3628 dicet
972 3554 1046 3626 sore
1061 3575 1214 3646 congrua
1233 3575 1296 3648 pro
1314 3554 1556 3627 venationibus
1569 3563 1602 3624 et
1619 3551 1755 3624 solaciis
1773 3553 1909 3643 nostris,

500 3681 658 3754 similiter
676 3699 803 3776 ponere
818 3677 969 3750 debeas'
960 3699 996 3750 rn
1016 3677 1172 3770 detensa,
1192 3687 1227 3750 et
1245 3699 1286 3750 ea
1305 3679 1410 3750 iacias
1426 3677 1581 3773 diligenti
1598 3676 1713 3750 studio
1732 3675 1908 3766 custodiri,

549 3929 675 4000 Datum
691 3925 786 4023 apud
799 3924 967 4015 bundam,
988 3925 1062 3998 Vlli
1077 3925 1286 4015 novembris,
1304 3926 1380 3998 Xili
1400 3923 1606 4000 indictionis

706 4183 1112 4192 n-——du———n--—-—..--.-

325 4413 440 4516 ,ppt
554 4396 708 4481 Mandat
692 4405 776 4478 tum
795 4394 843 4476 ad
864 4393 1056 4475 Andream
1081 4392 1129 4474 de
1158 4389 1284 4474 Cicela
1303 4389 1352 4472 de
1379 4387 1580 4472 statuendo
1605 4385 1742 4468 idoneo
1770 4381 1909 4468 castel-

306 4521 368 4563 Μ
369 4521 459 4577 Μ
451 4533 589 4615 ‘lano
608 4529 712 4640 apud
736 4525 1005 4612 Monticellmn.

581 4717 736 4802 (Ιίιφωι.Ι
724 4735 828 4799 imper.
842 4714 961 4778 Frcda.
975 4717 1015 4792 11,
1032 4715 1082 4777 tol.
1105 4723 1140 4776 ts
1156 4731 1259 4789 verso;
1274 4713 1386 4776 incdit.
1397 4713 1520 4776 Carcan.
1525 4725 1580 4788 ,.p
1598 4707 1679 4786 261.)

500 3803 603 3877 ioca
594 3825 669 3899 ipsa
693 3803 793 3875 nobis
810 3821 871 3897 per
886 3811 964 3874 tuas
982 3801 1116 3874 lictores
1135 3802 1376 3896 rescripturus
