4246 5906
500 579 560 642 558
1001 572 1215 634 vnvnnnvct
1243 571 1415 634 sncnrvnv
1726 573 1804 656 [nu
1823 573 1908 640 ms.

498 735 639 818 papae,
667 707 715 790 de
737 704 952 788 castellanis
976 715 1015 788 et
1032 703 1282 790 servientibus
1303 705 1450 790 idoneis
1476 705 1708 811 statuendis,
1727 715 1825 813 etc.;
1849 709 1912 792 cui

500 841 685 924 accedunt
701 838 847 922 litterae
874 847 1043 948 montes
1070 847 1107 919 et
1134 836 1210 920 alia
1227 837 1411 920 mandata
1437 838 1487 920 ad
1515 862 1599 921 ram
1623 837 1799 921 eamdem
1815 865 1911 948 per-

502 972 670 1057 tinentia.

582 1153 960 1239 (superscripserunt.
976 1157 1016 1232 11,
1031 1155 1084 1220 lol.
1102 1165 1138 1218 ιι
1153 1161 1249 1230 recto;
1263 1157 1295 1216 ln
1308 1155 1379 1217 edlt.
1394 1155 1533 1230 Caram,
1547 1173 1578 1234 p.
1596 1163 1654 1217 ιιι
1666 1161 1697 1217 et
1708 1155 1807 1234 seqq.)

552 1319 600 1392 Dc
613 1319 771 1392 mandato
791 1323 880 1412 [octo
890 1341 953 1412 per
975 1319 1171 1412 mnpittrrcm
1184 1318 1227 1390 R.
1246 1317 1290 1389 dc
1309 1319 1455 1412 Trojccto
1473 1320 1607 1414 scripsit
1618 1319 1659 1392 G.
1676 1317 1716 1392 dc
1733 1319 1829 1392 chco
1840 1341 1913 1390 res·

499 1441 654 1538 ponentes
671 1469 681 1514 :

552 1566 773 1656 Fredericns,
789 1575 873 1658 etc,
896 1565 1035 1639 Andrae
1051 1565 1098 1639 de
1119 1564 1231 1640 Cicala
1246 1566 1447 1662 capitaneo,
1464 1575 1528 1640 etc.
1548 1567 1698 1640 Licterm
1720 1565 1915 1642 devotionis

504 1699 564 1762 tue
588 1689 687 1763 solita
709 1689 921 1786 benignitate
942 1689 1156 1784 recepimus,
1180 1697 1215 1762 et
1234 1711 1305 1784 qne
1326 1690 1546 1783 contuebant
1570 1689 1804 1764 intelleximus
1828 1690 1915 1762 dili-

505 1823 638 1906 genter.
658 1813 819 1888 Studium
842 1825 877 1887 et
891 1814 1159 1888 sollicitudiuem
1180 1834 1251 1908 que
1268 1813 1305 1886 iu
1328 1813 1476 1887 servitiis
1493 1815 1617 1888 nostris
1632 1813 1786 1886 ostendis
1809 1813 1916 1908 pluri·

506 1961 601 2010 mum
618 1937 918 2026 commendamus,
938 1947 973 2010 et
993 1959 1075 2010 ecce
1097 1935 1193 2032 qnod
1213 1959 1319 2032 super
1338 1937 1501 2028 omuibus
1524 1937 1685 2032 capitulis
1705 1958 1775 2032 qno
1796 1938 1917 2010 misisti

506 2062 568 2134 tibi
597 2071 750 2134 nostrum
778 2061 1034 2156 beneplacitum
1065 2060 1327 2156 respondemus.
1348 2061 1461 2134 Primo
1484 2060 1626 2156 quidem
1649 2060 1694 2144 de
1719 2071 1834 2136 meno
1851 2062 1916 2137 sito

506 2187 594 2260 inter
610 2187 716 2258 Reate
731 2195 766 2258 et
784 2185 982 2280 spoletum,
998 2183 1097 2280 quod
1113 2186 1197 2258 utile
1210 2183 1338 2258 dicitnr
1357 2207 1465 2280 reguo
1479 2195 1614 2278 nostro,
1629 2195 1664 2260 et
1679 2185 1785 2259 vendi
1799 2184 1918 2258 debuit

506 2310 607 2384 nobis
621 2331 683 2406 per
696 2308 853 2382 dominos
870 2311 946 2402 eJus
960 2307 1049 2382 dnos
1066 2309 1383 2407 tratresvidelicet,
1397 2330 1486 2403 quos
1499 2308 1546 2382 ad
1560 2309 1791 2384 venditionem
1808 2309 1918 2403 ipsius

507 2443 581 2506 orta
602 2432 689 2504 iuter
713 2453 773 2504 eos
791 2430 963 2505 discordia
980 2431 1196 2524 deducebat,
1219 2441 1253 2504 et
1277 2453 1371 2504 nnuc
1392 2431 1581 2506 concordes
1601 2431 1731 2522 effecti,
1756 2430 1918 2515 videntur

508 2567 695 2648 utromque
711 2555 800 2628 sicin
820 2553 984 2650 scripsisti
1001 2576 1023 2627 a
1040 2554 1217 2650 proposito
1232 2555 1384 2646 resilire,
1405 2555 1518 2650 placet
1533 2555 1735 2628 excellentie
1749 2563 1867 2628 nostre
1880 2563 1918 2626 nt

508 2680 691 2772 diligenter
707 2677 862 2774 inquiras
875 2678 936 2772 qni
961 2678 1031 2750 sint
1050 2677 1114 2772 ipsi
1130 2679 1251 2754 tratres
1267 2677 1399 2752 domini
1419 2677 1502 2750 dicti
1520 2678 1645 2770 castri,
1660 2698 1731 2772 quo
1748 2678 1827 2754 loco
1842 2698 1916 2753 ces·

508 2814 598 2874 trum
614 2803 718 2876 situm
734 2803 794 2893 sit,
812 2800 908 2896 qnod
922 2801 1143 2874 commodum
1160 2811 1275 2898 posset
1289 2823 1336 2874 ex
1359 2821 1401 2874 eo
1419 2811 1537 2878 nostro
1554 2801 1697 2874 culmini
1715 2801 1915 2896 provenire,

507 2927 654 3021 qualiter
669 2926 712 2997 sit
726 2925 880 2996 munitus
899 2925 996 2996 locus
1014 2945 1085 3018 quo
1108 2933 1258 2996 castrum
1275 2934 1327 2996 est
1348 2925 1515 3020 positum,
1533 2933 1569 2998 et
1588 2945 1651 3020 pro
1667 2935 1797 3019 quanto
1813 2924 1917 3020 pretio

507 3049 626 3122 haberi
644 3049 767 3144 possit,
787 3047 920 3142 etquid
943 3048 1058 3120 valeat
1072 3057 1223 3120 castrum
1243 3047 1339 3141 qnod
1361 3047 1581 3144 requirunta
1603 3045 1725 3140 nobis,
1747 3058 1782 3122 et
1804 3048 1917 3123 omnia

508 3172 692 3268 diligenter
720 3171 895 3266 exquisita
922 3169 1022 3244 nobis
1052 3167 1226 3264 significes
1255 3169 1423 3262 seriatim,
1450 3170 1586 3243 interim
1614 3181 1734 3244 tenens
1763 3170 1917 3244 dominos

507 3297 601 3393 ipsos
615 3317 676 3392 per
692 3295 800 3368 verbu
816 3295 928 3384 bona,
948 3293 1078 3368 fiducie
1091 3293 1183 3366 bone
1196 3301 1231 3367 et
1247 3303 1364 3366 nostre
1381 3294 1491 3388 gratie
1508 3295 1724 3389 promissiva.
1746 3295 1817 3368 Nos
1829 3293 1917 3368 eninr

508 3444 586 3494 cnm
609 3420 655 3494 ed
676 3427 790 3516 partes
816 3419 951 3492 vicinas
964 3419 1031 3490 cito
1047 3418 1193 3490 murino
1209 3417 1355 3492 iaciente
1371 3419 1591 3512 venerimus,
1611 3417 1697 3514 qnid
1721 3417 1804 3492 inde
1822 3417 1917 3492 nobis

507 3546 640 3640 placeat
661 3553 864 3617 statuemus.
890 3545 941 3616 De
960 3541 1194 3616 blontecesiuo
1217 3541 1279 3614 ubi
1305 3541 1329 3612 C
1353 3541 1544 3616 servientes
1565 3541 1613 3616 nd
1635 3540 1826 3616 custodiam
1850 3550 1917 3614 ste·-

508 3669 619 3758 luisti,
640 3689 719 3740 cnm
742 3687 811 3740 nou
836 3665 1033 3738 sufficerent
1058 3666 1117 3737 XL
1144 3663 1273 3738 ibidem
1295 3665 1456 3760 primitus
1478 3663 1645 3757 ordinati,
1669 3666 1784 3760 placet
1808 3674 1918 3738 nosne

508 3791 710 3865 excellentie
730 3789 826 3884 quod
852 3790 972 3863 fecisti.
997 3789 1111 3862 Placet
1134 3789 1235 3862 etiam
1260 3789 1356 3884 quod
1381 3789 1571 3864 servientes
1597 3789 1661 3884 ipsi
1682 3798 1718 3862 et
1742 3788 1802 3860 alii
1828 3787 1918 3884 npud

508 3915 796 3988 Pontemcurvum
810 3914 941 4002 statuti,
960 3934 1023 4006 pro
1039 3911 1186 3984 dimidio
1201 3911 1246 3984 de
1260 3912 1486 4006 proventibus
1502 3911 1699 3988 monasterii
1713 3911 1915 3999 Casiueusis,

510 4048 545 4110 et
561 4059 623 4132 pro
646 4035 791 4108 dimidio
809 4034 854 4109 de
870 4037 1018 4132 pecnnia
1036 4045 1150 4108 nostre
1170 4035 1266 4108 curie
1283 4035 1493 4127 solidentur,
1518 4045 1553 4108 ct
1567 4057 1648 4108 ecce
1670 4055 1772 4130 super
1795 4035 1862 4108 boc
1877 4033 1913 4105 G.

508 4160 578 4234 filio
603 4160 776 4234 Laurentii
802 4158 847 4234 da
875 4160 1001 4232 Suessa
1026 4158 1194 4254 provisori
1223 4167 1410 4232 castrorum
1436 4169 1630 4232 nostrorum
1655 4159 1758 4232 Terre
1782 4157 1917 4231 laboris

509 4293 642 4358 nostres
658 4283 793 4356 licterns
808 4281 1033 4356 destinamus.
1051 4283 1101 4354 De
1115 4279 1236 4352 cestris
1251 4301 1320 4374 que
1333 4289 1428 4355 tenet
1441 4281 1550 4354 abbas
1565 4301 1668 4376 snper
1683 4278 1915 4368 lutrodocum,

321 4423 351 4452 ⁶·
396 4419 465 4452 ’Μ
508 4407 713 4482 mandamus
729 4405 883 4482 fidelitati
908 4415 969 4478 tue
987 4413 1026 4476 nt
1041 4401 1199 4476 studiose
1225 4411 1260 4475 et
1283 4413 1384 4477 cante
1405 4425 1585 4500 procures,
1608 4409 1616 4495 Ι
1636 4404 1712 4478 sive
1735 4425 1797 4500 per
1815 4423 1915 4475 vocn-

509 4534 636 4607 tionem
653 4541 686 4606 et
703 4529 935 4606 detentionem
952 4527 1197 4602 condecentem
1214 4525 1370 4616 abbatis,
1385 4526 1461 4600 nive
1481 4527 1580 4600 furto.
1590 4526 1803 4601 clandestino
1819 4525 1915 4599 dnm·

509 4657 612 4732 modo
629 4655 688 4730 liat
704 4655 780 4730 sine
798 4674 975 4728 murmure
993 4663 1028 4726 et
1043 4650 1207 4728 scandalo
1223 4650 1395 4746 regionis,
1414 4650 1510 4746 quod
1522 4657 1632 4728 castra
1648 4649 1723 4746 ipso
1736 4647 1916 4724 deveniant
