<?xml version="1.0" encoding="UTF-8"?>
<!DOCTYPE html PUBLIC "-//W3C//DTD XHTML 1.0 Transitional//EN"
    "http://www.w3.org/TR/xhtml1/DTD/xhtml1-transitional.dtd">
<html xmlns="http://www.w3.org/1999/xhtml" xml:lang="en" lang="en">
 <head>
  <title>
</title>
<meta http-equiv="Content-Type" content="text/html;charset=utf-8" />
  <meta name='ocr-system' content='tesseract 3.04.00' />
  <meta name='ocr-capabilities' content='ocr_page ocr_carea ocr_par ocr_line ocrx_word'/>
</head>
<body>
  <div class='ocr_page' id='page_1' title='image "./historiadiploma02fredgoog_0457.png"; bbox 0 0 4226 5900; ppageno 0'>
   <div class='ocr_carea' id='block_1_1' title="bbox 510 525 1924 611">
    <p class='ocr_par' dir='ltr' id='par_1_1' title="bbox 510 525 1924 611">
     <span class='ocr_line' id='line_1_1' title="bbox 510 525 1924 611; baseline -0.007 -10"><span class='ocrx_word' id='word_1_1' title='bbox 510 539 572 601; x_wconf 71' lang='lat' dir='ltr'><strong>ddd</strong></span> <span class='ocrx_word' id='word_1_2' title='bbox 1012 533 1224 595; x_wconf 69' lang='lat' dir='ltr'><strong>lutbuatcl</strong></span> <span class='ocrx_word' id='word_1_3' title='bbox 1249 533 1423 596; x_wconf 70' lang='lat' dir='ltr'><strong>suculam</strong></span> <span class='ocrx_word' id='word_1_4' title='bbox 1731 529 1817 611; x_wconf 77' lang='lat' dir='ltr'><strong>[un.</strong></span> <span class='ocrx_word' id='word_1_5' title='bbox 1837 525 1924 591; x_wconf 66' lang='lat' dir='ltr'><strong>lma.</strong></span> 
     </span>
    </p>
   </div>
   <div class='ocr_carea' id='block_1_2' title="bbox 467 662 1923 880">
    <p class='ocr_par' dir='ltr' id='par_1_2' title="bbox 467 662 1923 880">
     <span class='ocr_line' id='line_1_2' title="bbox 467 662 1923 776; baseline -0.007 -26"><span class='ocrx_word' id='word_1_6' title='bbox 467 673 469 683; x_wconf 90' lang='lat'>&#39;</span> <span class='ocrx_word' id='word_1_7' title='bbox 511 667 652 776; x_wconf 88' lang='lat' dir='ltr'><strong>quibus</strong></span> <span class='ocrx_word' id='word_1_8' title='bbox 670 665 825 774; x_wconf 80' lang='lat' dir='ltr'>aliquod</span> <span class='ocrx_word' id='word_1_9' title='bbox 843 665 892 747; x_wconf 92' lang='lat' dir='ltr'><strong>de</strong></span> <span class='ocrx_word' id='word_1_10' title='bbox 910 664 1070 747; x_wconf 84' lang='lat' dir='ltr'><strong>servitiis</strong></span> <span class='ocrx_word' id='word_1_11' title='bbox 1092 677 1129 746; x_wconf 88' lang='lat' dir='ltr'><strong>et</strong></span> <span class='ocrx_word' id='word_1_12' title='bbox 1143 666 1305 776; x_wconf 85' lang='lat' dir='ltr'><strong>negotiis</strong></span> <span class='ocrx_word' id='word_1_13' title='bbox 1323 665 1372 747; x_wconf 90' lang='lat' dir='ltr'><strong>ad</strong></span> <span class='ocrx_word' id='word_1_14' title='bbox 1393 662 1560 746; x_wconf 88' lang='lat' dir='ltr'><strong>officium</strong></span> <span class='ocrx_word' id='word_1_15' title='bbox 1577 687 1711 746; x_wconf 92' lang='lat' dir='ltr'><strong>eorum</strong></span> <span class='ocrx_word' id='word_1_16' title='bbox 1733 669 1923 770; x_wconf 90' lang='lat' dir='ltr'><strong>spectan-</strong></span> 
     </span>
     <span class='ocr_line' id='line_1_3' title="bbox 511 797 916 880; baseline -0.002 -1"><span class='ocrx_word' id='word_1_17' title='bbox 511 798 614 880; x_wconf 81' lang='lat' dir='ltr'><strong>tibus</strong></span> <span class='ocrx_word' id='word_1_18' title='bbox 632 797 916 880; x_wconf 88' lang='lat' dir='ltr'><strong>commiserunt.</strong></span> 
     </span>
    </p>
   </div>
   <div class='ocr_carea' id='block_1_3' title="bbox 592 1032 1687 1117">
    <p class='ocr_par' dir='ltr' id='par_1_3' title="bbox 592 1032 1687 1117">
     <span class='ocr_line' id='line_1_4' title="bbox 592 1032 1687 1117; baseline -0.003 -21"><span class='ocrx_word' id='word_1_19' title='bbox 592 1036 719 1117; x_wconf 70' lang='lat' dir='ltr'><strong>(Reque.</strong></span> <span class='ocrx_word' id='word_1_20' title='bbox 734 1037 837 1116; x_wconf 72' lang='lat' dir='ltr'><strong>imper.</strong></span> <span class='ocrx_word' id='word_1_21' title='bbox 851 1032 971 1095; x_wconf 61' lang='lat' dir='ltr'><strong>bleda.</strong></span> <span class='ocrx_word' id='word_1_22' title='bbox 983 1035 1022 1107; x_wconf 84' lang='lat'><strong>11,</strong></span> <span class='ocrx_word' id='word_1_23' title='bbox 1038 1035 1089 1094; x_wconf 84' lang='lat' dir='ltr'><strong>tol.</strong></span> <span class='ocrx_word' id='word_1_24' title='bbox 1108 1045 1143 1095; x_wconf 80' lang='lat' dir='ltr'><strong>tt</strong></span> <span class='ocrx_word' id='word_1_25' title='bbox 1158 1042 1253 1112; x_wconf 87' lang='lat' dir='ltr'><strong>recte;</strong></span> <span class='ocrx_word' id='word_1_26' title='bbox 1269 1038 1299 1096; x_wconf 96' lang='lat' dir='ltr'><strong>ln</strong></span> <span class='ocrx_word' id='word_1_27' title='bbox 1314 1035 1387 1096; x_wconf 84' lang='lat' dir='ltr'><strong>edlt.</strong></span> <span class='ocrx_word' id='word_1_28' title='bbox 1403 1034 1540 1106; x_wconf 79' lang='lat' dir='ltr'><strong>caream,</strong></span> <span class='ocrx_word' id='word_1_29' title='bbox 1555 1051 1588 1111; x_wconf 85' lang='lat' dir='ltr'><strong>p.</strong></span> <span class='ocrx_word' id='word_1_30' title='bbox 1604 1033 1687 1112; x_wconf 78' lang='lat' dir='ltr'><strong>tta.)</strong></span> 
     </span>
    </p>
   </div>
   <div class='ocr_carea' id='block_1_4' title="bbox 400 1249 1918 4288">
    <p class='ocr_par' dir='ltr' id='par_1_4' title="bbox 559 1249 1322 1342">
     <span class='ocr_line' id='line_1_5' title="bbox 559 1249 1322 1342; baseline -0.004 -20"><span class='ocrx_word' id='word_1_31' title='bbox 559 1251 664 1322; x_wconf 82' lang='lat' dir='ltr'><strong>Forte</strong></span> <span class='ocrx_word' id='word_1_32' title='bbox 679 1264 757 1322; x_wconf 82' lang='lat' dir='ltr'><strong>suot</strong></span> <span class='ocrx_word' id='word_1_33' title='bbox 777 1251 888 1322; x_wconf 81' lang='lat' dir='ltr'><strong>lictore</strong></span> <span class='ocrx_word' id='word_1_34' title='bbox 904 1249 944 1320; x_wconf 84' lang='lat' dir='ltr'><strong>de</strong></span> <span class='ocrx_word' id='word_1_35' title='bbox 959 1250 1127 1342; x_wconf 73' lang='lat' dir='ltr'><strong>imperiali</strong></span> <span class='ocrx_word' id='word_1_36' title='bbox 1141 1249 1322 1320; x_wconf 77' lang='lat' dir='ltr'><strong>mondmo:</strong></span> 
     </span>
    </p>

    <p class='ocr_par' dir='ltr' id='par_1_5' title="bbox 505 1371 1918 2942">
     <span class='ocr_line' id='line_1_6' title="bbox 557 1371 1918 1468; baseline -0.001 -24"><span class='ocrx_word' id='word_1_37' title='bbox 557 1372 776 1464; x_wconf 83' lang='lat' dir='ltr'><strong>Fredericus,</strong></span> <span class='ocrx_word' id='word_1_38' title='bbox 796 1383 879 1462; x_wconf 84' lang='lat' dir='ltr'><strong>etc,</strong></span> <span class='ocrx_word' id='word_1_39' title='bbox 902 1374 934 1444; x_wconf 85' lang='lat'><strong>1.</strong></span> <span class='ocrx_word' id='word_1_40' title='bbox 958 1373 1122 1466; x_wconf 88' lang='lat' dir='ltr'><strong>Capuano</strong></span> <span class='ocrx_word' id='word_1_41' title='bbox 1145 1372 1400 1468; x_wconf 88' lang='lat' dir='ltr'><strong>archiepiscopo</strong></span> <span class='ocrx_word' id='word_1_42' title='bbox 1421 1380 1457 1442; x_wconf 87' lang='lat' dir='ltr'><strong>et</strong></span> <span class='ocrx_word' id='word_1_43' title='bbox 1476 1372 1516 1443; x_wconf 89' lang='lat' dir='ltr'><strong>P.</strong></span> <span class='ocrx_word' id='word_1_44' title='bbox 1538 1371 1729 1443; x_wconf 84' lang='lat' dir='ltr'><strong>Ravellensi</strong></span> <span class='ocrx_word' id='word_1_45' title='bbox 1754 1371 1918 1464; x_wconf 92' lang='lat' dir='ltr'><strong>episcopo</strong></span> 
     </span>
     <span class='ocr_line' id='line_1_7' title="bbox 508 1493 1914 1590; baseline -0.004 -22"><span class='ocrx_word' id='word_1_46' title='bbox 508 1495 734 1568; x_wconf 78' lang='lat' dir='ltr'><strong>familiaribus</strong></span> <span class='ocrx_word' id='word_1_47' title='bbox 744 1497 835 1585; x_wconf 85' lang='lat' dir='ltr'><strong>suis,</strong></span> <span class='ocrx_word' id='word_1_48' title='bbox 855 1505 922 1567; x_wconf 90' lang='lat' dir='ltr'><strong>etc.</strong></span> <span class='ocrx_word' id='word_1_49' title='bbox 941 1494 1147 1567; x_wconf 88' lang='lat' dir='ltr'><strong>blandumns</strong></span> <span class='ocrx_word' id='word_1_50' title='bbox 1163 1505 1198 1566; x_wconf 91' lang='lat' dir='ltr'><strong>et</strong></span> <span class='ocrx_word' id='word_1_51' title='bbox 1216 1495 1426 1590; x_wconf 84' lang='lat' dir='ltr'><strong>precipimus</strong></span> <span class='ocrx_word' id='word_1_52' title='bbox 1443 1493 1598 1567; x_wconf 87' lang='lat' dir='ltr'><strong>fidelitati</strong></span> <span class='ocrx_word' id='word_1_53' title='bbox 1613 1503 1728 1566; x_wconf 86' lang='lat' dir='ltr'><strong>vestre</strong></span> <span class='ocrx_word' id='word_1_54' title='bbox 1744 1503 1914 1588; x_wconf 88' lang='lat' dir='ltr'><strong>quatenus</strong></span> 
     </span>
     <span class='ocr_line' id='line_1_8' title="bbox 507 1615 1915 1713; baseline -0.003 -22"><span class='ocrx_word' id='word_1_55' title='bbox 507 1619 593 1691; x_wconf 86' lang='lat' dir='ltr'><strong>visis</strong></span> <span class='ocrx_word' id='word_1_56' title='bbox 612 1619 679 1713; x_wconf 81' lang='lat' dir='ltr'><strong>hys</strong></span> <span class='ocrx_word' id='word_1_57' title='bbox 698 1617 823 1690; x_wconf 87' lang='lat' dir='ltr'><strong>licteris</strong></span> <span class='ocrx_word' id='word_1_58' title='bbox 841 1617 1023 1711; x_wconf 77' lang='lat' dir='ltr'><strong>diligenter</strong></span> <span class='ocrx_word' id='word_1_59' title='bbox 1040 1627 1074 1689; x_wconf 87' lang='lat' dir='ltr'><strong>et</strong></span> <span class='ocrx_word' id='word_1_60' title='bbox 1087 1617 1231 1690; x_wconf 90' lang='lat' dir='ltr'><strong>sollicite</strong></span> <span class='ocrx_word' id='word_1_61' title='bbox 1247 1639 1310 1712; x_wconf 90' lang='lat' dir='ltr'><strong>per</strong></span> <span class='ocrx_word' id='word_1_62' title='bbox 1328 1619 1453 1713; x_wconf 88' lang='lat' dir='ltr'><strong>scripta</strong></span> <span class='ocrx_word' id='word_1_63' title='bbox 1471 1627 1506 1690; x_wconf 91' lang='lat' dir='ltr'><strong>et</strong></span> <span class='ocrx_word' id='word_1_64' title='bbox 1525 1615 1767 1710; x_wconf 77' lang='lat' dir='ltr'><strong>quaterniones</strong></span> <span class='ocrx_word' id='word_1_65' title='bbox 1781 1625 1915 1688; x_wconf 87' lang='lat' dir='ltr'><strong>vestros</strong></span> 
     </span>
     <span class='ocr_line' id='line_1_9' title="bbox 507 1737 1913 1836; baseline -0.002 -24"><span class='ocrx_word' id='word_1_66' title='bbox 507 1741 735 1836; x_wconf 75' lang='lat' dir='ltr'><strong>inquirentes,</strong></span> <span class='ocrx_word' id='word_1_67' title='bbox 750 1763 791 1813; x_wconf 93' lang='lat' dir='ltr'><strong>ac</strong></span> <span class='ocrx_word' id='word_1_68' title='bbox 804 1739 949 1813; x_wconf 88' lang='lat' dir='ltr'><strong>fideliter</strong></span> <span class='ocrx_word' id='word_1_69' title='bbox 967 1741 1003 1811; x_wconf 92' lang='lat' dir='ltr'><strong>in</strong></span> <span class='ocrx_word' id='word_1_70' title='bbox 1017 1749 1133 1813; x_wconf 89' lang='lat' dir='ltr'><strong>vestro</strong></span> <span class='ocrx_word' id='word_1_71' title='bbox 1151 1741 1266 1812; x_wconf 91' lang='lat' dir='ltr'><strong>animo</strong></span> <span class='ocrx_word' id='word_1_72' title='bbox 1281 1742 1500 1814; x_wconf 87' lang='lat' dir='ltr'><strong>revolventes</strong></span> <span class='ocrx_word' id='word_1_73' title='bbox 1513 1739 1696 1812; x_wconf 88' lang='lat' dir='ltr'><strong>inveniatis</strong></span> <span class='ocrx_word' id='word_1_74' title='bbox 1709 1747 1743 1808; x_wconf 90' lang='lat' dir='ltr'><strong>et</strong></span> <span class='ocrx_word' id='word_1_75' title='bbox 1754 1737 1913 1810; x_wconf 85' lang='lat' dir='ltr'><strong>distincte</strong></span> 
     </span>
     <span class='ocr_line' id='line_1_10' title="bbox 506 1859 1913 1957; baseline -0.002 -23"><span class='ocrx_word' id='word_1_76' title='bbox 506 1883 548 1935; x_wconf 90' lang='lat' dir='ltr'><strong>ac</strong></span> <span class='ocrx_word' id='word_1_77' title='bbox 565 1863 667 1957; x_wconf 91' lang='lat' dir='ltr'><strong>plene</strong></span> <span class='ocrx_word' id='word_1_78' title='bbox 682 1863 785 1934; x_wconf 82' lang='lat' dir='ltr'><strong>scribi</strong></span> <span class='ocrx_word' id='word_1_79' title='bbox 811 1863 939 1935; x_wconf 81' lang='lat' dir='ltr'><strong>lactatis</strong></span> <span class='ocrx_word' id='word_1_80' title='bbox 956 1863 1110 1934; x_wconf 91' lang='lat' dir='ltr'><strong>omnium</strong></span> <span class='ocrx_word' id='word_1_81' title='bbox 1133 1883 1253 1935; x_wconf 91' lang='lat' dir='ltr'><strong>eorum</strong></span> <span class='ocrx_word' id='word_1_82' title='bbox 1278 1862 1419 1935; x_wconf 86' lang='lat' dir='ltr'><strong>nomina</strong></span> <span class='ocrx_word' id='word_1_83' title='bbox 1436 1863 1565 1955; x_wconf 91' lang='lat' dir='ltr'><strong>quibus</strong></span> <span class='ocrx_word' id='word_1_84' title='bbox 1581 1883 1627 1933; x_wconf 85' lang='lat' dir='ltr'><strong>ex</strong></span> <span class='ocrx_word' id='word_1_85' title='bbox 1645 1881 1716 1954; x_wconf 91' lang='lat' dir='ltr'><strong>quo</strong></span> <span class='ocrx_word' id='word_1_86' title='bbox 1740 1860 1777 1930; x_wconf 90' lang='lat' dir='ltr'><strong>in</strong></span> <span class='ocrx_word' id='word_1_87' title='bbox 1799 1859 1913 1932; x_wconf 88' lang='lat' dir='ltr'><strong>officio</strong></span> 
     </span>
     <span class='ocr_line' id='line_1_11' title="bbox 505 1982 1913 2078; baseline -0.003 -21"><span class='ocrx_word' id='word_1_88' title='bbox 505 1984 605 2057; x_wconf 89' lang='lat' dir='ltr'><strong>vobis</strong></span> <span class='ocrx_word' id='word_1_89' title='bbox 624 1985 806 2056; x_wconf 89' lang='lat' dir='ltr'><strong>commisso</strong></span> <span class='ocrx_word' id='word_1_90' title='bbox 821 1985 947 2072; x_wconf 78' lang='lat' dir='ltr'><strong>fuistis,</strong></span> <span class='ocrx_word' id='word_1_91' title='bbox 961 1985 1177 2056; x_wconf 89' lang='lat' dir='ltr'><strong>commisistis</strong></span> <span class='ocrx_word' id='word_1_92' title='bbox 1191 1984 1334 2078; x_wconf 87' lang='lat' dir='ltr'><strong>aliquod</strong></span> <span class='ocrx_word' id='word_1_93' title='bbox 1350 1985 1395 2058; x_wconf 90' lang='lat' dir='ltr'><strong>de</strong></span> <span class='ocrx_word' id='word_1_94' title='bbox 1413 1985 1561 2057; x_wconf 88' lang='lat' dir='ltr'><strong>servitiis</strong></span> <span class='ocrx_word' id='word_1_95' title='bbox 1573 1993 1609 2056; x_wconf 90' lang='lat' dir='ltr'><strong>et</strong></span> <span class='ocrx_word' id='word_1_96' title='bbox 1625 1983 1770 2076; x_wconf 80' lang='lat' dir='ltr'><strong>negotiis</strong></span> <span class='ocrx_word' id='word_1_97' title='bbox 1781 1982 1828 2055; x_wconf 90' lang='lat' dir='ltr'><strong>ad</strong></span> <span class='ocrx_word' id='word_1_98' title='bbox 1842 1982 1913 2054; x_wconf 87' lang='lat' dir='ltr'><strong>offi-</strong></span> 
     </span>
     <span class='ocr_line' id='line_1_12' title="bbox 506 2105 1909 2202; baseline 0 -24"><span class='ocrx_word' id='word_1_99' title='bbox 506 2107 598 2178; x_wconf 90' lang='lat' dir='ltr'><strong>cinm</strong></span> <span class='ocrx_word' id='word_1_100' title='bbox 613 2117 766 2178; x_wconf 91' lang='lat' dir='ltr'><strong>vestrum</strong></span> <span class='ocrx_word' id='word_1_101' title='bbox 784 2107 1017 2202; x_wconf 76' lang='lat' dir='ltr'><strong>spectantibus</strong></span> <span class='ocrx_word' id='word_1_102' title='bbox 1030 2109 1087 2180; x_wconf 83' lang='lat' dir='ltr'><strong>vel</strong></span> <span class='ocrx_word' id='word_1_103' title='bbox 1102 2108 1204 2180; x_wconf 87' lang='lat' dir='ltr'><strong>vobis</strong></span> <span class='ocrx_word' id='word_1_104' title='bbox 1219 2109 1427 2199; x_wconf 86' lang='lat' dir='ltr'><strong>commissis,</strong></span> <span class='ocrx_word' id='word_1_105' title='bbox 1448 2117 1483 2178; x_wconf 91' lang='lat' dir='ltr'><strong>et</strong></span> <span class='ocrx_word' id='word_1_106' title='bbox 1499 2107 1712 2202; x_wconf 88' lang='lat' dir='ltr'><strong>quodetiam</strong></span> <span class='ocrx_word' id='word_1_107' title='bbox 1724 2105 1909 2200; x_wconf 90' lang='lat' dir='ltr'><strong>unicuique</strong></span> 
     </span>
     <span class='ocr_line' id='line_1_13' title="bbox 506 2229 1909 2325; baseline -0.003 -22"><span class='ocrx_word' id='word_1_108' title='bbox 506 2251 625 2303; x_wconf 88' lang='lat' dir='ltr'><strong>eornm</strong></span> <span class='ocrx_word' id='word_1_109' title='bbox 643 2230 879 2322; x_wconf 75' lang='lat' dir='ltr'><strong>commisistis,</strong></span> <span class='ocrx_word' id='word_1_110' title='bbox 906 2230 1084 2302; x_wconf 87' lang='lat' dir='ltr'><strong>studentes</strong></span> <span class='ocrx_word' id='word_1_111' title='bbox 1106 2230 1203 2324; x_wconf 89' lang='lat' dir='ltr'><strong>quod</strong></span> <span class='ocrx_word' id='word_1_112' title='bbox 1227 2231 1407 2325; x_wconf 89' lang='lat' dir='ltr'><strong>usquead</strong></span> <span class='ocrx_word' id='word_1_113' title='bbox 1429 2231 1555 2303; x_wconf 82' lang='lat' dir='ltr'><strong>testum</strong></span> <span class='ocrx_word' id='word_1_114' title='bbox 1572 2229 1758 2302; x_wconf 84' lang='lat' dir='ltr'><strong>nativitatis</strong></span> <span class='ocrx_word' id='word_1_115' title='bbox 1776 2229 1909 2302; x_wconf 88' lang='lat' dir='ltr'><strong>Domini</strong></span> 
     </span>
     <span class='ocr_line' id='line_1_14' title="bbox 506 2353 1906 2448; baseline 0 -24"><span class='ocrx_word' id='word_1_116' title='bbox 506 2353 617 2448; x_wconf 92' lang='lat' dir='ltr'><strong>primo</strong></span> <span class='ocrx_word' id='word_1_117' title='bbox 632 2363 816 2426; x_wconf 88' lang='lat' dir='ltr'><strong>venturum</strong></span> <span class='ocrx_word' id='word_1_118' title='bbox 836 2363 905 2426; x_wconf 86' lang='lat' dir='ltr'><strong>tam</strong></span> <span class='ocrx_word' id='word_1_119' title='bbox 921 2354 1057 2425; x_wconf 92' lang='lat' dir='ltr'><strong>illorum</strong></span> <span class='ocrx_word' id='word_1_120' title='bbox 1075 2353 1215 2426; x_wconf 92' lang='lat' dir='ltr'><strong>nomina</strong></span> <span class='ocrx_word' id='word_1_121' title='bbox 1232 2377 1337 2448; x_wconf 89' lang='lat' dir='ltr'><strong>quam</strong></span> <span class='ocrx_word' id='word_1_122' title='bbox 1358 2355 1540 2428; x_wconf 91' lang='lat' dir='ltr'><strong>commissa</strong></span> <span class='ocrx_word' id='word_1_123' title='bbox 1559 2355 1698 2447; x_wconf 77' lang='lat' dir='ltr'><strong>negotia</strong></span> <span class='ocrx_word' id='word_1_124' title='bbox 1715 2353 1906 2426; x_wconf 87' lang='lat' dir='ltr'><strong>fidelitarin</strong></span> 
     </span>
     <span class='ocr_line' id='line_1_15' title="bbox 506 2474 1907 2571; baseline 0.002 -25"><span class='ocrx_word' id='word_1_125' title='bbox 506 2476 641 2571; x_wconf 85' lang='lat' dir='ltr'><strong>seriptis</strong></span> <span class='ocrx_word' id='word_1_126' title='bbox 664 2475 802 2548; x_wconf 90' lang='lat' dir='ltr'><strong>redacta</strong></span> <span class='ocrx_word' id='word_1_127' title='bbox 823 2474 869 2547; x_wconf 90' lang='lat' dir='ltr'><strong>ad</strong></span> <span class='ocrx_word' id='word_1_128' title='bbox 894 2485 1044 2547; x_wconf 89' lang='lat' dir='ltr'><strong>nostram</strong></span> <span class='ocrx_word' id='word_1_129' title='bbox 1067 2477 1272 2570; x_wconf 88' lang='lat' dir='ltr'><strong>presentiam</strong></span> <span class='ocrx_word' id='word_1_130' title='bbox 1293 2477 1548 2564; x_wconf 86' lang='lat' dir='ltr'><strong>transmittatis,</strong></span> <span class='ocrx_word' id='word_1_131' title='bbox 1576 2487 1612 2550; x_wconf 90' lang='lat' dir='ltr'><strong>et</strong></span> <span class='ocrx_word' id='word_1_132' title='bbox 1635 2485 1797 2549; x_wconf 75' lang='lat' dir='ltr'><strong>caventes</strong></span> <span class='ocrx_word' id='word_1_133' title='bbox 1816 2476 1907 2570; x_wconf 92' lang='lat' dir='ltr'><strong>qnod</strong></span> 
     </span>
     <span class='ocr_line' id='line_1_16' title="bbox 506 2596 1909 2695; baseline 0.003 -27"><span class='ocrx_word' id='word_1_134' title='bbox 506 2597 562 2670; x_wconf 90' lang='lat' dir='ltr'><strong>vel</strong></span> <span class='ocrx_word' id='word_1_135' title='bbox 582 2598 617 2668; x_wconf 95' lang='lat' dir='ltr'><strong>in</strong></span> <span class='ocrx_word' id='word_1_136' title='bbox 632 2596 805 2670; x_wconf 83' lang='lat' dir='ltr'><strong>mictendo</strong></span> <span class='ocrx_word' id='word_1_137' title='bbox 821 2619 916 2670; x_wconf 91' lang='lat' dir='ltr'><strong>mora</strong></span> <span class='ocrx_word' id='word_1_138' title='bbox 933 2619 1003 2669; x_wconf 92' lang='lat' dir='ltr'><strong>non</strong></span> <span class='ocrx_word' id='word_1_139' title='bbox 1018 2600 1236 2692; x_wconf 90' lang='lat' dir='ltr'><strong>protrabatur</strong></span> <span class='ocrx_word' id='word_1_140' title='bbox 1253 2601 1414 2692; x_wconf 88' lang='lat' dir='ltr'><strong>ulterius,</strong></span> <span class='ocrx_word' id='word_1_141' title='bbox 1434 2602 1490 2672; x_wconf 88' lang='lat' dir='ltr'><strong>vel</strong></span> <span class='ocrx_word' id='word_1_142' title='bbox 1509 2600 1554 2672; x_wconf 93' lang='lat' dir='ltr'><strong>de</strong></span> <span class='ocrx_word' id='word_1_143' title='bbox 1564 2600 1630 2695; x_wconf 79' lang='lat' dir='ltr'><strong>bys</strong></span> <span class='ocrx_word' id='word_1_144' title='bbox 1644 2621 1714 2693; x_wconf 91' lang='lat' dir='ltr'><strong>que</strong></span> <span class='ocrx_word' id='word_1_145' title='bbox 1731 2599 1909 2672; x_wconf 85' lang='lat' dir='ltr'><strong>scribenda</strong></span> 
     </span>
     <span class='ocr_line' id='line_1_17' title="bbox 507 2719 1908 2818; baseline 0.002 -27"><span class='ocrx_word' id='word_1_146' title='bbox 507 2729 588 2791; x_wconf 90' lang='lat' dir='ltr'><strong>sont</strong></span> <span class='ocrx_word' id='word_1_147' title='bbox 603 2719 710 2790; x_wconf 85' lang='lat' dir='ltr'><strong>nichil</strong></span> <span class='ocrx_word' id='word_1_148' title='bbox 733 2720 950 2812; x_wconf 87' lang='lat' dir='ltr'><strong>aliquatenus</strong></span> <span class='ocrx_word' id='word_1_149' title='bbox 967 2723 1166 2812; x_wconf 89' lang='lat' dir='ltr'><strong>omictatur,</strong></span> <span class='ocrx_word' id='word_1_150' title='bbox 1187 2723 1269 2815; x_wconf 90' lang='lat' dir='ltr'><strong>quia</strong></span> <span class='ocrx_word' id='word_1_151' title='bbox 1287 2724 1316 2794; x_wconf 87' lang='lat' dir='ltr'><strong>si</strong></span> <span class='ocrx_word' id='word_1_152' title='bbox 1339 2745 1401 2818; x_wconf 94' lang='lat' dir='ltr'><strong>per</strong></span> <span class='ocrx_word' id='word_1_153' title='bbox 1416 2725 1502 2796; x_wconf 89' lang='lat' dir='ltr'><strong>alios</strong></span> <span class='ocrx_word' id='word_1_154' title='bbox 1521 2746 1626 2818; x_wconf 61' lang='lat' dir='ltr'><strong>mam</strong></span> <span class='ocrx_word' id='word_1_155' title='bbox 1644 2743 1705 2818; x_wconf 86' lang='lat' dir='ltr'><strong>per</strong></span> <span class='ocrx_word' id='word_1_156' title='bbox 1727 2745 1791 2795; x_wconf 81' lang='lat' dir='ltr'><strong>vos</strong></span> <span class='ocrx_word' id='word_1_157' title='bbox 1813 2723 1908 2796; x_wconf 90' lang='lat' dir='ltr'><strong>nobis</strong></span> 
     </span>
     <span class='ocr_line' id='line_1_18' title="bbox 507 2841 1763 2942; baseline 0.002 -28"><span class='ocrx_word' id='word_1_158' title='bbox 507 2841 641 2934; x_wconf 87' lang='lat' dir='ltr'><strong>aliquid</strong></span> <span class='ocrx_word' id='word_1_159' title='bbox 660 2841 872 2930; x_wconf 84' lang='lat' dir='ltr'><strong>innotescat,</strong></span> <span class='ocrx_word' id='word_1_160' title='bbox 888 2843 999 2915; x_wconf 87' lang='lat' dir='ltr'><strong>vereri</strong></span> <span class='ocrx_word' id='word_1_161' title='bbox 1018 2845 1138 2938; x_wconf 90' lang='lat' dir='ltr'><strong>procul</strong></span> <span class='ocrx_word' id='word_1_162' title='bbox 1153 2844 1261 2918; x_wconf 92' lang='lat' dir='ltr'><strong>dubio</strong></span> <span class='ocrx_word' id='word_1_163' title='bbox 1277 2847 1430 2940; x_wconf 90' lang='lat' dir='ltr'><strong>poteritis</strong></span> <span class='ocrx_word' id='word_1_164' title='bbox 1447 2867 1573 2941; x_wconf 88' lang='lat' dir='ltr'><strong>penam</strong></span> <span class='ocrx_word' id='word_1_165' title='bbox 1587 2867 1634 2918; x_wconf 84' lang='lat' dir='ltr'><strong>ex</strong></span> <span class='ocrx_word' id='word_1_166' title='bbox 1649 2847 1763 2942; x_wconf 87' lang='lat' dir='ltr'><strong>culpa.</strong></span> 
     </span>
    </p>

    <p class='ocr_par' dir='ltr' id='par_1_6' title="bbox 557 2965 1858 3062">
     <span class='ocr_line' id='line_1_19' title="bbox 557 2965 1858 3062; baseline 0.004 -28"><span class='ocrx_word' id='word_1_167' title='bbox 557 2965 682 3037; x_wconf 88' lang='lat' dir='ltr'><strong>Datum</strong></span> <span class='ocrx_word' id='word_1_168' title='bbox 695 2966 732 3036; x_wconf 92' lang='lat' dir='ltr'><strong>in</strong></span> <span class='ocrx_word' id='word_1_169' title='bbox 751 2967 869 3036; x_wconf 90' lang='lat' dir='ltr'><strong>castris</strong></span> <span class='ocrx_word' id='word_1_170' title='bbox 886 2987 994 3061; x_wconf 90' lang='lat' dir='ltr'><strong>prope</strong></span> <span class='ocrx_word' id='word_1_171' title='bbox 1007 2966 1257 3062; x_wconf 86' lang='lat' dir='ltr'><strong>Mediolanum,</strong></span> <span class='ocrx_word' id='word_1_172' title='bbox 1276 2969 1353 3040; x_wconf 85' lang='lat' dir='ltr'><strong>Xlll</strong></span> <span class='ocrx_word' id='word_1_173' title='bbox 1371 2969 1537 3060; x_wconf 87' lang='lat' dir='ltr'><strong>octobris,</strong></span> <span class='ocrx_word' id='word_1_174' title='bbox 1559 2969 1636 3040; x_wconf 86' lang='lat' dir='ltr'><strong>Xlll</strong></span> <span class='ocrx_word' id='word_1_175' title='bbox 1650 2968 1858 3043; x_wconf 89' lang='lat' dir='ltr'><strong>indictionis.</strong></span> 
     </span>
    </p>

    <p class='ocr_par' dir='ltr' id='par_1_7' title="bbox 505 3087 1902 3430">
     <span class='ocr_line' id='line_1_20' title="bbox 556 3087 1902 3188; baseline 0.004 -32"><span class='ocrx_word' id='word_1_176' title='bbox 556 3087 691 3159; x_wconf 81' lang='lat' dir='ltr'><strong>Similes</strong></span> <span class='ocrx_word' id='word_1_177' title='bbox 716 3088 833 3160; x_wconf 85' lang='lat' dir='ltr'><strong>lictore</strong></span> <span class='ocrx_word' id='word_1_178' title='bbox 859 3090 947 3162; x_wconf 85' lang='lat' dir='ltr'><strong>lacte</strong></span> <span class='ocrx_word' id='word_1_179' title='bbox 973 3100 1055 3161; x_wconf 88' lang='lat' dir='ltr'><strong>sunt</strong></span> <span class='ocrx_word' id='word_1_180' title='bbox 1075 3091 1221 3163; x_wconf 84' lang='lat' dir='ltr'><strong>tlenrico</strong></span> <span class='ocrx_word' id='word_1_181' title='bbox 1243 3091 1289 3164; x_wconf 92' lang='lat' dir='ltr'><strong>de</strong></span> <span class='ocrx_word' id='word_1_182' title='bbox 1313 3091 1425 3166; x_wconf 88' lang='lat' dir='ltr'><strong>blorra</strong></span> <span class='ocrx_word' id='word_1_183' title='bbox 1448 3089 1500 3188; x_wconf 86' lang='lat' dir='ltr'><strong>(a)</strong></span> <span class='ocrx_word' id='word_1_184' title='bbox 1522 3092 1684 3186; x_wconf 79' lang='lat' dir='ltr'><strong>magistro</strong></span> <span class='ocrx_word' id='word_1_185' title='bbox 1708 3089 1902 3182; x_wconf 85' lang='lat' dir='ltr'><strong>justitiario,</strong></span> 
     </span>
     <span class='ocr_line' id='line_1_21' title="bbox 506 3210 1902 3312; baseline 0.001 -31"><span class='ocrx_word' id='word_1_186' title='bbox 506 3219 741 3306; x_wconf 89' lang='lat' dir='ltr'><strong>preterquam</strong></span> <span class='ocrx_word' id='word_1_187' title='bbox 761 3210 862 3283; x_wconf 87' lang='lat' dir='ltr'><strong>datus</strong></span> <span class='ocrx_word' id='word_1_188' title='bbox 877 3221 930 3284; x_wconf 89' lang='lat' dir='ltr'><strong>est</strong></span> <span class='ocrx_word' id='word_1_189' title='bbox 948 3213 1015 3284; x_wconf 90' lang='lat' dir='ltr'><strong>sibi</strong></span> <span class='ocrx_word' id='word_1_190' title='bbox 1034 3215 1200 3286; x_wconf 88' lang='lat' dir='ltr'><strong>terminus</strong></span> <span class='ocrx_word' id='word_1_191' title='bbox 1220 3216 1348 3288; x_wconf 87' lang='lat' dir='ltr'><strong>mensis</strong></span> <span class='ocrx_word' id='word_1_192' title='bbox 1366 3218 1470 3288; x_wconf 88' lang='lat' dir='ltr'><strong>unius</strong></span> <span class='ocrx_word' id='word_1_193' title='bbox 1490 3225 1567 3312; x_wconf 91' lang='lat' dir='ltr'><strong>post</strong></span> <span class='ocrx_word' id='word_1_194' title='bbox 1589 3217 1738 3289; x_wconf 91' lang='lat' dir='ltr'><strong>reditum</strong></span> <span class='ocrx_word' id='word_1_195' title='bbox 1756 3213 1902 3286; x_wconf 86' lang='lat' dir='ltr'><strong>suumin</strong></span> 
     </span>
     <span class='ocr_line' id='line_1_22' title="bbox 505 3335 1193 3430; baseline 0.006 -26"><span class='ocrx_word' id='word_1_196' title='bbox 505 3354 670 3427; x_wconf 64' lang='lat' dir='ltr'><strong>reguum</strong></span> <span class='ocrx_word' id='word_1_197' title='bbox 686 3335 769 3427; x_wconf 88' lang='lat' dir='ltr'><strong>quia</strong></span> <span class='ocrx_word' id='word_1_198' title='bbox 787 3346 1013 3430; x_wconf 86' lang='lat' dir='ltr'><strong>presenserat</strong></span> <span class='ocrx_word' id='word_1_199' title='bbox 1031 3336 1193 3426; x_wconf 91' lang='lat' dir='ltr'><strong>incuria,</strong></span> 
     </span>
    </p>

    <p class='ocr_par' dir='ltr' id='par_1_8' title="bbox 400 3455 1516 3649">
     <span class='ocr_line' id='line_1_23' title="bbox 400 3455 1516 3558; baseline 0.01 -34"><span class='ocrx_word' id='word_1_200' title='bbox 400 3535 406 3548; x_wconf 45' lang='grc'><strong>,</strong></span> <span class='ocrx_word' id='word_1_201' title='bbox 552 3455 688 3528; x_wconf 84' lang='lat' dir='ltr'><strong>Similes</strong></span> <span class='ocrx_word' id='word_1_202' title='bbox 705 3457 872 3531; x_wconf 86' lang='lat' dir='ltr'><strong>lticcardo</strong></span> <span class='ocrx_word' id='word_1_203' title='bbox 891 3458 936 3532; x_wconf 87' lang='lat' dir='ltr'><strong>de</strong></span> <span class='ocrx_word' id='word_1_204' title='bbox 952 3459 1197 3546; x_wconf 83' lang='lat' dir='ltr'><strong>Montelpscolo</strong></span> <span class='ocrx_word' id='word_1_205' title='bbox 1211 3462 1395 3554; x_wconf 82' lang='lat' dir='ltr'><strong>justitiario</strong></span> <span class='ocrx_word' id='word_1_206' title='bbox 1414 3463 1516 3558; x_wconf 85' lang='lat' dir='ltr'><strong>Capi·</strong></span> 
     </span>
     <span class='ocr_line' id='line_1_24' title="bbox 503 3576 621 3649; baseline 0.008 -2"><span class='ocrx_word' id='word_1_207' title='bbox 503 3576 621 3649; x_wconf 89' lang='lat' dir='ltr'><strong>tinate.</strong></span> 
     </span>
    </p>

    <p class='ocr_par' dir='ltr' id='par_1_9' title="bbox 501 3698 1513 3912">
     <span class='ocr_line' id='line_1_25' title="bbox 553 3698 1513 3796; baseline 0.009 -28"><span class='ocrx_word' id='word_1_208' title='bbox 553 3698 830 3770; x_wconf 84' lang='lat' dir='ltr'><strong>Similesllectori</strong></span> <span class='ocrx_word' id='word_1_209' title='bbox 840 3699 885 3772; x_wconf 92' lang='lat' dir='ltr'><strong>de</strong></span> <span class='ocrx_word' id='word_1_210' title='bbox 894 3701 1142 3773; x_wconf 88' lang='lat' dir='ltr'><strong>Monteluscolo</strong></span> <span class='ocrx_word' id='word_1_211' title='bbox 1151 3701 1325 3794; x_wconf 90' lang='lat' dir='ltr'><strong>quondam</strong></span> <span class='ocrx_word' id='word_1_212' title='bbox 1330 3705 1513 3796; x_wconf 88' lang='lat' dir='ltr'><strong>justitiario</strong></span> 
     </span>
     <span class='ocr_line' id='line_1_26' title="bbox 501 3818 650 3912; baseline -0.007 -23"><span class='ocrx_word' id='word_1_213' title='bbox 501 3818 650 3912; x_wconf 85' lang='lat' dir='ltr'><strong>Aprutii.</strong></span> 
     </span>
    </p>

    <p class='ocr_par' dir='ltr' id='par_1_10' title="bbox 500 3938 1513 4130">
     <span class='ocr_line' id='line_1_27' title="bbox 550 3938 1513 4038; baseline 0.01 -28"><span class='ocrx_word' id='word_1_214' title='bbox 550 3938 686 4010; x_wconf 87' lang='lat' dir='ltr'><strong>Similes</strong></span> <span class='ocrx_word' id='word_1_215' title='bbox 699 3939 865 4013; x_wconf 87' lang='lat' dir='ltr'><strong>Ricoardo</strong></span> <span class='ocrx_word' id='word_1_216' title='bbox 878 3941 924 4015; x_wconf 95' lang='lat' dir='ltr'><strong>de</strong></span> <span class='ocrx_word' id='word_1_217' title='bbox 936 3942 1034 4014; x_wconf 85' lang='lat' dir='ltr'><strong>Leria</strong></span> <span class='ocrx_word' id='word_1_218' title='bbox 1048 3943 1223 4036; x_wconf 89' lang='lat' dir='ltr'><strong>quondam</strong></span> <span class='ocrx_word' id='word_1_219' title='bbox 1233 3945 1414 4038; x_wconf 86' lang='lat' dir='ltr'><strong>justitiario</strong></span> <span class='ocrx_word' id='word_1_220' title='bbox 1425 3955 1513 4020; x_wconf 81' lang='lat' dir='ltr'><strong>terre</strong></span> 
     </span>
     <span class='ocr_line' id='line_1_28' title="bbox 500 4059 588 4130; baseline -0.023 0"><span class='ocrx_word' id='word_1_221' title='bbox 500 4059 588 4130; x_wconf 88' lang='lat' dir='ltr'><strong>Bari.</strong></span> 
     </span>
    </p>

    <p class='ocr_par' dir='ltr' id='par_1_11' title="bbox 554 4175 1531 4288">
     <span class='ocr_line' id='line_1_29' title="bbox 554 4175 1531 4288; baseline 0.015 -38"><span class='ocrx_word' id='word_1_222' title='bbox 554 4175 689 4250; x_wconf 89' lang='lat' dir='ltr'><strong>Similes</strong></span> <span class='ocrx_word' id='word_1_223' title='bbox 705 4179 862 4276; x_wconf 87' lang='lat' dir='ltr'><strong>Philippo</strong></span> <span class='ocrx_word' id='word_1_224' title='bbox 879 4180 924 4254; x_wconf 88' lang='lat' dir='ltr'><strong>de</strong></span> <span class='ocrx_word' id='word_1_225' title='bbox 939 4185 1094 4257; x_wconf 91' lang='lat' dir='ltr'><strong>Zuncnlo</strong></span> <span class='ocrx_word' id='word_1_226' title='bbox 1111 4185 1343 4280; x_wconf 89' lang='lat' dir='ltr'><strong>predecessori</strong></span> <span class='ocrx_word' id='word_1_227' title='bbox 1360 4212 1436 4264; x_wconf 87' lang='lat' dir='ltr'><strong>suo.</strong></span> <span class='ocrx_word' id='word_1_228' title='bbox 1525 4255 1531 4288; x_wconf 77' lang='lat'><strong>,</strong></span> 
     </span>
    </p>
   </div>
   <div class='ocr_carea' id='block_1_5' title="bbox 501 4301 1901 4498">
    <p class='ocr_par' dir='ltr' id='par_1_12' title="bbox 501 4301 1901 4498">
     <span class='ocr_line' id='line_1_30' title="bbox 552 4301 1901 4409; baseline 0.008 -38"><span class='ocrx_word' id='word_1_229' title='bbox 552 4301 685 4374; x_wconf 88' lang='lat' dir='ltr'><strong>Similes</strong></span> <span class='ocrx_word' id='word_1_230' title='bbox 700 4303 881 4376; x_wconf 88' lang='lat' dir='ltr'><strong>Thomasio</strong></span> <span class='ocrx_word' id='word_1_231' title='bbox 903 4303 947 4377; x_wconf 90' lang='lat' dir='ltr'><strong>de</strong></span> <span class='ocrx_word' id='word_1_232' title='bbox 965 4304 1050 4378; x_wconf 85' lang='lat' dir='ltr'><strong>Acto</strong></span> <span class='ocrx_word' id='word_1_233' title='bbox 1069 4307 1113 4380; x_wconf 91' lang='lat' dir='ltr'><strong>de</strong></span> <span class='ocrx_word' id='word_1_234' title='bbox 1126 4310 1251 4382; x_wconf 90' lang='lat' dir='ltr'><strong>Suessa</strong></span> <span class='ocrx_word' id='word_1_235' title='bbox 1267 4313 1349 4385; x_wconf 93' lang='lat' dir='ltr'><strong>olim</strong></span> <span class='ocrx_word' id='word_1_236' title='bbox 1367 4315 1529 4409; x_wconf 76' lang='lat' dir='ltr'><strong>magistro</strong></span> <span class='ocrx_word' id='word_1_237' title='bbox 1544 4313 1729 4389; x_wconf 90' lang='lat' dir='ltr'><strong>camerario</strong></span> <span class='ocrx_word' id='word_1_238' title='bbox 1748 4312 1901 4409; x_wconf 83' lang='lat' dir='ltr'><strong>Aprutii,</strong></span> 
     </span>
     <span class='ocr_line' id='line_1_31' title="bbox 501 4424 794 4498; baseline 0.01 -3"><span class='ocrx_word' id='word_1_239' title='bbox 501 4433 540 4496; x_wconf 92' lang='lat' dir='ltr'><strong>ut</strong></span> <span class='ocrx_word' id='word_1_240' title='bbox 558 4424 794 4498; x_wconf 80' lang='lat' dir='ltr'><strong>familiaribus.</strong></span> 
     </span>
    </p>
   </div>
   <div class='ocr_carea' id='block_1_6' title="bbox 1540 3771 1905 3964">
    <p class='ocr_par' dir='ltr' id='par_1_13' title="bbox 1540 3771 1905 3964">
     <span class='ocr_line' id='line_1_32' title="bbox 1540 3771 1905 3864; baseline -0.022 -22"><span class='ocrx_word' id='word_1_241' title='bbox 1540 3771 1606 3855; x_wconf 89' lang='lat' dir='ltr'><strong>Qui</strong></span> <span class='ocrx_word' id='word_1_242' title='bbox 1625 3779 1799 3864; x_wconf 80' lang='lat' dir='ltr'><strong>presentes</strong></span> <span class='ocrx_word' id='word_1_243' title='bbox 1813 3775 1905 3840; x_wconf 86' lang='lat' dir='ltr'><strong>erant</strong></span> 
     </span>
     <span class='ocr_line' id='line_1_33' title="bbox 1645 3913 1803 3964; baseline -0.013 0"><span class='ocrx_word' id='word_1_244' title='bbox 1645 3915 1680 3964; x_wconf 91' lang='lat' dir='ltr'><strong>m</strong></span> <span class='ocrx_word' id='word_1_245' title='bbox 1698 3913 1803 3964; x_wconf 87' lang='lat' dir='ltr'><strong>curra.</strong></span> 
     </span>
    </p>
   </div>
   <div class='ocr_carea' id='block_1_7' title="bbox 543 4594 1258 4678">
    <p class='ocr_par' dir='ltr' id='par_1_14' title="bbox 543 4594 1258 4678">
     <span class='ocr_line' id='line_1_34' title="bbox 543 4594 1258 4678; baseline 0.017 -23"><span class='ocrx_word' id='word_1_246' title='bbox 543 4594 586 4674; x_wconf 85' lang='lat' dir='ltr'><strong>(o)</strong></span> <span class='ocrx_word' id='word_1_247' title='bbox 608 4595 666 4674; x_wconf 81' lang='lat' dir='ltr'><strong>Ap.</strong></span> <span class='ocrx_word' id='word_1_248' title='bbox 683 4597 858 4661; x_wconf 82' lang='lat' dir='ltr'><strong>Cmcamum</strong></span> <span class='ocrx_word' id='word_1_249' title='bbox 874 4596 908 4658; x_wconf 79' lang='lat' dir='ltr'><strong>de</strong></span> <span class='ocrx_word' id='word_1_250' title='bbox 920 4599 1046 4678; x_wconf 67' lang='lat' dir='ltr'><strong>Mat-m</strong></span> <span class='ocrx_word' id='word_1_251' title='bbox 1059 4605 1157 4666; x_wconf 80' lang='lat' dir='ltr'><strong>minus</strong></span> <span class='ocrx_word' id='word_1_252' title='bbox 1170 4613 1258 4667; x_wconf 86' lang='lat' dir='ltr'><strong>recte.</strong></span> 
     </span>
    </p>
   </div>
   <div class='ocr_carea' id='block_1_8' title="bbox 0 0 2118 5897">
    <p class='ocr_par' dir='ltr' id='par_1_15' title="bbox 0 0 2118 5897">
     <span class='ocr_line' id='line_1_35' title="bbox 0 0 2118 5897; baseline 0 0"><span class='ocrx_word' id='word_1_253' title='bbox 0 0 2118 5897; x_wconf 95' lang='lat' dir='ltr'><strong> </strong></span> 
     </span>
    </p>
   </div>
  </div>
 </body>
</html>
