4242 5904
492 610 554 673 242
990 617 1207 680 salubriter
1232 615 1406 676 secutur
1712 620 1791 698 [Aru.
1811 620 1896 682 12³8.

491 747 581 819 rium
598 749 755 844 sapiunt,
776 773 983 847 cognoscere
996 754 1053 827 vel
1069 763 1195 826 temere
1210 773 1248 823 se
1264 751 1486 824 intromittere
1498 751 1573 826 sine
1586 753 1730 848 predicti
1751 755 1898 850 patriar-

492 870 557 942 che
578 871 793 966 indulgentia
818 877 873 948 vel
898 873 1073 968 mandato,
1098 876 1161 949 sed
1185 883 1317 946 tantum
1340 873 1445 946 iidem
1469 876 1660 969 patriarche
1679 885 1714 949 et
1737 877 1898 952 officiales

489 1119 681 1213 putandos,
705 1119 892 1214 predictam
910 1121 1183 1214 jurisdictionem
1206 1129 1391 1196 exerceant
1415 1120 1504 1192 sicut
1528 1119 1638 1194 decet.
1664 1124 1700 1194 Si
1718 1124 1797 1218 quis
1815 1145 1898 1198 vero

490 1253 607 1315 contra
630 1247 796 1346 presentis
813 1255 928 1318 nostre
946 1245 1184 1340 prohibitionis
1207 1244 1357 1316 edictum
1378 1244 1498 1318 venire
1514 1249 1779 1342 presumpserit,
1804 1260 1839 1322 et
1861 1251 1896 1321 in

489 1367 657 1442 abusione
686 1371 786 1443 solita
814 1370 1022 1444 tentaverint
1053 1391 1277 1466 permanere,
1307 1379 1537 1464 presumtores
1569 1371 1662 1466 ipsos
1697 1372 1897 1446 eorumdem

488 1513 686 1566 mansorum
696 1550 705 1580 ,
714 1495 798 1582 ,sive
808 1493 988 1568 advocatie
1000 1495 1095 1567 leudi
1108 1494 1262 1588 ingratos
1275 1493 1492 1566 decernimus
1504 1503 1539 1567 et
1549 1493 1730 1587 indignos;
1743 1497 1897 1570 maxime

488 1639 596 1710 quum
619 1617 838 1713 privilegium
854 1618 998 1711 dignum
1017 1617 1061 1690 sit
1076 1617 1248 1705 amittere,
1270 1616 1330 1710 qui
1347 1637 1508 1688 concessa
1528 1617 1594 1688 sibi
1610 1601 1763 1691 abutitur
1782 1631 1896 1714 potes·

487 1749 568 1812 tato.
585 1739 642 1814 Ad
654 1741 754 1832 eujus
767 1741 814 1812 rei
831 1741 1028 1814 memoriam
1045 1749 1080 1812 et
1096 1739 1253 1812 stabilem
1270 1737 1463 1812 firmitatem
1483 1760 1623 1834 presens
1638 1741 1804 1837 seriptum
1821 1741 1895 1816 fieri

487 1873 522 1938 et
537 1864 650 1957 sigillo
662 1865 849 1958 majestatis
868 1875 982 1937 nostre
992 1863 1161 1956 jussimus
1175 1862 1394 1935 communiri.

534 1989 658 2060 Datum
690 1988 727 2060 in
753 1989 872 2062 castris
896 1989 931 2058 in
961 1987 1141 2060 obsidione
1166 1986 1302 2077 brixia,
1325 2007 1417 2058 anno
1448 1987 1619 2060 dominice
1653 1989 1897 2064 incarnationis

485 2113 532 2185 hl.
552 2112 614 2184 CC.
637 2112 832 2201 XXXlllll,
858 2112 985 2186 mensis
1006 2112 1176 2202 octobris,
1207 2111 1270 2182 XII
1298 2109 1509 2200 indictione,
1539 2111 1728 2205 imperante
1756 2110 1896 2186 domino

486 2243 602 2308 nostro
620 2235 791 2308 Friderieo
808 2236 981 2324 seeundo,
1002 2235 1064 2308 Dei
1081 2235 1191 2328 gratia
1204 2233 1431 2306 invictissimo
1444 2235 1674 2307 Romanorum
1692 2235 1896 2330 imperatore

485 2381 622 2454 semper
637 2369 802 2454 augusto,
818 2368 852 2432 et
865 2359 1076 2432 Hierusalem
1096 2367 1131 2430 et
1147 2357 1261 2430 Sicilie
1280 2377 1383 2450 rege,
1407 2356 1540 2452 imperii
1559 2357 1634 2450 ejus
1654 2380 1746 2431 anno
1760 2357 1894 2433 decimo

485 2492 628 2573 ocwvo,
655 2485 752 2577 regni
771 2483 980 2556 Hierusalem
994 2482 1088 2574 Xlll,
1114 2481 1212 2576 regni
1231 2502 1316 2555 vero
1337 2480 1453 2553 Sicilie
1470 2479 1738 2576 quadragesimo
1760 2483 1890 2580 primo,

484 2607 640 2680 feliciter.
660 2606 783 2680 Amen.

701 2943 1269 2956 *n—n-n———un—-n-o--au—-n-—u
1274 2941 1682 2954 —u--n--uuu-—a--r-

416 3283 428 3317 ·
537 3256 767 3359 Fridericus‚
788 3254 1046 3338 Romanorum
1063 3255 1283 3363 imperator,
1307 3253 1471 3337 sormam
1489 3255 1593 3363 pacis
1611 3253 1710 3338 inter
1726 3255 1892 3364 patriar-

322 3443 348 3474 κ
408 3461 416 3478 .
484 3387 595 3471 oham
624 3385 930 3495 aquilegiensem
965 3395 1003 3468 et
1033 3385 1198 3469 sindicus
1225 3395 1263 3468 et
1291 3397 1556 3495 procuratores
1584 3385 1744 3470 civitatis
1767 3387 1891 3471 lusti-

484 3520 725 3628 nopolitanue
758 3517 882 3626 (Capu
916 3517 1086 3625 d'Istrio)
1114 3527 1339 3626 tractatam,
1373 3517 1570 3629 priuilegio
1600 3543 1670 3602 suo
1710 3519 1891 3602 insertam

484 3653 696 3737 confirmat.

566 3877 685 3958 (lnedlt.
700 3893 739 3938 ex
755 3878 839 3953 copta
851 3893 959 3938 conara
971 3877 1004 3938 ln
1016 3877 1137 3938 archivo
1157 3892 1249 3938 cesar.
1266 3874 1449 3951 vindobon,
1465 3891 1557 3952 quam
1570 3874 1726 3937 noblseum
1739 3891 1793 3938 sua
1805 3877 1891 3938 solita

605 3983 779 4044 liberalitate
792 3985 1021 4044 communicavit
1034 3981 1139 4042 doctus
1153 3981 1199 4041 rtr
1213 3979 1415 4056 Boehmenu.)
1430 3999 1433 4006 ·

530 4184 746 4274 Fridericus,
767 4183 829 4255 liei
847 4181 961 4276 gracia
971 4181 1202 4255 Romanorum
1220 4181 1424 4276 imperator,
1444 4201 1578 4276 semper
1590 4193 1776 4276 augustus,
1791 4183 1889 4254 leru-

481 4312 588 4386 salem
605 4317 640 4382 et
656 4308 770 4381 Sicilie
789 4328 866 4380 rex.
888 4305 952 4378 Per
971 4326 1110 4400 presens
1129 4304 1293 4399 scriptum
1309 4315 1429 4377 notum
1446 4304 1520 4377 lieri
1541 4305 1703 4380 volumus
1718 4305 1891 4381 universis

482 4435 616 4532 imperii
629 4432 810 4523 fidelibus,
831 4441 902 4504 tam
916 4429 1131 4526 presentibus
1148 4450 1254 4523 quam
1275 4427 1416 4522 suturis,
1438 4428 1536 4524 quod
1553 4431 1729 4503 venientes
1742 4429 1789 4502 ad
1803 4450 1890 4524 pre-
1950 4409 1952 4416 ¹

482 4560 629 4638 sentiam
646 4567 795 4632 nostram
815 4553 999 4628 Bertuldus
1021 4553 1233 4626 uenerabilis.
1247 4552 1439 4648 patriarcha
1458 4553 1719 4648 Aquilegensis,
1744 4541 1890 4626 dilectus

481 4687 644 4785 princeps
656 4691 784 4770 noster,
797 4688 953 4774 exparte
965 4699 1051 4770 una,
1068 4687 1103 4750 et
1115 4676 1313 4764 Albericus,
1332 4676 1559 4770 lingelpretus
1573 4675 1706 4750 scabini
1718 4685 1754 4749 et
1763 4675 1890 4769 magis·
