4262 5910
253 565 351 626 lsnrcr.
370 562 431 646 llll
688 563 887 626 HISTORIA
912 564 1209 630 olrbollllllcll.
1598 557 1659 621 60³

253 709 421 794 quantum
458 699 666 772 moderatius
701 699 774 774 lieri
808 702 950 796 poterit,
982 710 1017 776 et
1052 700 1265 792 negotiorum
1302 705 1495 771 nostrornm
1531 694 1660 768 utilitas

253 823 416 918 patietur.

303 948 429 1018 Datum
447 945 542 1041 apud
556 945 664 1036 Pisas,
684 945 794 1019 XXIV
811 945 1016 1036 decembris,
1033 947 1109 1019 XIII
1126 945 1335 1018 indictionis.

257 1127 260 1134 .
304 1070 351 1139 Dc
366 1067 521 1140 mondus
537 1069 706 1164 imperiali
725 1072 811 1161 [octo
831 1093 895 1166 per
914 1073 1110 1164 mapistrom
1127 1071 1169 1141 rt.
1189 1068 1228 1140 de
1250 1071 1397 1160 Trojccto
1414 1067 1547 1162 scripsit
1562 1068 1603 1138 P.
1621 1065 1661 1138 do

256 1191 396 1284 Capera:

304 1313 521 1404 Fredericus,
542 1322 625 1406 eto,
647 1315 782 1410 Angelo
805 1316 851 1390 de
873 1316 1002 1406 Merra,
1024 1325 1090 1390 etc.
1109 1314 1296 1388 fidelitatis
1320 1324 1380 1387 tue
1403 1313 1538 1386 lieteras
1563 1313 1662 1407 plnrs

256 1439 407 1533 capitulo
432 1439 645 1512 continentes
674 1459 763 1533 quas
790 1447 906 1513 nostro
931 1440 1073 1512 culmini
1101 1439 1296 1529 destinasti,
1324 1437 1535 1532 benignitate
1561 1457 1662 1509 rece-

255 1564 369 1656 pimus
391 1570 573 1654 consueta,
598 1583 747 1658 quornm
770 1564 998 1659 capitulorum
1020 1563 1176 1658 pluribus
1201 1562 1264 1634 tibi
1284 1583 1346 1658 per
1367 1561 1503 1632 lictores
1529 1567 1662 1632 nostras

255 1685 436 1758 recolimus
452 1686 684 1782 rescripsisse;
701 1707 807 1783 super
830 1687 906 1760 aliis
926 1707 1010 1760 vero
1031 1687 1094 1759 tibi
1119 1687 1154 1758 in
1173 1686 1331 1781 proximo
1350 1692 1464 1757 nostre
1482 1683 1662 1756 miotemus

255 1809 510 1904 beneplacitum
525 1809 725 1882 voluntatis.

302 1934 428 2004 Datum
448 1929 497 2028 [ct
514 1929 648 2030 sopra}
1172 2029 1174 2035 Ι

304 2057 391 2128 Item
410 2055 455 2128 de
473 2055 638 2129 mandato
656 2054 787 2128 domini
807 2053 971 2128 Iohannis
990 2054 1101 2128 Mauri
1116 2054 1251 2150 scripsit
1268 2052 1440 2127 Iohannes
1457 2052 1503 2126 de
1522 2052 1661 2126 ldmnto

257 2179 457 2252 Alexandro
483 2178 552 2252 filio
576 2179 714 2252 Henrioi
742 2185 781 2249 ut
805 2177 952 2250 Abdolla
977 2175 1027 2272 (o)
1054 2199 1156 2250 servo
1183 2199 1318 2251 camere
1343 2178 1405 2272 qui
1434 2176 1586 2248 mietitnr
1613 2174 1660 2250 ad

257 2303 461 2376 discendnm
487 2303 601 2396 legere
621 2313 655 2374 et
676 2301 824 2376 seribere
844 2301 979 2375 lictores
995 2302 1234 2394 Saracenioas,
1260 2301 1320 2374 det
1336 2321 1508 2397 expensas
1533 2299 1580 2374 sd
1597 2319 1661 2371 re-

252 2427 471 2521 quisitionem
496 2427 647 2521 magistri
669 2425 867 2518 Iobaobim,
894 2447 941 2498 ex
966 2447 1036 2521 quo
1063 2426 1258 2520 pervenerit
1282 2423 1329 2498 ed
1353 2445 1434 2500 eum
1457 2432 1491 2496 et
1515 2443 1595 2496 cum
1618 2444 1661 2497 eo

252 2549 455 2622 morabitur.

304 3060 464 3144 Litterae
485 3069 656 3170 petentes
682 3071 721 3144 et
744 3063 926 3146 mandata
948 3064 1053 3147 varie
1070 3091 1140 3174 pro
1166 3065 1323 3150 diversis
1346 3065 1528 3151 Romanis
1547 3091 1658 3149 mer·
1692 3093 1866 3196 suffire:

250 3191 443 3275 caloribus
461 3194 695 3302 quietandis,
716 3196 783 3304 qui
801 3205 1074 3282 mutuaverunt
1089 3208 1127 3282 ot
1144 3198 1183 3279 in
1202 3225 1352 3283 camera
1369 3201 1659 3311 assignaverunt

252 3333 306 3406 tot
331 3323 449 3406 libros
470 3326 518 3406 de
542 3327 686 3436 grossis
712 3326 927 3411 Venetianis
954 3339 1049 3440 quot
1075 3331 1125 3414 ed
1146 3357 1338 3415 summam
1367 3331 1548 3418 MDCLXI
1573 3360 1657 3416 un-

250 3455 396 3538 ciarum
414 3457 497 3539 auri
516 3467 553 3541 et
567 3457 747 3541 dimidiae
764 3462 983 3545 ascendent.

329 3657 458 3740 (llrpot.
473 3615 710 3740 impersonale.
722 3661 762 3730 11,
778 3661 831 3724 lol.
848 3671 886 3724 to
899 3679 999 3738 νεῖκος
1011 3667 1044 3724 ln
1054 3663 1124 3726 edtt.
1137 3663 1274 3739 Carcsn„
1291 3681 1323 3743 p.
1339 3663 1420 3744 ³00.)

298 3831 345 3900 lle
361 3831 530 3922 imperiali
550 3831 708 3906 mandato
729 3837 817 3925 scoto
829 3857 893 3928 per
908 3835 1105 3930 mopistrom
1128 3837 1295 3909 libertum
1311 3839 1446 3934 scripsit
1466 3839 1507 3912 G.
1528 3837 1568 3910 dc
1586 3839 1656 3911 Crt-

249 3954 356 4024 scntio
379 3953 510 4026 lictores
530 3965 678 4048 potentes
693 3957 728 4028 in
742 3956 805 4028 iac
818 3961 956 4050 formo:

297 4075 508 4166 Frederious‚
528 4087 594 4150 etc.
609 4077 736 4152 Notum
752 4079 897 4153 iacimus
910 4081 1081 4155 universis
1095 4091 1164 4156 tam
1179 4083 1396 4178 presentibus
1412 4107 1518 4179 quam
1532 4087 1656 4160 suturis

248 4197 344 4290 quod
359 4199 479 4272 Petrus
495 4198 541 4272 de
558 4199 725 4290 Oddone,
744 4203 913 4276 Mattheus
929 4206 1100 4297 Saxolini,
1121 4207 1241 4286 Petrus
1260 4209 1392 4281 Russus
1411 4219 1446 4282 et
1462 4209 1656 4284 Anibaldus

248 4330 454 4394 mercatores
475 4323 636 4415 Itomani,
659 4323 778 4398 fideles
802 4327 926 4418 nostri,
947 4339 1193 4402 mutuaverunt
1214 4330 1314 4402 nobis
1337 4341 1370 4404 et
1391 4333 1656 4428 assignaverunt

248 4443 285 4514 in
302 4463 437 4516 camera
455 4455 571 4519 nostra
593 4448 638 4520 de
659 4449 855 4522 Venetianis
875 4451 1002 4545 grossis
1021 4452 1126 4525 libras
1143 4453 1261 4527 LXXV
1278 4455 1393 4528 miuus
1411 4457 1573 4531 solidisV
1593 4481 1654 4554 pro

289 4628 331 4710 (c)
352 4631 388 4693 In
401 4633 502 4696 codlce
516 4635 665 4714 Pbllllpps
682 4633 807 4702 strab.
