4228 5892
188 589 287 650 lrnrcr.
307 584 368 669 ta}
636 583 833 646 lllslollllt
858 581 1151 644 ulutotttttlcll.
1542 581 1605 644 413

78 771 83 782 ·
188 723 357 796 referatur
371 719 512 794 veritas.
534 719 599 790 Per
622 718 764 792 eusdem
781 719 944 792 volumus
969 718 1109 812 insuper
1133 727 1173 789 ut
1189 737 1310 790 omnes
1330 716 1451 790 domus
1472 727 1605 790 nostras

189 846 344 942 ipsarum
361 844 511 940 partium
528 842 653 916 nostris
665 843 795 916 solatiis
814 842 995 937 deputatas
1009 863 1091 938 sepe
1107 841 1226 912 visites
1244 849 1279 913 et
1298 839 1453 934 inquiras
1472 841 1502 912 si
1523 863 1604 914 cum

189 967 370 1063 diligentia
390 965 648 1056 custodiantur,
671 967 760 1038 circa
784 966 1033 1060 reparationem
1055 986 1174 1038 earnm
1193 964 1222 1038 si
1243 985 1384 1036 necesse
1404 964 1507 1036 luerit
1529 976 1605 1038 stn-

189 1091 310 1164 diusns
332 1090 485 1164 existens
500 1099 535 1162 et
556 1098 704 1191 tampro
720 1089 873 1186 ipsorum
897 1088 1052 1163 custodia
1068 1111 1173 1184 quam
1195 1109 1259 1184 pro
1282 1088 1544 1161 castellanorum
1569 1099 1605 1164 et

189 1215 404 1289 servientum
426 1212 546 1286 solidis
565 1205 706 1285 et‘aliis
730 1222 919 1286 castrorum
943 1223 978 1286 et
1000 1213 1181 1287 domorum
1209 1211 1470 1286 necessitutibus
1496 1233 1603 1307 pecn-

188 1339 283 1412 niam
298 1346 502 1433 oportunam
516 1335 663 1430 recipias
678 1357 700 1409 a
715 1335 880 1413 Silvestre
896 1335 941 1408 de
955 1338 1080 1410 Sancto
1093 1337 1212 1427 Paulo,
1225 1335 1444 1408 recollectum
1458 1337 1605 1429 pecunie

188 1465 224 1536 in
239 1463 324 1559 ipsis
341 1460 497 1556 partibus
514 1461 719 1549 uunstitntu,
738 1460 795 1532 cui
814 1482 919 1556 super
933 1461 1000 1535 hoc
1021 1463 1222 1536 mandatum
1237 1458 1419 1553 dirigimus
1435 1461 1601 1555 speciale,

188 1597 224 1659 et
234 1595 272 1657 tu
287 1587 364 1681 ipse
375 1585 571 1658 castellanis
584 1595 619 1656 et
630 1584 875 1675 servientibus,
884 1606 961 1662 ¹non
978 1607 1040 1680 per
1055 1587 1317 1660 castellanorum
1332 1605 1457 1656 manus
1470 1594 1508 1656 ut
1521 1585 1603 1658 olim

189 1717 290 1782 caum
314 1709 506 1804 persolvas3
533 1708 583 1781 sic
610 1717 644 1782 te
670 1708 866 1781 studiosum
887 1707 1058 1782 exhibens
1083 1710 1119 1780 in
1140 1707 1302 1782 omnibus
1322 1715 1358 1779 et
1374 1715 1548 1780 autentum
1565 1718 1605 1781 ut

189 1830 294 1903 nichil
313 1853 378 1926 per
394 1840 429 1904 te
445 1831 491 1904 de
515 1831 794 1926 contingentibus
814 1831 1019 1904 obmiutatnr
1037 1843 1072 1905 et
1088 1843 1184 1906 tuam
1203 1831 1375 1927 possimus
1390 1832 1603 1926 vigilantiam

190 1955 446 2030 cummendare.
466 1956 584 2029 Castra
598 1965 714 2030 antem
731 1956 767 2028 in
785 1956 916 2050 quibus
931 1979 1000 2030 non
1014 1967 1094 2029 sunt
1112 1957 1289 2030 castellani
1309 1957 1510 2029 removendi
1529 1957 1604 2030 sine

189 2080 401 2153 conscientia
424 2089 540 2152 nostra
563 2090 645 2152 sunt
668 2079 759 2153 hec:
788 2079 964 2172 Civitella,
989 2079 1162 2174 Aruuata,
1186 2083 1349 2171 Bertona,
1373 2081 1599 2176 leporanicu,

188 2201 432 2290 lntrudncum,
449 2202 621 2292 Palearia,
642 2203 824 2275 Lullanum
838 2211 873 2274 et
889 2202 1092 2276 Ovinulum.

236 2327 362 2398 Datum
379 2325 415 2396 in
430 2325 549 2398 castris
563 2347 670 2421 prope
687 2324 939 2415 Mediolanum,
960 2323 1020 2424 [ll]
1036 2326 1203 2415 octobris,
1221 2327 1298 2398 Xlll
1314 2325 1527 2402 indictionis.

238 2448 375 2522 Similes
390 2448 527 2544 scripsit
539 2448 631 2523 idem
644 2449 690 2523 de
704 2449 827 2522 eodem
842 2450 1007 2522 mandato
1017 2450 1064 2522 ad
1078 2450 1299 2523 Guillelmum
1311 2449 1421 2522 tilium
1431 2452 1603 2526 Laurentii

186 2573 232 2646 de
250 2574 377 2645 Suessa
393 2581 558 2646 statutum
578 2575 791 2669 provisorem
813 2585 1003 2648 castrorum
1025 2577 1128 2648 Terre
1150 2576 1311 2666 Laboris,
1332 2577 1514 2649 comitatus
1529 2579 1604 2652 Μο-

186 2696 276 2786 lisii,
291 2695 505 2791 Principatus
522 2705 557 2768 et
574 2698 677 2770 Terre
695 2699 952 2770 Beneventano.
978 2697 1093 2770 Castra
1110 2705 1272 2792 exempta
1292 2699 1328 2768 in
1349 2698 1478 2772 endem
1493 2700 1603 2792 justi-

185 2819 378 2892 tiariatibus
398 2830 479 2892 sunt
493 2821 584 2894 hec:
603 2821 750 2912 Surella,
767 2822 879 2894 llocm
894 2819 1012 2908 Arois,
1033 2831 1181 2893 castrum
1201 2821 1309 2913 Cerii,
1329 2822 1441 2896 llocca
1458 2825 1599 2917 BuJ‘ani,

185 2945 299 3016 llocca
326 2941 514 3033 Gnillelmi,
543 2945 643 3018 ltluns
671 2944 832 3035 Casinus,
855 2945 966 3018 llocca
992 2946 1135 3038 lanula,
1163 2947 1275 3019 Rusca
1303 2947 1445 3039 Bantre,
1475 2949 1604 3023 Monti-

185 3066 329 3157 cellnm,
348 3065 511 3160 Suginm,
529 3067 641 3140 ltccca
657 3068 783 3140 montis
800 3067 983 3158 Draconis,
1001 3066 1133 3162 Capua,
1157 3067 1306 3162 Aversa,
1322 3070 1500 3164 Neapolis,
1524 3075 1603 3148 Sul-

184 3197 289 3262 vator
314 3189 360 3262 ad
382 3211 497 3282 mare,
522 3189 684 3281 Summa,
714 3191 831 3262 Turris
856 3192 982 3284 major,
1009 3192 1248 3284 Tremuntnm,
1276 3193 1462 3288 Pugerola,
1491 3198 1603 3272 llocca

185 3310 363 3404 Pimontis,
376 3313 555 3404 Gitonum,
565 3313 769 3402 Olibanum,
779 3313 1058 3406 Petrasturmula,
1074 3313 1275 3411 Campania,
1288 3316 1480 3412 Capatium,
1492 3321 1603 3394 Rusca

185 3435 357 3523 Gloriosa,
375 3437 542 3526 Sarnum,
560 3438 638 3510 Sala
654 3446 689 3510 et
706 3436 848 3530 Cajatta.

254 3557 261 3654 Ι
283 3557 414 3632 liudem
436 3559 514 3650 die,
542 3560 587 3634 de
604 3559 728 3634 eodem
750 3559 914 3632 mandato
936 3559 980 3632 ad
1003 3559 1193 3635 Guidonem
1217 3562 1263 3636 de
1285 3563 1414 3640 Gnasto
1437 3579 1603 3646 statutum
1631 3588 1679 3634 1²⁰1·
1691 3588 1730 3634 11⁰
1738 3597 1809 3636 m.

184 3683 398 3778 provisorem
418 3693 604 3757 castrorum
624 3685 661 3755 in
677 3685 898 3777 justitiariatus
914 3687 1016 3756 Terre
1030 3685 1108 3756 Bari
1129 3695 1163 3758 et
1185 3688 1286 3760 terre
1305 3690 1465 3764 Ydronti.
1487 3695 1603 3772 eastra

183 3815 347 3900 exempta
360 3806 396 3876 in
413 3807 543 3880 eisdem
557 3808 837 3900 justitiariatibus
854 3817 935 3878 sunt
951 3807 1041 3880 hec:
1060 3862 1559 3892 .............
1591 3875 1601 3914 ‚

183 3927 316 4020 Mallia,
339 3929 449 4002 Rucca
471 3931 596 4003 Sancte
613 3930 766 4025 Agathe,
790 3931 999 4022 Canusium,
1023 3931 1201 4023 Barclnm,
1227 3933 1383 4007 Castrum
1403 3939 1601 4036 Paganum,
1684 3959 1686 3964 '

183 4053 284 4124 lllons
305 4053 421 4126 Sancti
441 4052 584 4148 Angeli,
605 4055 776 4144 Tranum,
802 4055 961 4146 Barium,
984 4054 1242 4147 Brundusium,
1270 4059 1477 4156 Tarentum,
1497 4067 1605 4140 Ostu-

182 4195 287 4262 num,
309 4175 418 4270 Oyra,
440 4178 586 4249 Sanctus
602 4177 700 4250 Felix
713 4187 748 4250 ct
764 4177 927 4250 Gravina.
1642 4261 1645 4266 ⁸

231 4297 368 4370 Similes
386 4301 522 4400 scripsit
538 4301 632 4374 idem
655 4301 700 4373 de
723 4300 846 4374 eodem
871 4299 1037 4375 mandato
1059 4300 1106 4374 ad
1129 4301 1322 4378 Iohannem
1348 4307 1540 4386 Vulcanum
1560 4315 1606 4391 de

184 4421 329 4516 Neapoli
353 4429 521 4496 statutum
550 4425 762 4519 provisorem
788 4439 979 4497 castrorum
1006 4425 1122 4498 Sicilie
1150 4426 1234 4500 citra
1260 4429 1389 4504 tlumen
1416 4435 1551 4509 Salsum
1571 4449 1606 4513 et

183 4545 290 4616 totius
305 4545 462 4620 Calabria
478 4569 590 4640 usque
604 4547 651 4620 ad
662 4556 795 4642 portam
808 4548 936 4620 Roseti.
950 4547 1067 4622 Castra
1082 4559 1245 4646 exempta
1265 4553 1301 4623 in
1314 4555 1446 4630 eisdem
1454 4560 1604 4652 justitia-

185 4667 330 4740 riatibus
357 4678 439 4742 sunt
461 4668 526 4743 hec
548 4698 557 4742 r
581 4671 757 4765 Agellum,
781 4671 1024 4760 Neucastrum,
1053 4673 1257 4769 Cutrcnum,
1284 4679 1428 4772 Stilum,
1453 4683 1606 4778 Squilla-
