4246 5906
215 610 313 670 luotcn
334 606 395 684 la]
663 605 860 666 lllsroltla
886 607 1177 670 nllnotlarlcrl.
1564 600 1624 662 529

218 741 314 836 gistri
328 743 370 814 a.
391 739 435 813 de
451 741 595 814 Lentino
611 741 776 835 prepositi
792 740 1031 815 hedificiorum
1046 752 1239 815 nostrorum
1265 740 1377 815 fidelis
1392 739 1499 812 nostri
1516 738 1625 811 dictas

219 864 269 936 CC
288 863 409 936 uncias
426 885 489 959 pro
508 865 583 957 ipso
605 884 710 958 opere
732 863 929 959 incipiendo
951 865 1061 938 taliter
1081 866 1287 960 persolvatis
1303 875 1342 936 ut
1363 861 1494 936 exinde
1517 861 1626 933 devo·

221 988 349 1061 tionem
364 997 532 1080 vestram,
551 999 617 1060 etc.

270 1113 394 1182 Datum
413 1107 464 1208 [ut
480 1109 611 1210 supro}

271 1237 354 1304 ltcm
369 1235 496 1327 scripsit
511 1235 700 1308 Guoltcm
718 1236 758 1306 de
772 1236 946 1307 Gusmtt'c:

271 1356 493 1448 Fredericns‚
519 1367 602 1448 etc,
620 1358 800 1432 Goillclmo
821 1359 867 1431 de
882 1356 1040 1452 Anglone
1055 1359 1240 1446 justitiario
1260 1357 1374 1430 Sicilie
1395 1356 1480 1428 citra
1500 1356 1629 1428 llumen

223 1479 370 1552 Salsum.
392 1480 606 1572 Significavit
625 1481 767 1552 culmini
787 1490 902 1554 nostro
920 1482 1081 1575 magister
1100 1483 1141 1554 ll.
1163 1481 1208 1554 de
1225 1482 1367 1555 Lentino
1391 1477 1629 1552 hedificiorum

225 1612 421 1676 nostrornm
440 1605 648 1698 prepositus,
673 1603 785 1676 fidelis
801 1615 931 1696 noster,
952 1605 1146 1699 quodcum
1170 1604 1216 1677 de
1238 1607 1385 1700 pecunia
1406 1625 1477 1697 que
1494 1601 1630 1674 dudum

224 1726 402 1798 recollecta
418 1727 484 1798 luit
501 1746 564 1820 pro
577 1747 682 1820 opere
695 1727 797 1798 castri
811 1729 917 1800 nostri
934 1729 1089 1822 Auguste
1104 1749 1210 1822 penes
1226 1727 1417 1820 Trogisium
1436 1725 1481 1798 de
1495 1723 1632 1798 Calata·

226 1870 354 1943 gerone
367 1850 592 1922 remanserint
604 1849 705 1922 uncie
718 1850 794 1922 auri
809 1860 948 1924 centum
962 1860 996 1923 et
1009 1853 1081 1940 LX,
1095 1851 1156 1944 qui
1169 1851 1233 1922 luit
1247 1850 1444 1922 recollector
1458 1846 1629 1940 ejusdemp

225 1972 410 2065 pecuniam
422 1971 532 2066 ipsam
546 1971 660 2044 renuit
674 1971 850 2066 assignare
861 1981 901 2044 ut
914 1972 1034 2062 debet3
1052 1982 1088 2044 ct
1101 1973 1185 2066 quia
1198 1969 1357 2044 eamdem
1369 1969 1553 2065 pecuniam
1566 1989 1633 2040 vo·

226 2095 342 2166 lamus
367 2093 480 2166 eidem
507 2094 671 2187 magistro
695 2094 860 2168 Riccardo
882 2096 1049 2190 assignari
1075 2093 1202 2168 debere
1226 2115 1290 2188 pro
1316 2092 1464 2165 servitiis
1488 2113 1633 2186 operum

227 2227 439 2306 nostrorum,
464 2215 618 2290 fidelitati
642 2227 700 2290 tue
724 2211 945 2312 precipiendo
967 2217 1175 2291 mandamus
1197 2225 1385 2310 quatenus,
1411 2215 1440 2287 si
1466 2215 1529 2288 tibi
1551 2236 1633 2287 con·

228 2340 350 2412 stiterit
363 2340 410 2412 ita
428 2361 516 2432 esse,
536 2361 639 2434 cogas
656 2341 818 2414 eumdem
837 2344 876 2412 Τ.
892 2340 1102 2414 districtione
1119 2340 1253 2432 debita,
1271 2350 1310 2411 ut
1326 2340 1508 2434 pecuniam
1524 2339 1635 2434 ipsam

229 2465 304 2536 sine
317 2487 413 2537 mora
425 2465 538 2538 cidem
557 2465 718 2560 magistro
733 2467 774 2538 R.
792 2465 917 2539 debeat
932 2466 1118 2560 assignare.

278 2590 401 2661 Datum
420 2585 468 2685 [ut
483 2585 618 2684 sumo}

442 2897 818 2909 mm»...-

288 3173 466 3258 Mandata
485 3173 533 3256 de
560 3172 780 3258 austuribus
797 3184 835 3258 et
852 3174 937 3258 aliis
959 3173 1101 3258 exeniis
1119 3175 1168 3258 ad
1190 3176 1442 3284 praesentiam
1459 3177 1640 3288 principis
1685 3193 1832 3342 032⁶&

234 3304 459 3389 deferendis.
1674 3303 1787 3345 mm
1836 3327 1843 3341 ·

319 3532 444 3613 (Rapere.
460 3532 562 3612 imper.
579 3531 696 3593 hedo.
712 3533 750 3607 11,
762 3533 815 3594 lol.
830 3543 867 3594 28
881 3550 984 3606 vers03
1002 3534 1119 3596 laedit.
1133 3533 1269 3608 cnon„
1284 3552 1313 3612 p.
1330 3535 1413 3614 277.)

287 3737 337 3808 lte
352 3737 519 3830 imperiali
533 3737 690 3808 mcudmo
701 3739 833 3831 scripsit
849 3738 890 3809 lt.
911 3737 950 3808 dc
965 3738 1226 3810 Petrosturmino
1244 3764 1253 3808 :

287 3859 499 3948 Frederr‘cus,
514 3869 598 3949 etc,
613 3859 795 3933 Thomasio
811 3861 856 3934 de
871 3860 1083 3952 Brundusio,
1099 3871 1164 3934 etc.
1179 3861 1268 3946 Quia
1284 3859 1373 3934 duos
1385 3871 1543 3934 austures
1556 3883 1645 3956 quos

240 3983 391 4056 tulerunt
412 3983 531 4054 nuncii
550 3983 770 4056 Cumianonis
795 3982 846 4079 (a)
873 3983 920 4056 ad
945 4006 1034 4079 opus
1060 3995 1215 4057 nostrum
1241 3993 1273 4057 te
1294 3984 1526 4057 intelleximus
1548 4004 1644 4056 rece·

241 4106 350 4200 pisse,
369 4125 457 4198 quos
480 4126 542 4202 per
559 4105 736 4180 Cataldum
756 4106 968 4178 lllustattinm
987 4107 1171 4178 vallectum
1189 4114 1224 4178 et
1241 4104 1378 4179 fidelem
1398 4117 1555 4180 nostrum
1580 4128 1646 4179 vo·

244 4231 357 4300 lomus
378 4227 425 4301 ad
448 4230 653 4324 presentiam
678 4239 828 4302 nostram
856 4231 954 4321 lerri,
980 4229 1137 4302 fidelitati
1164 4239 1224 4302 tue
1245 4229 1450 4304 mandamus
1476 4238 1647 4325 quatenus

244 4359 398 4423 austures
415 4351 509 4446 ipsos
521 4352 633 4426 eidem
647 4353 786 4426 cataldo
797 4353 984 4448 portandos
1001 4375 1061 4448 per
1078 4374 1158 4425 eum
1170 4353 1216 4426 ad
1228 4375 1292 4426 nos
1312 4352 1441 4428 debeas
1455 4353 1643 4449 assignare.

292 4475 415 4546 Datum
431 4474 525 4568 apud
541 4475 758 4568 Cremonam,
778 4477 887 4549 XXVI
907 4477 1121 4569 novembris,
1143 4477 1219 4548 Xlll
1239 4475 1450 4551 indictionis.

288 4672 329 4752 (a)
344 4674 439 4754 Supra
454 4677 630 4742 cuminian-i.
646 4681 681 4742 In
695 4680 761 4744 cod.
776 4680 929 4759 Plrllllpps.
946 4681 1148 4763 Cumjcnona'a,
1162 4683 1249 4776 male.

327 4781 364 4843 V.
1451 4794 1487 4846 et
