4262 5910
191 646 291 707 murm.
310 636 370 722 la]
640 634 833 700 HISTORIA
860 632 1154 698 otrtottsrtca
1541 639 1598 702 ost

191 775 321 850 ibidem
341 795 421 847 cum
438 771 584 845 canibus
602 771 687 869 ipsis
705 769 851 862 tuerint,
880 771 926 846 de
946 771 1094 869 pecunia
1116 769 1213 844 curie
1238 779 1354 842 nostro
1376 793 1446 866 que
1467 781 1519 845 est
1540 795 1604 868 per

190 921 316 974 manus
348 906 427 969 tues
458 915 630 990 expensas
654 894 850 969 moderatas
877 903 912 968 et
937 893 1149 968 necessariam
1178 892 1268 998 sicut
1296 893 1410 989 potius
1434 891 1602 990 expedire

191 1025 340 1113 videris,
355 1021 484 1096 debeas
496 1017 663 1096 exhibere
678 1039 741 1118 pro
756 1041 795 1092 se
812 1028 846 1093 et
863 1018 1009 1093 canibus
1022 1017 1216 1092 antedictis.

237 1151 364 1222 Datum
384 1142 431 1243 [et
444 1139 577 1240 supro}

243 1619 463 1704 Mandatum
494 1621 545 1705 od
582 1621 831 1731 justitiarium
864 1621 1014 1707 Siciliae
1045 1621 1147 1705 ultra
1182 1620 1326 1706 flumen
1364 1622 1517 1707 Salsum
1552 1623 1601 1706 de
1632 1619 1799 1720 difflui.

189 1759 314 1834 castm
333 1750 542 1861 Cephaludi
563 1751 717 1864 llngoni
734 1753 897 1863 Anglico
915 1753 987 1838 civi
1005 1752 1183 1845 Panormi
1201 1752 1447 1864 assignando.

272 1951 398 2034 (licum.
415 1951 520 2033 snper.
531 1950 650 2015 stodor.
665 1952 707 2032 11,
721 1952 775 2016 iol.
793 1963 830 2016 tr
843 1957 986 2031 rscto·;tn
996 1955 1071 2018 edtt.
1086 1955 1222 2036 curem,
1235 1971 1265 2033 pt
1282 1953 1367 2034 too.)

238 2130 285 2200 lle
310 2129 469 2205 mcodotc
496 2127 668 2227 imperiali
692 2131 781 2223 scoto
803 2153 867 2228 per
893 2131 1064 2230 Moenum
1085 2131 1125 2204 de
1149 2133 1312 2204 Panemo
1335 2131 1470 2226 scripsit
1493 2131 1534 2202 P.
1561 2130 1601 2203 de

189 2253 331 2348 Goptto:

237 2375 452 2469 Friderious,
478 2386 563 2468 eto,
590 2377 760 2471 Roggerio
787 2377 833 2451 de
854 2375 983 2450 Amicis
1004 2375 1188 2471 justitiario
1214 2375 1347 2469 Sicilie,
1377 2386 1444 2451 eto.
1474 2377 1601 2450 Notum

190 2501 337 2574 facimus
357 2499 512 2574 fidelitati
529 2511 590 2574 tue
607 2501 704 2595 qnod
723 2523 787 2575 nos
804 2499 1015 2575 confidentes
1029 2500 1075 2575 de
1093 2499 1277 2596 prudentia
1294 2509 1329 2574 et
1346 2499 1509 2576 fidelitate
1525 2504 1602 2574 Hu-

191 2625 292 2718 gonis
305 2623 441 2720 Anglici
460 2625 662 2700 habitatoris
679 2625 857 2716 Panormi,
877 2624 991 2700 fidelis
1008 2625 1136 2717 nostri,
1157 2623 1350 2720 custodiam
1372 2626 1476 2699 castri
1495 2628 1601 2699 nostri

193 2747 386 2844 Cephaludi
417 2749 483 2844 ipsi
509 2747 677 2821 duximus
698 2747 999 2821 commictcndam.
1027 2748 1197 2834 Quocirca
1221 2745 1377 2821 fidelitati
1407 2757 1468 2822 tue
1493 2749 1601 2842 preci·

191 2871 320 2967 piendo
336 2869 542 2946 mandamus
566 2881 737 2972 quatenus
762 2881 910 2944 castrum
932 2871 1047 2966 ipsum
1068 2892 1148 2943 cum
1170 2869 1332 2943 omuibus
1350 2869 1457 2943 rebus
1478 2891 1548 2966 quc
1565 2871 1602 2944 in

190 3015 235 3068 so
253 3003 334 3067 sunt
346 2993 413 3066 sibi
431 2994 537 3066 iacias
552 2993 719 3087 assignari
732 2993 999 3068 custodiendum
1018 2992 1065 3070 ad
1082 2993 1246 3067 bonorem
1257 3001 1293 3066 et
1308 2991 1507 3066 fidelitatem
1523 3015 1602 3066 nos·

190 3126 299 3208 tram,
321 3117 450 3190 iaciens
471 3115 517 3190 de
538 3117 643 3191 robus
668 3116 704 3189 in
729 3138 773 3190 eo
796 3117 946 3190 inventis
973 3115 1049 3190 lieri
1075 3117 1141 3190 tria
1163 3116 1289 3212 scripta
1311 3113 1461 3190 similia:
1491 3137 1601 3188 unum

190 3260 299 3334 penes
324 3249 359 3312 te
383 3237 622 3330 retinendum,
650 3239 749 3315 uliud
770 3240 885 3314 eidem
913 3239 1098 3314 castellano
1121 3238 1365 3331 tribuendum,
1394 3237 1532 3314 tertium
1556 3237 1601 3312 od

190 3372 343 3435 nostram
363 3363 496 3435 curiam
511 3361 769 3435 destinandum.

240 3487 366 3560 Datum
379 3486 475 3583 apud
490 3485 602 3579 Pisas,
617 3485 713 3560 XXV
728 3484 939 3579 decembris,
953 3483 1034 3559 Xlll
1049 3484 1257 3559 indictionis.

247 4053 468 4138 Mandatum
489 4052 540 4136 ad
563 4062 750 4138 secretum
767 4054 947 4140 Panormi
969 4079 1084 4166 super
1106 4057 1266 4144 seruitiis
1283 4083 1455 4147 semmae
1471 4063 1602 4175 impe-
1642 4095 1703 4150 ipss
1716 4095 1793 4150 ns...

192 4185 341 4269 runicis
1637 4150 1801 4194 manentum

275 4383 401 4466 (licoat.
415 4383 518 4465 imper.
531 4379 651 4446 stodor.
664 4381 707 4458 11,
721 4381 827 4445 iolett
847 4389 945 4462 reetm
958 4385 1073 4450 medo.
1089 4387 1223 4462 darcon„
1238 4406 1270 4468 p.
1288 4391 1372 4470 8⁰8.)

244 4557 291 4625 Dc
305 4553 475 4649 imperiali
490 4553 647 4627 mandato
665 4554 796 4650 scripsit
812 4553 862 4627 P.
885 4555 926 4626 de
942 4554 1059 4652 Coptos
1078 4580 1091 4627 .·

243 4677 462 4772 Pmdericus,
480 4687 564 4762 etc,
577 4676 729 4752 Obberto
747 4678 1008 4753 Pellamonacbo
1022 4689 1165 4773 moreto,
1183 4690 1251 4756 cto.
1269 4683 1439 4759 Fidelitati
1452 4696 1510 4761 tue
1527 4711 1603 4785 pre·
