4246 5906
231 533 330 590 brnicr.
349 528 412 604 la]
679 527 877 588 lllS'l'Olllll
903 521 1195 587 ntrtouartctt.

1072 807 1409 822 um

289 1087 470 1171 Mandata
490 1085 596 1167 varia
619 1111 732 1194 super
753 1084 910 1168 diversis
933 1081 1080 1166 Siciliae
1101 1081 1234 1164 castris
1264 1089 1409 1163 tantum
1433 1081 1473 1162 in
1499 1079 1644 1164 ambitu
1706 1089 1816 1196 ,3322

235 1245 438 1303 murorum
469 1228 507 1301 et
533 1219 647 1301 voltis
675 1217 916 1328 reparandis,
945 1218 1039 1299 dum
1072 1215 1228 1297 caeteris
1262 1213 1434 1322 expensis
1466 1239 1646 1322 supersc-
1678 1195 1704 1238 ¹⁷
1713 1195 1844 1239 ”mmm

235 1353 371 1436 deatur
394 1351 444 1434 ad
465 1375 662 1458 praesens,
687 1375 758 1458 pro
783 1375 828 1432 eo
855 1348 959 1458 quod
983 1347 1164 1456 pecuniae
1190 1347 1299 1454 copia
1324 1371 1395 1454 pro
1413 1346 1542 1428 arduis
1559 1346 1643 1427 im-

235 1484 329 1592 perii
352 1483 513 1592 negotiis
532 1483 581 1564 sit
597 1482 806 1591 plurimum
829 1489 1054 1588 opportuna.

317 1697 445 1780 (aaut.
462 1699 564 1780 imper.
579 1675 698 1758 ll'rcdcc¹
710 1697 751 1775 11,
765 1696 818 1756 fol.
835 1703 873 1756 24
887 1712 988 1770 vers03
1001 1698 1032 1755 ln
1045 1695 1117 1757 edit.
1132 1695 1268 1773 Curcum,
1283 1712 1314 1774 p.
1332 1695 1412 1774 tto.)

286 1890 334 1962 De
347 1887 505 1960 mandato
519 1885 691 1982 imperiali
701 1875 789 1977 sacto
801 1907 865 1978 per
876 1885 1072 1977 magistrum
1085 1884 1285 1956 Riccardum
1303 1884 1341 1954 dc
1353 1886 1500 1977 Trojecto
1513 1889 1643 1980 scripsit

235 2017 277 2086 P.
298 2015 337 2086 de
356 2014 496 2106 Capua:

284 2136 501 2225 Fredericus,
520 2147 603 2223 eto,
619 2131 785 2206 Riccardo
803 2131 847 2204 de
863 2133 1006 2203 Lentino
1021 2132 1194 2227 preposito
1212 2130 1444 2222 edificiorum,
1461 2141 1526 2205 etc.
1542 2133 1641 2206 Fide·

234 2261 337 2332 litatis
354 2269 412 2331 tue
429 2260 562 2330 licteras
587 2258 685 2351 plura
710 2256 859 2350 capitula
882 2256 1094 2326 continentes
1116 2276 1204 2347 quas
1228 2264 1343 2326 nostro
1365 2256 1509 2326 culmini
1530 2257 1643 2330 desti-

234 2383 342 2466 nasti,
361 2383 513 2474 benigne
537 2382 746 2475 recepimus,
764 2400 919 2473 'quorum
938 2379 1093 2452 omnium
1111 2378 1200 2450 seria
1223 2379 1361 2472 plenius
1384 2380 1554 2454 intellecta
1572 2392 1641 2456 tam

233 2528 339 2601 super
354 2527 519 2602 processu
534 2505 635 2576 castri
649 2505 755 2575 nostri
768 2503 937 2596 Auguste,
952 2525 1054 2597 quem
1070 2503 1152 2574 satis
1166 2511 1224 2575 tue
1235 2503 1353 2576 lietera
1366 2503 1638 2600 distinguebant,

233 2651 336 2723 qnam
363 2650 468 2724 super
490 2649 593 2723 opere
616 2627 737 2699 vivarii
763 2625 948 2698 constructi
975 2627 1010 2697 in
1038 2649 1128 2718 aqua
1152 2626 1267 2696 Sancti
1291 2626 1431 2719 Cosme,
1453 2638 1642 2704 castrorum

234 2763 426 2825 nostrorum
445 2751 643 2847 Syracusis,
660 2750 938 2844 Calatbageronis
956 2758 991 2821 et
1007 2749 1153 2840 Melacii,
1172 2749 1386 2841 diligentiam
1402 2761 1497 2823 tuam
1512 2763 1547 2824 et
1565 2763 1641 2826 stu·

233 2876 330 2948 dium
344 2875 638 2949 commendamus.
660 2877 770 2968 Super
792 2894 834 2945 eo
851 2883 968 2944 autem
991 2871 1087 2966 qnod
1110 2872 1184 2967 ipse
1205 2885 1264 2944 tue
1285 2873 1401 2946 lictere
1422 2877 1643 2950 continebant

232 2999 330 3095 quod
354 2998 449 3094 apud
474 2999 671 3071 Cathaniam
695 3007 728 3069 te
752 2996 974 3090 personaliter
1002 2995 1192 3085 contulisti,
1218 2997 1356 3068 visurus
1383 2997 1487 3070 situm
1513 3000 1548 3072 in
1571 3022 1641 3096 quo

234 3133 383 3197 castrum
398 3122 612 3196 commodius
626 3121 770 3193 deberet
785 3120 950 3211 construi,
967 3119 1163 3212 designares
1174 3129 1209 3189 et
1225 3118 1362 3192 videres
1377 3122 1479 3194 etiam
1496 3145 1641 3218 appara·

233 3257 306 3318 tum
325 3247 371 3319 ad
386 3256 590 3319 structuram
608 3245 762 3338 ejusdem
780 3255 815 3317 et
827 3246 942 3316 locum
957 3245 1061 3316 etiam
1078 3243 1278 3316 habiliorem
1295 3267 1357 3339 pro
1376 3249 1521 3340 petraria
1535 3250 1641 3322 inve-

232 3371 325 3442 nires
342 3366 490 3462 ibidem,
509 3369 773 3442 sollicitudinem
796 3377 890 3440 tuam
914 3368 1117 3440 excellentia
1140 3375 1257 3440 nostra
1282 3370 1515 3460 commendam
1536 3372 1580 3444 de
1599 3396 1641 3447 eo

231 3515 315 3566 varo
330 3493 426 3587 quod
443 3493 488 3565 da
506 3494 612 3566 muris
635 3495 709 3564 luto
731 3491 893 3565 conlectis
909 3493 944 3562 in
962 3499 1072 3562 castro
1088 3501 1203 3562 nostro
1222 3491 1355 3562 Lentini
1374 3513 1494 3565 versus
1505 3495 1641 3568 Castel-

232 3619 305 3689 lum
319 3617 456 3690 Novum
468 3617 577 3690 iecisti
591 3617 714 3690 mebus
730 3616 906 3688 relormari
925 3615 970 3687 de
988 3615 1105 3686 incisis
1120 3615 1341 3704 centonibus,
1361 3617 1470 3688 tribus
1488 3619 1640 3692 turribus

234 3741 441 3814 constructis
459 3741 494 3810 in
512 3761 570 3832 eo,
588 3749 706 3834 utpote
718 3740 817 3811 nobis
838 3739 972 3833 placide
993 3738 1274 3811 commendabilis
1295 3741 1512 3832 presentaris.
1529 3741 1583 3814 Ad
1603 3743 1640 3815 id

232 3887 316 3938 vero
338 3863 434 3957 quod
462 3874 577 3936 nostre
598 3863 764 3957 majestati
789 3863 952 3957 scripsisti
977 3862 1072 3956 quod
1095 3883 1115 3932 a
1137 3883 1254 3935 mense
1275 3863 1364 3955 junii
1392 3866 1550 3958 preterito
1577 3867 1639 3938 Xll

232 3988 428 4060 indictionis
448 3997 518 4059 tam
531 4009 595 4082 pro
610 3988 800 4058 munitione
813 3994 1002 4058 castrorum
1016 3986 1196 4080 Syracusio
1209 3995 1243 4058 at
1256 3987 1402 4073 Lentini,
1419 4011 1523 4084 quam
1536 3991 1639 4063 etiam

232 4133 293 4208 pro
311 4111 506 4185 sarracenis
522 4119 557 4184 et
570 4112 680 4182 servis
698 4111 821 4183 nostris
833 4110 1062 4184 necessarium
1082 4111 1306 4202 frumentum,
1327 4113 1485 4201 ordeum,
1502 4117 1636 4207 vinnm,

231 4255 387 4320 cascum,
409 4234 698 4329 companagium,
718 4256 857 4329 scarpas
879 4244 912 4304 et
928 4231 1130 4304 indumenta
1146 4255 1167 4306 a
1187 4243 1320 4306 secreto
1339 4237 1393 4308 vel
1412 4239 1488 4330 ejus
1509 4239 1637 4312 officia·

231 4358 320 4430 libus
338 4358 466 4430 babere
487 4358 628 4430 minime
645 4357 812 4452 potuisti3·
823 4357 986 4429 serenitas
1004 4369 1120 4429 nostra
1135 4357 1198 4428 tibi
1218 4357 1319 4450 plene
1341 4361 1525 4454 respondet
1542 4363 1638 4455 quod

232 4503 310 4554 cum
329 4481 537 4556 ittudnohis
557 4482 765 4577 displaceat,
787 4504 869 4555 ecce
887 4483 1010 4555 damus
1028 4490 1159 4556 secreto
1175 4491 1291 4556 nostro
1306 4483 1464 4557 Messana
1481 4507 1542 4580 per
1557 4509 1637 4558 nos·

233 4614 300 4678 tras
319 4605 454 4680 licteras
478 4606 513 4678 in
536 4607 708 4680 mandatis
732 4617 771 4678 ut
793 4609 930 4701 singula
954 4607 1145 4681 necessaria
1166 4605 1379 4703 supradicta,
1396 4610 1638 4702 quemadmo-
