4228 5892
229 537 407 612 11111112]
676 531 873 592 HISTORIA
898 529 1190 591 DIPLOMIITICA.
1576 526 1632 588 351

229 671 428 746 recedentes
446 669 583 766 penitus
594 667 843 760 ‘reprobamum
858 676 891 740 et
910 667 992 761 quia
1009 665 1131 758 injurie
1149 683 1217 736 uon
1235 671 1316 736 sunt
1337 662 1548 752 transitorie,
1565 683 1636 756 que

231 805 345 870 nostre
356 792 531 886 'majestati
549 791 678 884 jugiter
698 792 911 884 inseruntur,
928 800 962 894 st
978 791 1133 862 animum
1149 809 1255 884 super
1275 787 1319 860 iis
1338 807 1406 860 uon
1431 787 1537 858 lenire
1555 794 1635 880 pos·

231 940 363 1005 sumus,
378 927 444 990 nec
456 915 625 988 debemus
637 915 758 1009 utique
771 923 921 986 nosbam
936 914 1125 1008 potentiam
1137 913 1307 1003 relaxare,
1327 911 1483 1003 cogimur
1499 909 1546 983 ad
1557 910 1637 982 vin·

232 1041 371 1114 dictam.
391 1041 461 1112 Vos
479 1059 564 1110 vero
582 1039 644 1132 qui
667 1038 749 1110 estis
770 1037 837 1108 riri
862 1036 908 1110 ad
919 1037 1067 1109 ‘saniora
1079 1035 1225 1108 consilia
1248 1035 1439 1123 constituti,
1458 1055 1580 1106 seusus
1601 1043 1637 1106 et

231 1163 370 1235 rationis
385 1161 625 1234 excellentiam
644 1161 855 1246 obtinentes,
874 1161 1067 1254 rugientem
1082 1159 1319 1232 adversarium
1337 1166 1491 1231 nostrum
1512 1180 1533 1230 a
1556 1179 1636 1252 pro·

233 1305 331 1358 ocssu
346 1285 446 1374 cujus
461 1281 663 1356 detestabile
677 1283 742 1355 luit
761 1283 916 1372 initium,
931 1283 1069 1378 penitus
1083 1283 1272 1372 revocetis,
1288 1303 1404 1355 rerum
1423 1301 1636 1374 consequen·

233 1409 297 1480 tias
314 1429 362 1480 ex
376 1407 490 1480 causis
506 1405 770 1502 precedentibus
791 1405 1006 1479 attendentes
1025 1433 1034 1478 ε
1050 1407 1222 1500 alioquin,
1243 1415 1390 1500 utraque
1407 1413 1496 1478 terra
1514 1405 1638 1477 sentiet

233 1532 379 1625 qualiter
402 1531 439 1602 in
460 1537 710 1624 persecutorem
733 1551 775 1601 ac
794 1537 1042 1622 consequentes
1063 1530 1245 1624 principes'
1257 1537 1290 1601 et
1307 1531 1456 1601 fautores
1474 1526 1638 1623 procedat

232 1654 430 1749 Augustus,
447 1663 482 1726 et
496 1653 642 1748 qualiter
659 1655 747 1725 lsrro
764 1673 920 1726 cesareae
932 1653 1056 1726 tulerat
1070 1652 1230 1725 ultiones.

247 2195 251 2204 ’
287 2227 342 2312 Eo
367 2253 468 2340 auno
496 2208 701 2338 imperator
726 2226 945 2312 Fredericus
973 2227 1121 2312 obsedit
1148 2192 1315 2312 castrum
1341 2228 1577 2314 Plumacium
1602 2241 1640 2316 et

236 2359 485 2444 (lreuacorum
508 2359 614 2469 quod
630 2359 744 2442 estin
767 2359 984 2468 episcopatu
1001 2360 1193 2445 Bononiae
1210 2385 1299 2444 oum
1315 2359 1585 2446 Parmensibus
1603 2373 1640 2446 et

234 2491 509 2576 Mutinensibus
529 2501 670 2576 etcum
688 2491 861 2576 ducentis
878 2491 1064 2578 militibus
1084 2491 1238 2602 Reginis
1255 2501 1293 2576 et
1309 2493 1415 2576 mille
1432 2494 1637 2603 peditibus,

235 2623 284 2704 de
301 2647 432 2706 meuse
444 2623 547 2733 julii,
570 2625 739 2734 augusti,
755 2623 998 2733 septembris3
1016 2633 1053 2706 et
1066 2649 1111 2708 ea
1122 2633 1247 2706 castra
1263 2625 1462 2707 destruxit.
1484 2631 1635 2710 Mentor.

231 2766 366 2864 potest.
387 2755 513 2864 Ileqin.
540 2782 603 2866 ep.
624 2755 829 2864 Musarum,
849 2756 1054 2866 Scriptum,
1074 2765 1103 2838 t.
1125 2755 1225 2864 VIII,
1244 2783 1284 2866 p.
1309 2757 1425 2839 1110.

289 3343 520 3452 Fridericus‚
547 3343 808 3430 Romanorum
833 3346 1052 3454 imperator,
1083 3342 1269 3454 significat
1290 3344 1502 3454 captionem
1527 3348 1641 3430 castri
1767 3362 1801 3408 0³

237 3475 415 3560 Plumatii
432 3477 703 3587 districtusque
719 3477 969 3562 Bononiensis
994 3476 1344 3586 depopulationem,
1363 3488 1401 3561 et
1422 3481 1574 3564 nuntiat
1599 3509 1640 3566 se

238 3617 414 3716 puratum
428 3610 478 3691 ad
490 3609 738 3692 conterendos
749 3608 1044 3695 Mediolanenses
1062 3617 1106 3691 ut
1113 3608 1324 3694 Cumanam
1336 3610 1528 3695 ulutatum
1544 3640 1643 3723 quas

239 3737 278 3820 in
296 3738 412 3823 fidem
430 3765 540 3824 suem
557 3739 669 3825 rediit
685 3765 817 3825 eorum
834 3740 1051 3826 incursibus
1068 3739 1217 3824 liberet.

318 3937 443 4018 (lucdlt.
458 3957 497 4002 ex
509 3942 576 4004 oud.
591 3941 732 4004 Blblloth.
748 3942 847 4018 Cesar.
862 3943 969 4020 Puris,
977 3939 1069 4021 sends
1082 3943 1116 4003 S.
1134 3939 1231 4004 Germ
1246 3939 1372 4022 Harloy,
1386 3952 1420 4004 1ο
1434 3953 1504 4018 455,
1519 3960 1587 4023 pars
1600 3948 1641 4026 11,

359 4045 471 4126 n⁶1.1.)

285 4219 490 4310 rudericus,
506 4228 574 4294 etc.
589 4219 859 4293 Procedentibus
872 4221 972 4294 uobis
990 4221 1134 4294 feliciter
1154 4222 1284 4314 ingenti
1295 4224 1449 4296 exercitu
1468 4217 1514 4298 'ad
1532 4225 1645 4321 depo-

239 4341 448 4450 pulationem
467 4341 635 4430 Bononia,
657 4341 741 4414 dum
760 4343 939 4438 quoddam
965 4354 1113 4418 castrum
1137 4346 1277 4419 nomine
1298 4347 1504 4421 Plumatium
1529 4357 1645 4422 nostro

240 4465 350 4536 itineri
364 4465 558 4560 oppositum
578 4463 628 4560 (a)
645 4487 708 4562 per
722 4467 817 4561 quod
832 4477 947 4562 posset
966 4469 1186 4542 venientibus
1211 4469 1257 4544 ad
1276 4472 1467 4544 exercitum
1483 4473 1645 4546 transitus

282 4576 326 4706 (1)Ι
344 4585 435 4689 Deest
446 4625 569 4689 verbum
583 4633 697 4690 cotom
709 4629 756 4690 vel
770 4628 948 4707 hujusmodl.
