4350 5922
239 621 339 681 lucrer.
357 617 420 696 lo]
689 613 885 677 tllsrolllll
911 616 1210 680 orrnounrlcn
1611 619 1651 680 ³3

289 748 514 848 [Fridericus,
537 745 620 846 etc]
644 747 868 821 Evidentium
891 753 983 824 clara
1007 753 1159 846 cognitio
1184 761 1315 825 certum
1338 752 1542 847 plerumque
1571 753 1652 824 lacit

238 870 600 970 bomipibusquadam
618 872 750 944 ratione
761 873 929 966 probabili
944 874 1117 966 judicium
1131 875 1177 948 de
1193 875 1336 948 occultis
1351 897 1415 948 nec
1433 897 1534 947 casus
1549 896 1653 948 even·

237 1000 329 1072 tibns
344 997 471 1070 ascribi
489 995 619 1092 patitur
638 995 735 1090 qnod
753 1006 973 1092 procuratum
990 999 1142 1072 consiliis
1164 999 1344 1072 bominum
1360 1009 1394 1070 et
1412 999 1545 1070 cadosa
1563 999 1649 1071 sub-

241 1123 343 1196 tilitas
360 1121 544 1194 intrinseca
558 1119 724 1212 colligens
740 1121 918 1194 manifeste
936 1122 1123 1194 convincit.
1141 1121 1230 1194 lllnd
1246 1129 1362 1194 tamen
1385 1119 1530 1193 inliciarl
1549 1123 1652 1194 nolu-

239 1267 317 1318 mus
333 1245 420 1338 quin
437 1243 527 1316 absit
540 1264 657 1315 rerum
676 1242 803 1316 veritas
824 1265 846 1316 a
861 1245 1043 1338 conjectis,
1063 1245 1185 1340 quina
1202 1245 1300 1317 lactis
1316 1243 1490 1316 interdum
1508 1245 1652 1317 intentio

240 1369 285 1441 sit
297 1377 441 1440 remota.
458 1366 605 1439 Tamdiu
621 1365 836 1440 certitudinis
857 1368 969 1440 locum
987 1369 1210 1464 probabiliter
1228 1369 1360 1440 obtinet
1377 1367 1544 1440 violentia
1559 1390 1652 1440 con·

237 1477 545 1583 jecture,'tamdiu
563 1490 771 1562 conscientie
785 1492 902 1562 lumen
916 1491 1137 1565 siderationis
1156 1493 1278 1563 umbra
1298 1491 1352 1564 vel
1371 1491 1652 1565 dissimulationis

241 1615 398 1706 obducit,
416 1613 585 1709 quamdiu
597 1612 751 1687 dilucida
768 1613 970 1710 probatione
983 1615 1142 1686 contrarii
1158 1615 1286 1687 veritas
1299 1615 1425 1686 clareat
1437 1615 1472 1685 in
1488 1623 1648 1709 utroquo.

241 1739 279 1810 ln
296 1739 406 1811 verbo
431 1745 671 1809 verumtamen
691 1735 799 1831 patris
819 1737 1008 1829 justissime
1031 1738 1173 1810 miratus
1200 1745 1252 1809 est
1274 1735 1364 1808 lilius
1386 1735 1470 1808 dum
1496 1736 1533 1809 id
1556 1737 1652 1832 quod

240 1883 301 1956 per
322 1861 529 1935 industriam
554 1861 720 1942 bominis,
736 1861 767 1933 si
790 1871 904 1934 tamen
932 1860 1115 1934 cardinalis
1133 1869 1184 1932 est
1203 1859 1325 1951 bomo,
1349 1862 1385 1931 in
1409 1861 1652 1934 detrimentum

240 1985 375 2080 imperii
391 1985 591 2081 provenisse
611 2005 681 2057 non
695 1985 908 2078 conjectura,
929 1984 1133 2057 sedveritus
1152 1984 1332 2056 manifeste
1351 1993 1508 2075 testatur,
1523 1986 1653 2058 sereni·

239 2117 343 2180 tatem
361 2119 512 2182 nostram
529 2109 735 2205 impinxisse
751 2109 933 2205 descripsit
949 2109 1103 2181 Ecclesia
1119 2109 1271 2203 puritati.
1287 2107 1387 2180 Absit
1399 2108 1465 2181 boc
1481 2111 1617 2204 penitus
1632 2133 1653 2184 a

239 2239 358 2304 nostre
385 2232 593 2307 conscientie
615 2231 747 2324 gremio
767 2231 862 2326 quod
887 2232 992 2304 unius
1012 2240 1329 2326 quantumcumque
1350 2231 1573 2325 preminentis
1594 2254 1655 2328 per

240 2368 495 2449 transgressum
524 2357 560 2428 in
590 2367 806 2429 sacrosancte
839 2357 953 2430 matris
985 2355 1136 2428 Ecclesia
1166 2375 1270 2449 quam
1304 2353 1509 2450 pontificalis
1543 2365 1655 2428 vestre

239 2481 468 2554 beatitudinis
497 2482 585 2575 regit
616 2482 820 2571 auctoritas,
849 2481 979 2553 vicium
1016 2478 1236 2552 inducamur.
1264 2479 1392 2552 Tacere
1416 2487 1655 2551 verumtamen

240 2603 376 2698 puritas
392 2603 453 2676 lilii
474 2604 520 2678 de
538 2605 657 2678 matris
679 2606 872 2678 sinceritate
895 2603 1034 2698 zelotipi
1056 2624 1125 2674 non
1147 2601 1301 2696 permisit
1322 2602 1408 2696 quin
1430 2603 1656 2676 libentissime

238 2727 453 2802 vidissemus
466 2728 562 2824 quod
579 2729 699 2801 saltem
723 2729 769 2802 ad
790 2729 964 2824 publicam
985 2735 1200 2798 venustatem
1224 2747 1293 2796 non
1314 2721 1509 2824 nomina[ti]
1534 2728 1656 2799 vestris

239 2853 381 2940 litteris,
397 2875 462 2926 nec
478 2853 611 2926 utinam
628 2853 849 2943 nominandi,
866 2852 966 2924 vobis
985 2860 1019 2922 et
1035 2850 1198 2921 iratribus
1212 2859 1329 2922 contra
1346 2871 1409 2922 nos
1425 2861 1459 2921 et
1473 2851 1656 2946 imperium

240 2976 418 3070 ingratum
436 2977 509 3049 lore
522 2997 720 3071 processum
734 2975 904 3048 contrarie
919 2973 1105 3046 voluntatis
1117 2973 1253 3065 judicio
1268 2975 1515 3066 monstraretis;
1532 2997 1595 3047 nec
1611 2975 1657 3048 ad

241 3099 309 3171 boc
325 3099 530 3172 dilectorum
547 3101 736 3173 amicorum
753 3109 993 3171 nostrorum...
1013 3096 1204 3168 Hostiensis
1221 3097 1373 3192 episcopi
1390 3106 1425 3169 et
1444 3098 1597 3192 magistri
1614 3100 1654 3172 T.

239 3223 332 3294 tituli
364 3225 488 3296 Sancte
512 3223 637 3296 Sabine
666 3222 916 3296 venerabilium
944 3220 1169 3292 cardinalium
1199 3219 1244 3291 ad
1270 3229 1420 3292 nostram
1448 3221 1656 3314 presentiam

241 3347 523 3420 transmissorum
535 3348 660 3441 legatio
671 3345 701 3444 (l
711 3347 737 3440 ),
751 3344 942 3418 contradita
959 3343 1043 3438 ipsis
1058 3365 1163 3438 super
1178 3344 1450 3417 bombardorum
1465 3366 1536 3416 non
1551 3367 1657 3440 super

240 3471 414 3566 imperiali
431 3471 569 3566 negotio
591 3479 775 3566 potestate,
792 3467 897 3542 fidem
921 3466 1021 3540 nobis
1039 3469 1152 3539 lacere
1168 3477 1300 3562 poterat
1315 3479 1375 3540 ant
1399 3469 1474 3540 aliis
1495 3469 1653 3542 iaciebat.

239 3596 330 3667 Nam
347 3595 428 3667 licet
443 3595 588 3668 istorum
604 3595 793 3689 legatorum
809 3592 1028 3686 sequentium
1044 3590 1130 3664 lidos
1144 3603 1177 3664 et
1191 3593 1310 3664 merita
1329 3587 1412 3689 [non
1422 3590 1546 3690 solum]
1561 3592 1656 3688 apud

240 3719 353 3790 Deum
374 3729 409 3790 et
422 3717 592 3810 homines,
608 3717 671 3790 sed
686 3717 780 3814 apud
798 3739 860 3788 nos
872 3717 1024 3788 maxime
1039 3716 1141 3809 longe
1155 3715 1382 3810 discrepante
1400 3716 1520 3812 priori,
1533 3716 1656 3789 eadem

241 3851 360 3914 tamen
385 3852 459 3915 erat
477 3841 675 3914 omnimode
699 3840 879 3935 legationis
902 3840 1044 3912 istorum
1067 3840 1175 3910 lurma
1200 3861 1278 3912 cum
1298 3839 1421 3934 prima.
1447 3840 1542 3911 Sient
1563 3841 1656 3913 enim

240 3989 307 4060 per
323 3967 510 4061 apostolica
526 3966 653 4062 scripta
667 3965 875 4059 recepimus,
895 3964 952 4036 ille
965 3963 1127 4036 Silvester
1137 3984 1215 4034 cum
1228 3964 1329 4058 plane
1346 3964 1526 4056 legationis
1542 3963 1656 4036 ollieiu

240 4099 389 4162 venerat
416 4109 519 4184 snper
539 4081 676 4183 negotio
700 4087 925 4179 Lombardie,
953 4086 1020 4158 nisi
1050 4086 1146 4180 qnod
1172 4087 1230 4159 ille
1256 4085 1508 4182 pontificalibus
1535 4087 1656 4160 litteris

281 4444 320 4518 (t)
336 4445 386 4502 Isti
397 4444 559 4503 duoeteuim
569 4445 727 4517 cardinales,
735 4451 850 4503 exeunte
860 4461 930 4502 anno
937 4443 1117 4518 praecedenti,
1127 4443 1161 4502 ad
1169 4449 1261 4518 partes
1270 4443 1444 4502 lombardiae
1453 4451 1514 4518 post
1523 4444 1656 4518 objectam

240 4543 374 4616 episcopo
386 4541 542 4600 Pmnoeuno
558 4542 694 4616 repulsam
707 4558 722 4599 a
734 4559 806 4618 papa
820 4542 896 4599 missi
911 4541 1030 4611 luerent,
1044 4548 1074 4597 ut
1093 4546 1224 4597 testantur
1237 4547 1329 4598 auctor
1341 4542 1413 4598 vitae
1429 4540 1552 4612 Gregorii
1568 4548 1596 4598 et
1610 4542 1657 4599 lil-

241 4649 322 4697 terae
334 4639 419 4714 ipsius
431 4655 528 4714 papae,
541 4639 619 4698 dutus
631 4642 796 4709 lutcrcmuc,
813 4643 860 4698 111
875 4639 982 4696 kolurd.
1005 4636 1131 4708 decemb,
1146 4655 1211 4694 cun.
1226 4638 1258 4695 Χ
1273 4639 1319 4712 (29
1339 4637 1465 4696 novemb.
1483 4637 1576 4712 ⁴236).
1592 4640 1654 4699 llid.

242 4752 332 4811 supra
345 4742 366 4792 t.
378 4737 422 4808 lV,
434 4754 463 4811 p.
475 4740 536 4795 925.
550 4739 647 4797 Forma
659 4745 749 4797 autem
761 4737 892 4796 incundae
902 4737 977 4811 pacis
987 4737 1014 4793 in
1026 4734 1122 4792 litteris
1133 4734 1190 4792 istis
1204 4734 1354 4794 nullomodo
1365 4736 1531 4809 exprimitur.

328 4835 365 4896 V·
1516 4844 1534 4895 ὅ
