4246 5906
234 657 415 736 innrcr.13.]
679 655 875 716 HISTORIA
900 654 1193 721 ntrnontnrtcn.
1579 655 1636 717 ⁵³1

236 796 381 890 predicti
395 817 529 868 camere
544 804 659 868 nostre
671 795 802 888 integra
816 795 1065 890 persolverunt.
1083 793 1183 880 Quod
1196 795 1404 866 trumentum
1421 793 1639 888 promisimus

235 929 269 992 et
292 921 516 992 convenimus
538 921 589 992 eis
610 927 649 988 ut
673 918 843 992 Obbertus
863 919 1146 992 Fallamonachus
1169 929 1321 992 secretus
1344 919 1501 990 Panormi
1529 917 1639 990 fidelis

239 1053 353 1116 noster
376 1042 422 1116 de
448 1045 619 1114 frumento
644 1042 810 1137 presentis
835 1043 916 1114 anni
941 1063 1053 1135 usque
1076 1063 1137 1136 por
1163 1051 1270 1115 totum
1299 1063 1450 1114 mensem
1476 1042 1638 1115 februarii

219 1157 223 1165 ’
236 1167 347 1261 primo
360 1175 544 1237 venturum
560 1187 620 1259 per
631 1166 858 1258 subscriptam
869 1165 1092 1236 indictionem
1104 1165 1139 1234 in
1151 1174 1254 1258 portu
1263 1164 1418 1235 Panormi
1433 1173 1466 1235 et
1476 1165 1637 1258 Trapani,

240 1291 293 1361 vel
310 1290 346 1360 in
364 1291 468 1362 altero
481 1311 602 1361 eorum
619 1289 702 1382 ipsis
713 1289 769 1360 vel
781 1309 900 1360 eorum
913 1289 1010 1360 alteri
1026 1289 1154 1380 integre
1170 1288 1294 1362 debeat
1308 1288 1483 1379 assignare
1499 1298 1641 1381 portan-

235 1415 320 1487 dum
339 1423 437 1487 extra
454 1435 600 1506 reguum
619 1434 839 1507 quocumque
856 1413 1024 1486 voluerint
1040 1414 1147 1484 tibere
1170 1422 1205 1484 et
1219 1413 1374 1484 absolute
1393 1413 1438 1483 ab
1454 1414 1548 1484 omni
1562 1416 1641 1505 iure

240 1538 334 1610 curie
350 1547 480 1625 nostre,
499 1537 611 1610 doane
624 1545 659 1608 et
671 1545 801 1630 portus.
817 1539 927 1632 Super
939 1559 1009 1630 quo
1020 1537 1152 1630 pretato
1171 1545 1300 1608 secrato
1320 1535 1500 1629 dirigimus
1515 1537 1642 1631 scripta

241 1670 368 1736 nostra.
390 1659 489 1733 Unde
507 1659 553 1733 ad
566 1660 718 1754 ipsorum
737 1669 980 1752 mercatorum,
996 1669 1062 1732 etc.

284 1788 409 1858 Datum
421 1784 604 1872 Cremonc,
622 1783 746 1856 XXVII
765 1785 979 1872 novembris,
998 1783 1297 1857 x111indicrionis.

284 1912 367 1982 item
382 1909 491 1980 ecdem
511 1907 564 1979 die
579 1908 710 2003 sorpsit
726 1907 813 1979 den
830 1910 962 1979 listerus
978 1908 1111 1979 clausas
1128 1909 1189 1980 sot
1206 1909 1320 1979 eodem
1337 1911 1471 1999 forato:

289 2032 505 2125 Fredericus,
523 2043 606 2122 etc,
622 2033 771 2105 Obberto
786 2031 1048 2104 Faltamonacbo
1060 2041 1191 2106 secreto
1203 2033 1375 2121 Panormi,
1391 2043 1456 2106 etc.
1477 2029 1527 2130 [ot
1540 2054 1643 2126 sopra

244 2157 405 2250 usquead
422 2152 449 2252 ε]
463 2157 547 2229 Cum
561 2157 665 2251 igitur
677 2156 826 2229 velimus
842 2165 979 2250 pactum
996 2166 1031 2228 et
1044 2157 1291 2230 conventiones
1302 2157 1386 2252 ipsis
1400 2157 1540 2250 prefatis
1554 2178 1643 2230 mar-

237 2279 409 2351 catoribus
433 2279 566 2372 integro
587 2299 809 2370 conservare,
829 2276 984 2350 fidelitati
1002 2288 1061 2352 tue
1083 2279 1306 2375 proripiendo
1328 2279 1534 2352 mandamus
1552 2301 1644 2374 qua·

245 2413 344 2472 tenus
358 2403 452 2474 mille
467 2403 594 2476 salmas
611 2402 774 2474 frumenti
791 2400 836 2474 de
854 2403 1025 2474 frumento
1040 2403 1212 2498 presentis
1229 2403 1311 2476 anni
1331 2403 1368 2474 in
1384 2401 1547 2498 predictis
1564 2423 1644 2498 par·

244 2525 336 2596 tibus
360 2535 395 2598 et
412 2527 558 2598 termino
581 2527 711 2621 pretato
728 2526 881 2598 Ventura
903 2534 938 2598 et
952 2527 1075 2615 sociis,
1096 2527 1152 2598 vel
1170 2527 1322 2622 ipsomm
1343 2526 1440 2599 alteri
1458 2547 1563 2620 quem
1583 2525 1646 2599 tibi

247 2648 433 2721 constiterit
446 2649 588 2721 missum
602 2671 664 2744 per
681 2671 753 2738 eos,
769 2651 945 2745 assignare
958 2671 1121 2746 procures
1137 2650 1243 2722 tibere
1259 2660 1294 2723 ct
1311 2648 1467 2724 absolute
1488 2651 1534 2722 ab
1551 2651 1646 2724 omni

240 2771 318 2862 jure
336 2771 451 2844 doane
475 2781 509 2842 et
531 2780 669 2867 portus,
695 2783 794 2845 extra
812 2795 957 2867 regnum
973 2795 1194 2868 quocumque
1210 2774 1380 2846 voluerint
1401 2773 1643 2869 asportandos,

244 2895 414 2989 recipiens
438 2903 515 2988 post
539 2896 804 2988 assignationem
828 2898 991 2970 frumenti
1012 2898 1133 2992 prefati
1156 2897 1290 2970 licteras
1312 2909 1445 2970 nostras
1469 2907 1642 2993 patentes,

241 3039 328 3112 quas
346 3017 431 3112 ipsis
450 3018 610 3107 fecimus,
633 3028 668 3090 at
691 3019 789 3092 aliud
806 3021 973 3116 scriptum
994 3031 1191 3116 competens
1208 3021 1337 3096 exinde
1357 3020 1431 3094 beri
1452 3023 1574 3114 iacias,
1599 3021 1646 3096 ad

240 3141 336 3214 curie
354 3151 469 3215 nostro
485 3143 665 3215 cautelam.
682 3143 882 3217 Mandatum
900 3152 1075 3238 nostrum,
1095 3152 1161 3219 etc.

481 3458 1294 3471 „mannaan—„mm-
1303 3462 1361 3470 -ω
1365 3463 1396 3470 «-

290 3741 469 3828 Mandata
487 3744 535 3826 de
552 3745 726 3854 expensis
746 3701 903 3831 Cntaido
925 3719 1116 3834 Mustattic
1133 3757 1171 3833 et
1187 3750 1476 3838 Bartholomaeo
1493 3755 1543 3838 de
1565 3753 1644 3866 Lo-
1669 3735 1841 3840 sitite.

238 3873 390 3982 gotheta
408 3873 621 3959 falconeriis
644 3878 879 3978 exhibendis.

318 4073 443 4156 (depes
456 4075 559 4155 imper.
574 4073 693 4138 Fredcr.
706 4076 747 4154 11,
760 4077 812 4139 ici.
830 4087 868 4140 att
879 4085 974 4156 racina
989 4082 1021 4141 tn
1033 4082 1101 4144 edit
1117 4083 1253 4161 caream,
1268 4103 1299 4162 p.
1316 4083 1399 4166 2⁷8.)

283 4247 330 4318 Dc
342 4248 497 4320 mandato
514 4251 683 4344 imperiali
692 4254 780 4343 sacto
788 4274 849 4344 per
860 4255 1056 4347 mopirtrom
1072 4257 1112 4328 it.
1131 4257 1171 4330 dc
1183 4260 1325 4332 Camers
1344 4284 1353 4329 ε

283 4369 496 4464 Frcdericus,
510 4381 592 4461 etc,
607 4374 719 4466 judici
732 4375 889 4472 Philippo
902 4377 947 4450 de
960 4377 1104 4469 Aversa,
1116 4389 1182 4453 etc.
1198 4383 1284 4455 Cum
1297 4384 1479 4458 mictamus
1496 4387 1531 4458 in
1544 4387 1642 4484 Apu·

240 4492 321 4566 liam
338 4493 516 4568 Cataldum
541 4497 752 4570 Mustattium
777 4500 998 4574 salconeriom
1025 4513 1059 4576 ct
1078 4503 1214 4578 fidelem
1238 4517 1391 4580 nostrum
1413 4531 1477 4606 pro
1496 4511 1643 4606 quibus·

246 4613 326 4688 dam
343 4617 469 4691 avibus
489 4621 614 4694 nostris
628 4620 673 4693 ad
688 4631 837 4704 nostram
851 4626 1055 4717 presentiam
1079 4627 1292 4722 deferendis,
1314 4631 1468 4707 fidelitati
1484 4644 1545 4710 tue
1560 4659 1642 4732 pre-

237 4737 398 4831 cipiendo
418 4742 622 4815 mandamus
638 4755 809 4838 quatenus
822 4747 933 4820 eidem
950 4749 1091 4823 Cataldo
1106 4773 1168 4847 pro
1183 4773 1237 4845 se,
1259 4754 1396 4830 duobus
1414 4760 1589 4852 scuteriis,
1608 4770 1642 4834 et
