<?xml version="1.0" encoding="UTF-8"?>
<!DOCTYPE html PUBLIC "-//W3C//DTD XHTML 1.0 Transitional//EN"
    "http://www.w3.org/TR/xhtml1/DTD/xhtml1-transitional.dtd">
<html xmlns="http://www.w3.org/1999/xhtml" xml:lang="en" lang="en">
 <head>
  <title>
</title>
<meta http-equiv="Content-Type" content="text/html;charset=utf-8" />
  <meta name='ocr-system' content='tesseract 3.04.00' />
  <meta name='ocr-capabilities' content='ocr_page ocr_carea ocr_par ocr_line ocrx_word'/>
</head>
<body>
  <div class='ocr_page' id='page_1' title='image "./historiadiploma02fredgoog_0268.png"; bbox 0 0 4224 5898; ppageno 0'>
   <div class='ocr_carea' id='block_1_1' title="bbox 208 592 1616 678">
    <p class='ocr_par' dir='ltr' id='par_1_1' title="bbox 208 592 1616 678">
     <span class='ocr_line' id='line_1_1' title="bbox 208 592 1616 678; baseline 0.004 -24"><span class='ocrx_word' id='word_1_1' title='bbox 208 595 306 656; x_wconf 78' lang='lat' dir='ltr'><strong>laeter.</strong></span> <span class='ocrx_word' id='word_1_2' title='bbox 326 594 385 678; x_wconf 76' lang='lat'><strong>12]</strong></span> <span class='ocrx_word' id='word_1_3' title='bbox 654 592 850 656; x_wconf 77' lang='lat' dir='ltr'><strong>tttsTOtttA</strong></span> <span class='ocrx_word' id='word_1_4' title='bbox 875 593 1169 656; x_wconf 74' lang='lat' dir='ltr'><strong>uttuottttttctt</strong></span> <span class='ocrx_word' id='word_1_5' title='bbox 1556 597 1616 660; x_wconf 73' lang='lat'><strong>255</strong></span> 
     </span>
    </p>
   </div>
   <div class='ocr_carea' id='block_1_2' title="bbox 207 729 1617 1197">
    <p class='ocr_par' dir='ltr' id='par_1_2' title="bbox 207 729 1617 1197">
     <span class='ocr_line' id='line_1_2' title="bbox 207 729 1617 824; baseline 0.002 -21"><span class='ocrx_word' id='word_1_6' title='bbox 207 731 298 804; x_wconf 80' lang='lat' dir='ltr'><strong>bsmi</strong></span> <span class='ocrx_word' id='word_1_7' title='bbox 326 739 599 820; x_wconf 86' lang='lat' dir='ltr'><strong>sacramentum,</strong></span> <span class='ocrx_word' id='word_1_8' title='bbox 626 729 689 804; x_wconf 88' lang='lat' dir='ltr'><strong>sed</strong></span> <span class='ocrx_word' id='word_1_9' title='bbox 715 729 891 824; x_wconf 85' lang='lat' dir='ltr'><strong>captivum</strong></span> <span class='ocrx_word' id='word_1_10' title='bbox 916 729 1057 802; x_wconf 77' lang='lat' dir='ltr'><strong>detinet.</strong></span> <span class='ocrx_word' id='word_1_11' title='bbox 1078 731 1253 824; x_wconf 75' lang='lat' dir='ltr'><strong>Reapomie</strong></span> <span class='ocrx_word' id='word_1_12' title='bbox 1276 732 1463 824; x_wconf 80' lang='lat' dir='ltr'><strong>imperialis</strong></span> <span class='ocrx_word' id='word_1_13' title='bbox 1487 731 1617 817; x_wconf 88' lang='lat' dir='ltr'><strong>:Quod</strong></span> 
     </span>
     <span class='ocr_line' id='line_1_3' title="bbox 210 851 1616 950; baseline 0.001 -24"><span class='ocrx_word' id='word_1_14' title='bbox 210 876 318 950; x_wconf 87' lang='lat' dir='ltr'><strong>nepos</strong></span> <span class='ocrx_word' id='word_1_15' title='bbox 341 857 434 950; x_wconf 80' lang='lat' dir='ltr'><strong>regis</strong></span> <span class='ocrx_word' id='word_1_16' title='bbox 451 854 583 928; x_wconf 89' lang='lat' dir='ltr'><strong>Tunicii</strong></span> <span class='ocrx_word' id='word_1_17' title='bbox 600 875 669 926; x_wconf 90' lang='lat' dir='ltr'><strong>uon</strong></span> <span class='ocrx_word' id='word_1_18' title='bbox 692 861 730 924; x_wconf 93' lang='lat' dir='ltr'><strong>nt</strong></span> <span class='ocrx_word' id='word_1_19' title='bbox 751 851 995 946; x_wconf 81' lang='lat' dir='ltr'><strong>baptizaretur,</strong></span> <span class='ocrx_word' id='word_1_20' title='bbox 1013 851 1076 925; x_wconf 91' lang='lat' dir='ltr'><strong>sed</strong></span> <span class='ocrx_word' id='word_1_21' title='bbox 1093 863 1133 924; x_wconf 92' lang='lat' dir='ltr'><strong>ut</strong></span> <span class='ocrx_word' id='word_1_22' title='bbox 1153 855 1331 947; x_wconf 77' lang='lat' dir='ltr'><strong>aufugeret</strong></span> <span class='ocrx_word' id='word_1_23' title='bbox 1348 864 1490 927; x_wconf 90' lang='lat' dir='ltr'><strong>mortem</strong></span> <span class='ocrx_word' id='word_1_24' title='bbox 1510 879 1616 950; x_wconf 87' lang='lat' dir='ltr'><strong>quam</strong></span> 
     </span>
     <span class='ocr_line' id='line_1_4' title="bbox 208 976 1617 1076; baseline -0.001 -24"><span class='ocrx_word' id='word_1_25' title='bbox 208 981 466 1076; x_wconf 88' lang='lat' dir='ltr'><strong>preminabntur</strong></span> <span class='ocrx_word' id='word_1_26' title='bbox 478 989 622 1076; x_wconf 86' lang='lat' dir='ltr'><strong>patruus</strong></span> <span class='ocrx_word' id='word_1_27' title='bbox 634 999 719 1050; x_wconf 88' lang='lat' dir='ltr'><strong>suus</strong></span> <span class='ocrx_word' id='word_1_28' title='bbox 733 976 779 1050; x_wconf 91' lang='lat' dir='ltr'><strong>de</strong></span> <span class='ocrx_word' id='word_1_29' title='bbox 794 976 955 1048; x_wconf 83' lang='lat' dir='ltr'><strong>Barbaria</strong></span> <span class='ocrx_word' id='word_1_30' title='bbox 977 976 1065 1070; x_wconf 81' lang='lat' dir='ltr'><strong>iugit</strong></span> <span class='ocrx_word' id='word_1_31' title='bbox 1082 976 1117 1048; x_wconf 93' lang='lat' dir='ltr'><strong>iu</strong></span> <span class='ocrx_word' id='word_1_32' title='bbox 1135 976 1285 1048; x_wconf 85' lang='lat' dir='ltr'><strong>Siciliam</strong></span> <span class='ocrx_word' id='word_1_33' title='bbox 1305 977 1370 1074; x_wconf 84' lang='lat' dir='ltr'><strong>(l).</strong></span> <span class='ocrx_word' id='word_1_34' title='bbox 1391 979 1467 1051; x_wconf 93' lang='lat' dir='ltr'><strong>Non</strong></span> <span class='ocrx_word' id='word_1_35' title='bbox 1483 987 1617 1052; x_wconf 88' lang='lat' dir='ltr'><strong>tenetur</strong></span> 
     </span>
     <span class='ocr_line' id='line_1_5' title="bbox 209 1097 1616 1197; baseline 0 -23"><span class='ocrx_word' id='word_1_36' title='bbox 209 1102 384 1197; x_wconf 87' lang='lat' dir='ltr'><strong>captivus,</strong></span> <span class='ocrx_word' id='word_1_37' title='bbox 402 1103 465 1176; x_wconf 93' lang='lat' dir='ltr'><strong>sed</strong></span> <span class='ocrx_word' id='word_1_38' title='bbox 483 1103 569 1174; x_wconf 90' lang='lat' dir='ltr'><strong>liber</strong></span> <span class='ocrx_word' id='word_1_39' title='bbox 590 1123 653 1197; x_wconf 89' lang='lat' dir='ltr'><strong>per</strong></span> <span class='ocrx_word' id='word_1_40' title='bbox 672 1099 832 1194; x_wconf 78' lang='lat' dir='ltr'><strong>Apuliam</strong></span> <span class='ocrx_word' id='word_1_41' title='bbox 853 1097 952 1170; x_wconf 84' lang='lat' dir='ltr'><strong>vadit</strong></span> <span class='ocrx_word' id='word_1_42' title='bbox 968 1107 1003 1172; x_wconf 92' lang='lat' dir='ltr'><strong>et</strong></span> <span class='ocrx_word' id='word_1_43' title='bbox 1020 1097 1201 1190; x_wconf 80' lang='lat' dir='ltr'><strong>diligenter</strong></span> <span class='ocrx_word' id='word_1_44' title='bbox 1219 1101 1374 1192; x_wconf 85' lang='lat' dir='ltr'><strong>quesitus</strong></span> <span class='ocrx_word' id='word_1_45' title='bbox 1396 1101 1426 1172; x_wconf 88' lang='lat' dir='ltr'><strong>si</strong></span> <span class='ocrx_word' id='word_1_46' title='bbox 1451 1102 1616 1196; x_wconf 82' lang='lat' dir='ltr'><strong>baptizari</strong></span> 
     </span>
    </p>
   </div>
   <div class='ocr_carea' id='block_1_3' title="bbox 206 1221 1619 4038">
    <p class='ocr_par' dir='ltr' id='par_1_3' title="bbox 206 1221 1619 4038">
     <span class='ocr_line' id='line_1_6' title="bbox 208 1221 1618 1319; baseline 0.001 -21"><span class='ocrx_word' id='word_1_47' title='bbox 208 1227 310 1313; x_wconf 83' lang='lat' dir='ltr'><strong>uelit,</strong></span> <span class='ocrx_word' id='word_1_48' title='bbox 329 1228 469 1298; x_wconf 89' lang='lat' dir='ltr'><strong>omniuo</strong></span> <span class='ocrx_word' id='word_1_49' title='bbox 481 1235 596 1319; x_wconf 75' lang='lat' dir='ltr'><strong>negat.</strong></span> <span class='ocrx_word' id='word_1_50' title='bbox 615 1225 650 1296; x_wconf 88' lang='lat' dir='ltr'><strong>Si</strong></span> <span class='ocrx_word' id='word_1_51' title='bbox 665 1235 778 1296; x_wconf 86' lang='lat' dir='ltr'><strong>tamen</strong></span> <span class='ocrx_word' id='word_1_52' title='bbox 795 1223 872 1294; x_wconf 89' lang='lat' dir='ltr'><strong>vult</strong></span> <span class='ocrx_word' id='word_1_53' title='bbox 884 1221 1066 1316; x_wconf 79' lang='lat' dir='ltr'><strong>baptizari,</strong></span> <span class='ocrx_word' id='word_1_54' title='bbox 1087 1222 1250 1294; x_wconf 89' lang='lat' dir='ltr'><strong>domiuus</strong></span> <span class='ocrx_word' id='word_1_55' title='bbox 1265 1224 1450 1316; x_wconf 86' lang='lat' dir='ltr'><strong>imperator</strong></span> <span class='ocrx_word' id='word_1_56' title='bbox 1464 1236 1618 1319; x_wconf 86' lang='lat' dir='ltr'><strong>acceptet</strong></span> 
     </span>
     <span class='ocr_line' id='line_1_7' title="bbox 208 1345 1615 1443; baseline 0 -22"><span class='ocrx_word' id='word_1_57' title='bbox 208 1358 242 1421; x_wconf 90' lang='lat' dir='ltr'><strong>ct</strong></span> <span class='ocrx_word' id='word_1_58' title='bbox 254 1349 406 1442; x_wconf 80' lang='lat' dir='ltr'><strong>gaudet,</strong></span> <span class='ocrx_word' id='word_1_59' title='bbox 429 1359 529 1443; x_wconf 90' lang='lat' dir='ltr'><strong>prout</strong></span> <span class='ocrx_word' id='word_1_60' title='bbox 545 1369 648 1442; x_wconf 87' lang='lat' dir='ltr'><strong>super</strong></span> <span class='ocrx_word' id='word_1_61' title='bbox 664 1347 732 1418; x_wconf 93' lang='lat' dir='ltr'><strong>boc</strong></span> <span class='ocrx_word' id='word_1_62' title='bbox 749 1345 926 1440; x_wconf 89' lang='lat' dir='ltr'><strong>respoudit</strong></span> <span class='ocrx_word' id='word_1_63' title='bbox 942 1345 1025 1416; x_wconf 86' lang='lat' dir='ltr'><strong>alias</strong></span> <span class='ocrx_word' id='word_1_64' title='bbox 1043 1346 1333 1416; x_wconf 82' lang='lat' dir='ltr'><strong>Penounitauensi</strong></span> <span class='ocrx_word' id='word_1_65' title='bbox 1353 1355 1387 1418; x_wconf 91' lang='lat' dir='ltr'><strong>et</strong></span> <span class='ocrx_word' id='word_1_66' title='bbox 1405 1347 1615 1421; x_wconf 87' lang='lat' dir='ltr'><strong>Messnueusi</strong></span> 
     </span>
     <span class='ocr_line' id='line_1_8' title="bbox 208 1466 1616 1568; baseline 0.001 -24"><span class='ocrx_word' id='word_1_67' title='bbox 208 1473 485 1568; x_wconf 81' lang='lat' dir='ltr'><strong>archiepiscopis.</strong></span> <span class='ocrx_word' id='word_1_68' title='bbox 505 1471 685 1566; x_wconf 80' lang='lat' dir='ltr'><strong>Propocitio</strong></span> <span class='ocrx_word' id='word_1_69' title='bbox 697 1470 917 1542; x_wconf 71' lang='lat' dir='ltr'><strong>Ecctecierlle</strong></span> <span class='ocrx_word' id='word_1_70' title='bbox 930 1469 1027 1540; x_wconf 89' lang='lat' dir='ltr'><strong>Petro</strong></span> <span class='ocrx_word' id='word_1_71' title='bbox 1041 1470 1222 1554; x_wconf 84' lang='lat' dir='ltr'><strong>saraceno,</strong></span> <span class='ocrx_word' id='word_1_72' title='bbox 1243 1466 1335 1542; x_wconf 88' lang='lat' dir='ltr'><strong>fideli</strong></span> <span class='ocrx_word' id='word_1_73' title='bbox 1349 1470 1500 1544; x_wconf 83' lang='lat' dir='ltr'><strong>Ecclesia</strong></span> <span class='ocrx_word' id='word_1_74' title='bbox 1512 1495 1616 1566; x_wconf 89' lang='lat' dir='ltr'><strong>quem</strong></span> 
     </span>
     <span class='ocr_line' id='line_1_9' title="bbox 209 1591 1617 1692; baseline 0 -24"><span class='ocrx_word' id='word_1_75' title='bbox 209 1605 301 1668; x_wconf 88' lang='lat' dir='ltr'><strong>tenet</strong></span> <span class='ocrx_word' id='word_1_76' title='bbox 323 1598 499 1690; x_wconf 83' lang='lat' dir='ltr'><strong>captivum</strong></span> <span class='ocrx_word' id='word_1_77' title='bbox 519 1596 554 1666; x_wconf 91' lang='lat' dir='ltr'><strong>in</strong></span> <span class='ocrx_word' id='word_1_78' title='bbox 576 1595 736 1684; x_wconf 80' lang='lat' dir='ltr'><strong>injuriam</strong></span> <span class='ocrx_word' id='word_1_79' title='bbox 759 1593 928 1680; x_wconf 83' lang='lat' dir='ltr'><strong>Ecclesia,</strong></span> <span class='ocrx_word' id='word_1_80' title='bbox 955 1603 990 1664; x_wconf 91' lang='lat' dir='ltr'><strong>et</strong></span> <span class='ocrx_word' id='word_1_81' title='bbox 1012 1595 1115 1664; x_wconf 81' lang='lat' dir='ltr'><strong>tratre</strong></span> <span class='ocrx_word' id='word_1_82' title='bbox 1137 1591 1286 1665; x_wconf 81' lang='lat' dir='ltr'><strong>Iordane</strong></span> <span class='ocrx_word' id='word_1_83' title='bbox 1304 1595 1364 1688; x_wconf 89' lang='lat' dir='ltr'><strong>qui</strong></span> <span class='ocrx_word' id='word_1_84' title='bbox 1382 1602 1517 1667; x_wconf 71' lang='lat' dir='ltr'><strong>mutetur</strong></span> <span class='ocrx_word' id='word_1_85' title='bbox 1535 1617 1617 1692; x_wconf 84' lang='lat' dir='ltr'><strong>cap·</strong></span> 
     </span>
     <span class='ocr_line' id='line_1_10' title="bbox 209 1719 1617 1814; baseline 0 -22"><span class='ocrx_word' id='word_1_86' title='bbox 209 1721 312 1793; x_wconf 89' lang='lat' dir='ltr'><strong>tivus.</strong></span> <span class='ocrx_word' id='word_1_87' title='bbox 335 1719 719 1814; x_wconf 71' lang='lat' dir='ltr'><strong>liespmuioimperiulis</strong></span> <span class='ocrx_word' id='word_1_88' title='bbox 736 1745 746 1788; x_wconf 89' lang='lat'>:</span> <span class='ocrx_word' id='word_1_89' title='bbox 764 1719 884 1790; x_wconf 88' lang='lat' dir='ltr'><strong>Petrus</strong></span> <span class='ocrx_word' id='word_1_90' title='bbox 902 1719 1090 1788; x_wconf 86' lang='lat' dir='ltr'><strong>Saracenos</strong></span> <span class='ocrx_word' id='word_1_91' title='bbox 1105 1727 1270 1809; x_wconf 86' lang='lat' dir='ltr'><strong>tauquam</strong></span> <span class='ocrx_word' id='word_1_92' title='bbox 1286 1719 1471 1791; x_wconf 90' lang='lat' dir='ltr'><strong>inuimieus</strong></span> <span class='ocrx_word' id='word_1_93' title='bbox 1485 1719 1617 1793; x_wconf 91' lang='lat' dir='ltr'><strong>domini</strong></span> 
     </span>
     <span class='ocr_line' id='line_1_11' title="bbox 208 1841 1614 1939; baseline 0.001 -23"><span class='ocrx_word' id='word_1_94' title='bbox 208 1845 419 1939; x_wconf 86' lang='lat' dir='ltr'><strong>imperatoris</strong></span> <span class='ocrx_word' id='word_1_95' title='bbox 432 1854 468 1916; x_wconf 90' lang='lat' dir='ltr'><strong>et</strong></span> <span class='ocrx_word' id='word_1_96' title='bbox 483 1843 654 1916; x_wconf 87' lang='lat' dir='ltr'><strong>detractor</strong></span> <span class='ocrx_word' id='word_1_97' title='bbox 666 1843 742 1934; x_wconf 86' lang='lat' dir='ltr'><strong>ejus</strong></span> <span class='ocrx_word' id='word_1_98' title='bbox 756 1855 826 1912; x_wconf 88' lang='lat' dir='ltr'><strong>tam</strong></span> <span class='ocrx_word' id='word_1_99' title='bbox 841 1841 876 1912; x_wconf 91' lang='lat' dir='ltr'><strong>iu</strong></span> <span class='ocrx_word' id='word_1_100' title='bbox 894 1841 984 1913; x_wconf 88' lang='lat' dir='ltr'><strong>Urbe</strong></span> <span class='ocrx_word' id='word_1_101' title='bbox 998 1863 1103 1933; x_wconf 87' lang='lat' dir='ltr'><strong>quam</strong></span> <span class='ocrx_word' id='word_1_102' title='bbox 1123 1841 1223 1930; x_wconf 84' lang='lat' dir='ltr'><strong>alibi,</strong></span> <span class='ocrx_word' id='word_1_103' title='bbox 1240 1851 1362 1936; x_wconf 86' lang='lat' dir='ltr'><strong>ceptus</strong></span> <span class='ocrx_word' id='word_1_104' title='bbox 1376 1853 1427 1914; x_wconf 90' lang='lat' dir='ltr'><strong>est</strong></span> <span class='ocrx_word' id='word_1_105' title='bbox 1445 1865 1506 1938; x_wconf 87' lang='lat' dir='ltr'><strong>per</strong></span> <span class='ocrx_word' id='word_1_106' title='bbox 1521 1865 1614 1918; x_wconf 89' lang='lat' dir='ltr'><strong>eum.</strong></span> 
     </span>
     <span class='ocr_line' id='line_1_12' title="bbox 208 1962 1614 2060; baseline 0.001 -22"><span class='ocrx_word' id='word_1_107' title='bbox 208 1967 291 2038; x_wconf 89' lang='lat' dir='ltr'><strong>Item</strong></span> <span class='ocrx_word' id='word_1_108' title='bbox 305 1987 375 2038; x_wconf 91' lang='lat' dir='ltr'><strong>nou</strong></span> <span class='ocrx_word' id='word_1_109' title='bbox 387 1967 423 2036; x_wconf 89' lang='lat' dir='ltr'><strong>iu</strong></span> <span class='ocrx_word' id='word_1_110' title='bbox 441 1965 616 2059; x_wconf 77' lang='lat' dir='ltr'><strong>negotium</strong></span> <span class='ocrx_word' id='word_1_111' title='bbox 630 1965 721 2058; x_wconf 79' lang='lat' dir='ltr'><strong>regis</strong></span> <span class='ocrx_word' id='word_1_112' title='bbox 734 1963 858 2058; x_wconf 70' lang='lat' dir='ltr'><strong>duplic</strong></span> <span class='ocrx_word' id='word_1_113' title='bbox 871 1962 981 2052; x_wconf 85' lang='lat' dir='ltr'><strong>veuit,</strong></span> <span class='ocrx_word' id='word_1_114' title='bbox 998 1963 1059 2034; x_wconf 91' lang='lat' dir='ltr'><strong>sed</strong></span> <span class='ocrx_word' id='word_1_115' title='bbox 1073 1973 1202 2034; x_wconf 86' lang='lat' dir='ltr'><strong>tantum</strong></span> <span class='ocrx_word' id='word_1_116' title='bbox 1222 1964 1348 2035; x_wconf 73' lang='lat' dir='ltr'><strong>litteras</strong></span> <span class='ocrx_word' id='word_1_117' title='bbox 1362 1964 1472 2060; x_wconf 78' lang='lat' dir='ltr'><strong>psius</strong></span> <span class='ocrx_word' id='word_1_118' title='bbox 1490 1967 1614 2055; x_wconf 90' lang='lat' dir='ltr'><strong>attulit,</strong></span> 
     </span>
     <span class='ocr_line' id='line_1_13' title="bbox 207 2087 1618 2183; baseline 0.003 -23"><span class='ocrx_word' id='word_1_119' title='bbox 207 2089 292 2160; x_wconf 91' lang='lat' dir='ltr'><strong>utsi</strong></span> <span class='ocrx_word' id='word_1_120' title='bbox 314 2089 399 2161; x_wconf 84' lang='lat' dir='ltr'><strong>torte</strong></span> <span class='ocrx_word' id='word_1_121' title='bbox 418 2099 614 2182; x_wconf 86' lang='lat' dir='ltr'><strong>caperetur,</strong></span> <span class='ocrx_word' id='word_1_122' title='bbox 640 2097 740 2181; x_wconf 90' lang='lat' dir='ltr'><strong>capto</strong></span> <span class='ocrx_word' id='word_1_123' title='bbox 766 2107 1006 2183; x_wconf 88' lang='lat' dir='ltr'><strong>parceremus,</strong></span> <span class='ocrx_word' id='word_1_124' title='bbox 1028 2087 1189 2158; x_wconf 86' lang='lat' dir='ltr'><strong>attentius</strong></span> <span class='ocrx_word' id='word_1_125' title='bbox 1213 2088 1457 2182; x_wconf 73' lang='lat' dir='ltr'><strong>supplicantes.</strong></span> <span class='ocrx_word' id='word_1_126' title='bbox 1482 2090 1618 2174; x_wconf 87' lang='lat' dir='ltr'><strong>Quibus</strong></span> 
     </span>
     <span class='ocr_line' id='line_1_14' title="bbox 207 2209 1615 2308; baseline 0.001 -24"><span class='ocrx_word' id='word_1_127' title='bbox 207 2234 277 2286; x_wconf 89' lang='lat' dir='ltr'><strong>uon</strong></span> <span class='ocrx_word' id='word_1_128' title='bbox 304 2212 633 2308; x_wconf 85' lang='lat' dir='ltr'><strong>obtemperavimus,</strong></span> <span class='ocrx_word' id='word_1_129' title='bbox 655 2211 737 2305; x_wconf 88' lang='lat' dir='ltr'><strong>quia</strong></span> <span class='ocrx_word' id='word_1_130' title='bbox 762 2233 824 2284; x_wconf 84' lang='lat' dir='ltr'><strong>rex</strong></span> <span class='ocrx_word' id='word_1_131' title='bbox 849 2209 995 2282; x_wconf 83' lang='lat' dir='ltr'><strong>nescivit</strong></span> <span class='ocrx_word' id='word_1_132' title='bbox 1017 2231 1106 2304; x_wconf 86' lang='lat' dir='ltr'><strong>ques</strong></span> <span class='ocrx_word' id='word_1_133' title='bbox 1130 2210 1215 2280; x_wconf 85' lang='lat' dir='ltr'><strong>milti</strong></span> <span class='ocrx_word' id='word_1_134' title='bbox 1242 2212 1375 2304; x_wconf 86' lang='lat' dir='ltr'><strong>paravit</strong></span> <span class='ocrx_word' id='word_1_135' title='bbox 1393 2213 1535 2286; x_wconf 91' lang='lat' dir='ltr'><strong>iusidias</strong></span> <span class='ocrx_word' id='word_1_136' title='bbox 1551 2213 1615 2307; x_wconf 70' lang='lat'><strong>(2).</strong></span> 
     </span>
     <span class='ocr_line' id='line_1_15' title="bbox 208 2334 1617 2430; baseline 0.001 -22"><span class='ocrx_word' id='word_1_137' title='bbox 208 2337 257 2408; x_wconf 87' lang='lat' dir='ltr'><strong>lle</strong></span> <span class='ocrx_word' id='word_1_138' title='bbox 267 2337 372 2408; x_wconf 83' lang='lat' dir='ltr'><strong>fratre</strong></span> <span class='ocrx_word' id='word_1_139' title='bbox 384 2335 544 2426; x_wconf 84' lang='lat' dir='ltr'><strong>lordaue,</strong></span> <span class='ocrx_word' id='word_1_140' title='bbox 563 2335 658 2430; x_wconf 92' lang='lat' dir='ltr'><strong>quod</strong></span> <span class='ocrx_word' id='word_1_141' title='bbox 672 2335 786 2430; x_wconf 89' lang='lat' dir='ltr'><strong>ipsum</strong></span> <span class='ocrx_word' id='word_1_142' title='bbox 803 2335 970 2428; x_wconf 87' lang='lat' dir='ltr'><strong>occoepit</strong></span> <span class='ocrx_word' id='word_1_143' title='bbox 987 2355 1050 2406; x_wconf 91' lang='lat' dir='ltr'><strong>uec</strong></span> <span class='ocrx_word' id='word_1_144' title='bbox 1063 2335 1141 2428; x_wconf 86' lang='lat' dir='ltr'><strong>capi</strong></span> <span class='ocrx_word' id='word_1_145' title='bbox 1156 2334 1345 2422; x_wconf 88' lang='lat' dir='ltr'><strong>mandavit,</strong></span> <span class='ocrx_word' id='word_1_146' title='bbox 1360 2338 1521 2429; x_wconf 89' lang='lat' dir='ltr'><strong>quamvis</strong></span> <span class='ocrx_word' id='word_1_147' title='bbox 1536 2359 1617 2411; x_wconf 88' lang='lat' dir='ltr'><strong>eum</strong></span> 
     </span>
     <span class='ocr_line' id='line_1_16' title="bbox 209 2458 1619 2554; baseline 0.002 -22"><span class='ocrx_word' id='word_1_148' title='bbox 209 2461 245 2532; x_wconf 93' lang='lat' dir='ltr'><strong>iu</strong></span> <span class='ocrx_word' id='word_1_149' title='bbox 259 2461 476 2533; x_wconf 90' lang='lat' dir='ltr'><strong>sermonibus</strong></span> <span class='ocrx_word' id='word_1_150' title='bbox 491 2460 739 2532; x_wconf 81' lang='lat' dir='ltr'><strong>diffamaverat.</strong></span> <span class='ocrx_word' id='word_1_151' title='bbox 757 2459 827 2532; x_wconf 89' lang='lat' dir='ltr'><strong>Sed</strong></span> <span class='ocrx_word' id='word_1_152' title='bbox 840 2460 926 2554; x_wconf 91' lang='lat' dir='ltr'><strong>quia</strong></span> <span class='ocrx_word' id='word_1_153' title='bbox 944 2458 1084 2530; x_wconf 91' lang='lat' dir='ltr'><strong>videtur</strong></span> <span class='ocrx_word' id='word_1_154' title='bbox 1098 2481 1119 2530; x_wconf 89' lang='lat' dir='ltr'><strong>n</strong></span> <span class='ocrx_word' id='word_1_155' title='bbox 1135 2459 1347 2552; x_wconf 91' lang='lat' dir='ltr'><strong>quibusdam</strong></span> <span class='ocrx_word' id='word_1_156' title='bbox 1366 2459 1527 2534; x_wconf 85' lang='lat' dir='ltr'><strong>fidelibus</strong></span> <span class='ocrx_word' id='word_1_157' title='bbox 1545 2463 1619 2536; x_wconf 91' lang='lat' dir='ltr'><strong>suis</strong></span> 
     </span>
     <span class='ocr_line' id='line_1_17' title="bbox 209 2581 1618 2678; baseline 0.004 -24"><span class='ocrx_word' id='word_1_158' title='bbox 209 2585 269 2678; x_wconf 92' lang='lat' dir='ltr'><strong>qui</strong></span> <span class='ocrx_word' id='word_1_159' title='bbox 287 2593 413 2656; x_wconf 89' lang='lat' dir='ltr'><strong>norunt</strong></span> <span class='ocrx_word' id='word_1_160' title='bbox 429 2605 542 2656; x_wconf 89' lang='lat' dir='ltr'><strong>mores</strong></span> <span class='ocrx_word' id='word_1_161' title='bbox 561 2593 595 2656; x_wconf 92' lang='lat' dir='ltr'><strong>ct</strong></span> <span class='ocrx_word' id='word_1_162' title='bbox 615 2585 783 2656; x_wconf 89' lang='lat' dir='ltr'><strong>versutias</strong></span> <span class='ocrx_word' id='word_1_163' title='bbox 798 2582 952 2675; x_wconf 91' lang='lat' dir='ltr'><strong>ejusdem</strong></span> <span class='ocrx_word' id='word_1_164' title='bbox 968 2583 1081 2653; x_wconf 81' lang='lat' dir='ltr'><strong>fratris</strong></span> <span class='ocrx_word' id='word_1_165' title='bbox 1094 2581 1191 2676; x_wconf 92' lang='lat' dir='ltr'><strong>quod</strong></span> <span class='ocrx_word' id='word_1_166' title='bbox 1209 2593 1318 2654; x_wconf 82' lang='lat' dir='ltr'><strong>status</strong></span> <span class='ocrx_word' id='word_1_167' title='bbox 1334 2592 1369 2656; x_wconf 90' lang='lat' dir='ltr'><strong>et</strong></span> <span class='ocrx_word' id='word_1_168' title='bbox 1387 2605 1481 2657; x_wconf 88' lang='lat' dir='ltr'><strong>mora</strong></span> <span class='ocrx_word' id='word_1_169' title='bbox 1497 2587 1572 2678; x_wconf 88' lang='lat' dir='ltr'><strong>ejus</strong></span> <span class='ocrx_word' id='word_1_170' title='bbox 1589 2588 1618 2660; x_wconf 90' lang='lat' dir='ltr'><strong>si</strong></span> 
     </span>
     <span class='ocr_line' id='line_1_18' title="bbox 210 2706 1619 2800; baseline 0.003 -20"><span class='ocrx_word' id='word_1_171' title='bbox 210 2709 308 2780; x_wconf 88' lang='lat' dir='ltr'><strong>lieret</strong></span> <span class='ocrx_word' id='word_1_172' title='bbox 326 2707 363 2778; x_wconf 91' lang='lat' dir='ltr'><strong>iu</strong></span> <span class='ocrx_word' id='word_1_173' title='bbox 381 2706 535 2780; x_wconf 85' lang='lat' dir='ltr'><strong>marchia</strong></span> <span class='ocrx_word' id='word_1_174' title='bbox 550 2707 693 2780; x_wconf 82' lang='lat' dir='ltr'><strong>Terrisii</strong></span> <span class='ocrx_word' id='word_1_175' title='bbox 712 2717 746 2780; x_wconf 89' lang='lat' dir='ltr'><strong>et</strong></span> <span class='ocrx_word' id='word_1_176' title='bbox 764 2706 989 2796; x_wconf 84' lang='lat' dir='ltr'><strong>lombardia,</strong></span> <span class='ocrx_word' id='word_1_177' title='bbox 1007 2717 1166 2800; x_wconf 88' lang='lat' dir='ltr'><strong>suspecta</strong></span> <span class='ocrx_word' id='word_1_178' title='bbox 1181 2707 1269 2778; x_wconf 89' lang='lat' dir='ltr'><strong>loret</strong></span> <span class='ocrx_word' id='word_1_179' title='bbox 1283 2715 1317 2778; x_wconf 90' lang='lat' dir='ltr'><strong>et</strong></span> <span class='ocrx_word' id='word_1_180' title='bbox 1333 2708 1458 2780; x_wconf 86' lang='lat' dir='ltr'><strong>nocive</strong></span> <span class='ocrx_word' id='word_1_181' title='bbox 1477 2709 1619 2784; x_wconf 91' lang='lat' dir='ltr'><strong>domino</strong></span> 
     </span>
     <span class='ocr_line' id='line_1_19' title="bbox 210 2829 1619 2926; baseline 0.002 -24"><span class='ocrx_word' id='word_1_182' title='bbox 210 2831 426 2926; x_wconf 86' lang='lat' dir='ltr'><strong>imperatori,</strong></span> <span class='ocrx_word' id='word_1_183' title='bbox 450 2830 590 2925; x_wconf 87' lang='lat' dir='ltr'><strong>prestita</strong></span> <span class='ocrx_word' id='word_1_184' title='bbox 605 2831 828 2904; x_wconf 88' lang='lat' dir='ltr'><strong>satisdatione</strong></span> <span class='ocrx_word' id='word_1_185' title='bbox 848 2829 943 2923; x_wconf 93' lang='lat' dir='ltr'><strong>quod</strong></span> <span class='ocrx_word' id='word_1_186' title='bbox 966 2831 1002 2900; x_wconf 92' lang='lat' dir='ltr'><strong>iu</strong></span> <span class='ocrx_word' id='word_1_187' title='bbox 1028 2829 1179 2919; x_wconf 82' lang='lat' dir='ltr'><strong>marchia¹</strong></span> <span class='ocrx_word' id='word_1_188' title='bbox 1203 2830 1259 2902; x_wconf 88' lang='lat' dir='ltr'><strong>vel</strong></span> <span class='ocrx_word' id='word_1_189' title='bbox 1281 2831 1487 2906; x_wconf 86' lang='lat' dir='ltr'><strong>lombardia</strong></span> <span class='ocrx_word' id='word_1_190' title='bbox 1504 2855 1619 2906; x_wconf 88' lang='lat' dir='ltr'><strong>reme-</strong></span> 
     </span>
     <span class='ocr_line' id='line_1_20' title="bbox 210 2953 1616 3050; baseline 0.001 -23"><span class='ocrx_word' id='word_1_191' title='bbox 210 2976 291 3028; x_wconf 90' lang='lat' dir='ltr'><strong>nere</strong></span> <span class='ocrx_word' id='word_1_192' title='bbox 307 2957 364 3026; x_wconf 90' lang='lat' dir='ltr'><strong>vel</strong></span> <span class='ocrx_word' id='word_1_193' title='bbox 389 2955 515 3028; x_wconf 83' lang='lat' dir='ltr'><strong>morari</strong></span> <span class='ocrx_word' id='word_1_194' title='bbox 534 2977 605 3028; x_wconf 91' lang='lat' dir='ltr'><strong>uon</strong></span> <span class='ocrx_word' id='word_1_195' title='bbox 625 2955 767 3046; x_wconf 88' lang='lat' dir='ltr'><strong>debeat,</strong></span> <span class='ocrx_word' id='word_1_196' title='bbox 794 2956 909 3050; x_wconf 91' lang='lat' dir='ltr'><strong>ipsum</strong></span> <span class='ocrx_word' id='word_1_197' title='bbox 930 2953 1068 3026; x_wconf 91' lang='lat' dir='ltr'><strong>liberari</strong></span> <span class='ocrx_word' id='word_1_198' title='bbox 1082 2953 1279 3044; x_wconf 86' lang='lat' dir='ltr'><strong>mandabat,</strong></span> <span class='ocrx_word' id='word_1_199' title='bbox 1301 2964 1335 3026; x_wconf 89' lang='lat' dir='ltr'><strong>et</strong></span> <span class='ocrx_word' id='word_1_200' title='bbox 1350 2957 1517 3050; x_wconf 77' lang='lat' dir='ltr'><strong>assignari</strong></span> <span class='ocrx_word' id='word_1_201' title='bbox 1537 2979 1616 3029; x_wconf 92' lang='lat' dir='ltr'><strong>eum</strong></span> 
     </span>
     <span class='ocr_line' id='line_1_21' title="bbox 206 3076 1617 3173; baseline 0.001 -23"><span class='ocrx_word' id='word_1_202' title='bbox 206 3078 362 3172; x_wconf 87' lang='lat' dir='ltr'><strong>jussisset</strong></span> <span class='ocrx_word' id='word_1_203' title='bbox 375 3077 517 3150; x_wconf 89' lang='lat' dir='ltr'><strong>domiuo</strong></span> <span class='ocrx_word' id='word_1_204' title='bbox 532 3079 741 3151; x_wconf 87' lang='lat' dir='ltr'><strong>Messeucusi</strong></span> <span class='ocrx_word' id='word_1_205' title='bbox 756 3078 1013 3173; x_wconf 83' lang='lat' dir='ltr'><strong>archiepiscopo</strong></span> <span class='ocrx_word' id='word_1_206' title='bbox 1026 3077 1054 3148; x_wconf 89' lang='lat' dir='ltr'><strong>si</strong></span> <span class='ocrx_word' id='word_1_207' title='bbox 1068 3076 1198 3148; x_wconf 91' lang='lat' dir='ltr'><strong>dictum</strong></span> <span class='ocrx_word' id='word_1_208' title='bbox 1215 3077 1352 3148; x_wconf 85' lang='lat' dir='ltr'><strong>tratrem</strong></span> <span class='ocrx_word' id='word_1_209' title='bbox 1370 3077 1406 3148; x_wconf 93' lang='lat' dir='ltr'><strong>iu</strong></span> <span class='ocrx_word' id='word_1_210' title='bbox 1424 3078 1617 3172; x_wconf 90' lang='lat' dir='ltr'><strong>predictum</strong></span> 
     </span>
     <span class='ocr_line' id='line_1_22' title="bbox 209 3201 1617 3300; baseline 0.003 -26"><span class='ocrx_word' id='word_1_211' title='bbox 209 3201 350 3275; x_wconf 89' lang='lat' dir='ltr'><strong>modum</strong></span> <span class='ocrx_word' id='word_1_212' title='bbox 366 3224 472 3297; x_wconf 82' lang='lat' dir='ltr'><strong>super</strong></span> <span class='ocrx_word' id='word_1_213' title='bbox 493 3225 531 3274; x_wconf 90' lang='lat' dir='ltr'><strong>se</strong></span> <span class='ocrx_word' id='word_1_214' title='bbox 544 3204 695 3298; x_wconf 90' lang='lat' dir='ltr'><strong>recipere</strong></span> <span class='ocrx_word' id='word_1_215' title='bbox 712 3203 890 3275; x_wconf 90' lang='lat' dir='ltr'><strong>voluisset.</strong></span> <span class='ocrx_word' id='word_1_216' title='bbox 908 3203 1092 3294; x_wconf 80' lang='lat' dir='ltr'><strong>Propositio</strong></span> <span class='ocrx_word' id='word_1_217' title='bbox 1107 3201 1247 3272; x_wconf 79' lang='lat' dir='ltr'><strong>Ecclesie</strong></span> <span class='ocrx_word' id='word_1_218' title='bbox 1268 3203 1342 3272; x_wconf 84' lang='lat' dir='ltr'><strong>:lle</strong></span> <span class='ocrx_word' id='word_1_219' title='bbox 1364 3221 1405 3274; x_wconf 91' lang='lat' dir='ltr'><strong>eo</strong></span> <span class='ocrx_word' id='word_1_220' title='bbox 1427 3202 1523 3295; x_wconf 93' lang='lat' dir='ltr'><strong>quod</strong></span> <span class='ocrx_word' id='word_1_221' title='bbox 1542 3203 1617 3300; x_wconf 86' lang='lat' dir='ltr'><strong>ipse</strong></span> 
     </span>
     <span class='ocr_line' id='line_1_23' title="bbox 209 3324 1617 3418; baseline 0.001 -20"><span class='ocrx_word' id='word_1_222' title='bbox 209 3326 412 3399; x_wconf 87' lang='lat' dir='ltr'><strong>seditionem</strong></span> <span class='ocrx_word' id='word_1_223' title='bbox 431 3327 541 3398; x_wconf 82' lang='lat' dir='ltr'><strong>mouit</strong></span> <span class='ocrx_word' id='word_1_224' title='bbox 563 3328 598 3398; x_wconf 93' lang='lat' dir='ltr'><strong>iu</strong></span> <span class='ocrx_word' id='word_1_225' title='bbox 619 3327 710 3400; x_wconf 90' lang='lat' dir='ltr'><strong>Urbe</strong></span> <span class='ocrx_word' id='word_1_226' title='bbox 732 3337 851 3399; x_wconf 89' lang='lat' dir='ltr'><strong>contra</strong></span> <span class='ocrx_word' id='word_1_227' title='bbox 869 3327 1056 3397; x_wconf 80' lang='lat' dir='ltr'><strong>Ecclesiam</strong></span> <span class='ocrx_word' id='word_1_228' title='bbox 1077 3346 1136 3418; x_wconf 92' lang='lat' dir='ltr'><strong>per</strong></span> <span class='ocrx_word' id='word_1_229' title='bbox 1153 3346 1258 3418; x_wconf 89' lang='lat' dir='ltr'><strong>quam</strong></span> <span class='ocrx_word' id='word_1_230' title='bbox 1278 3324 1478 3398; x_wconf 87' lang='lat' dir='ltr'><strong>intendebat</strong></span> <span class='ocrx_word' id='word_1_231' title='bbox 1495 3327 1617 3400; x_wconf 87' lang='lat' dir='ltr'><strong>Roma·</strong></span> 
     </span>
     <span class='ocr_line' id='line_1_24' title="bbox 210 3448 1615 3544; baseline 0.001 -24"><span class='ocrx_word' id='word_1_232' title='bbox 210 3473 292 3522; x_wconf 89' lang='lat' dir='ltr'><strong>uum</strong></span> <span class='ocrx_word' id='word_1_233' title='bbox 309 3448 507 3544; x_wconf 82' lang='lat' dir='ltr'><strong>pontificem</strong></span> <span class='ocrx_word' id='word_1_234' title='bbox 525 3461 560 3522; x_wconf 90' lang='lat' dir='ltr'><strong>et</strong></span> <span class='ocrx_word' id='word_1_235' title='bbox 578 3451 697 3522; x_wconf 85' lang='lat' dir='ltr'><strong>tratres</strong></span> <span class='ocrx_word' id='word_1_236' title='bbox 711 3471 793 3522; x_wconf 88' lang='lat' dir='ltr'><strong>suos</strong></span> <span class='ocrx_word' id='word_1_237' title='bbox 817 3473 836 3521; x_wconf 92' lang='lat' dir='ltr'><strong>a</strong></span> <span class='ocrx_word' id='word_1_238' title='bbox 857 3471 919 3521; x_wconf 86' lang='lat' dir='ltr'><strong>sue</strong></span> <span class='ocrx_word' id='word_1_239' title='bbox 942 3449 1026 3520; x_wconf 88' lang='lat' dir='ltr'><strong>sede</strong></span> <span class='ocrx_word' id='word_1_240' title='bbox 1045 3448 1207 3542; x_wconf 88' lang='lat' dir='ltr'><strong>repellere</strong></span> <span class='ocrx_word' id='word_1_241' title='bbox 1224 3458 1259 3518; x_wconf 89' lang='lat' dir='ltr'><strong>et</strong></span> <span class='ocrx_word' id='word_1_242' title='bbox 1279 3458 1395 3520; x_wconf 87' lang='lat' dir='ltr'><strong>contra</strong></span> <span class='ocrx_word' id='word_1_243' title='bbox 1415 3450 1615 3544; x_wconf 78' lang='lat' dir='ltr'><strong>privilegia,</strong></span> 
     </span>
     <span class='ocr_line' id='line_1_25' title="bbox 213 3570 1619 3668; baseline -0.001 -22"><span class='ocrx_word' id='word_1_244' title='bbox 213 3573 397 3666; x_wconf 77' lang='lat' dir='ltr'><strong>dignitates</strong></span> <span class='ocrx_word' id='word_1_245' title='bbox 420 3585 454 3646; x_wconf 91' lang='lat' dir='ltr'><strong>et</strong></span> <span class='ocrx_word' id='word_1_246' title='bbox 477 3573 626 3646; x_wconf 88' lang='lat' dir='ltr'><strong>honores</strong></span> <span class='ocrx_word' id='word_1_247' title='bbox 652 3575 837 3668; x_wconf 83' lang='lat' dir='ltr'><strong>apostolice</strong></span> <span class='ocrx_word' id='word_1_248' title='bbox 861 3573 955 3645; x_wconf 89' lang='lat' dir='ltr'><strong>sedis</strong></span> <span class='ocrx_word' id='word_1_249' title='bbox 978 3573 1167 3644; x_wconf 87' lang='lat' dir='ltr'><strong>libertatem</strong></span> <span class='ocrx_word' id='word_1_250' title='bbox 1190 3570 1456 3643; x_wconf 84' lang='lat' dir='ltr'><strong>ecclesiasticam</strong></span> <span class='ocrx_word' id='word_1_251' title='bbox 1479 3576 1619 3646; x_wconf 89' lang='lat' dir='ltr'><strong>concul-</strong></span> 
     </span>
     <span class='ocr_line' id='line_1_26' title="bbox 211 3695 1619 3791; baseline 0.001 -24"><span class='ocrx_word' id='word_1_252' title='bbox 211 3717 299 3768; x_wconf 87' lang='lat' dir='ltr'><strong>care.</strong></span> <span class='ocrx_word' id='word_1_253' title='bbox 330 3699 507 3791; x_wconf 79' lang='lat' dir='ltr'><strong>Responsio</strong></span> <span class='ocrx_word' id='word_1_254' title='bbox 528 3696 714 3790; x_wconf 78' lang='lat' dir='ltr'><strong>imperialis</strong></span> <span class='ocrx_word' id='word_1_255' title='bbox 734 3696 891 3769; x_wconf 84' lang='lat' dir='ltr'><strong>:Seditio</strong></span> <span class='ocrx_word' id='word_1_256' title='bbox 918 3705 1008 3768; x_wconf 89' lang='lat' dir='ltr'><strong>mota</strong></span> <span class='ocrx_word' id='word_1_257' title='bbox 1035 3696 1070 3765; x_wconf 92' lang='lat' dir='ltr'><strong>iu</strong></span> <span class='ocrx_word' id='word_1_258' title='bbox 1090 3695 1181 3767; x_wconf 87' lang='lat' dir='ltr'><strong>Urbe</strong></span> <span class='ocrx_word' id='word_1_259' title='bbox 1210 3703 1325 3766; x_wconf 86' lang='lat' dir='ltr'><strong>contra</strong></span> <span class='ocrx_word' id='word_1_260' title='bbox 1344 3695 1534 3768; x_wconf 91' lang='lat' dir='ltr'><strong>Ecclesiam</strong></span> <span class='ocrx_word' id='word_1_261' title='bbox 1556 3720 1619 3791; x_wconf 89' lang='lat' dir='ltr'><strong>per</strong></span> 
     </span>
     <span class='ocr_line' id='line_1_27' title="bbox 212 3817 1615 3916; baseline 0 -24"><span class='ocrx_word' id='word_1_262' title='bbox 212 3819 390 3892; x_wconf 90' lang='lat' dir='ltr'><strong>domiuum</strong></span> <span class='ocrx_word' id='word_1_263' title='bbox 401 3821 641 3916; x_wconf 83' lang='lat' dir='ltr'><strong>imperatorem</strong></span> <span class='ocrx_word' id='word_1_264' title='bbox 656 3829 802 3912; x_wconf 82' lang='lat' dir='ltr'><strong>negetur</strong></span> <span class='ocrx_word' id='word_1_265' title='bbox 819 3845 826 3888; x_wconf 92' lang='lat'><strong>:</strong></span> <span class='ocrx_word' id='word_1_266' title='bbox 845 3817 906 3890; x_wconf 91' lang='lat' dir='ltr'><strong>sed</strong></span> <span class='ocrx_word' id='word_1_267' title='bbox 921 3819 1086 3913; x_wconf 91' lang='lat' dir='ltr'><strong>cumipse</strong></span> <span class='ocrx_word' id='word_1_268' title='bbox 1101 3819 1226 3890; x_wconf 87' lang='lat' dir='ltr'><strong>habeat</strong></span> <span class='ocrx_word' id='word_1_269' title='bbox 1239 3817 1357 3890; x_wconf 88' lang='lat' dir='ltr'><strong>fideles</strong></span> <span class='ocrx_word' id='word_1_270' title='bbox 1368 3839 1450 3891; x_wconf 90' lang='lat' dir='ltr'><strong>suos</strong></span> <span class='ocrx_word' id='word_1_271' title='bbox 1462 3820 1498 3890; x_wconf 92' lang='lat' dir='ltr'><strong>in</strong></span> <span class='ocrx_word' id='word_1_272' title='bbox 1513 3821 1615 3912; x_wconf 89' lang='lat' dir='ltr'><strong>Urbe,</strong></span> 
     </span>
     <span class='ocr_line' id='line_1_28' title="bbox 211 3941 1619 4038; baseline 0.001 -26"><span class='ocrx_word' id='word_1_273' title='bbox 211 3942 296 4014; x_wconf 90' lang='lat' dir='ltr'><strong>sicut</strong></span> <span class='ocrx_word' id='word_1_274' title='bbox 315 3943 575 4038; x_wconf 88' lang='lat' dir='ltr'><strong>predecessores</strong></span> <span class='ocrx_word' id='word_1_275' title='bbox 602 3944 656 4015; x_wconf 89' lang='lat' dir='ltr'><strong>sui</strong></span> <span class='ocrx_word' id='word_1_276' title='bbox 683 3955 750 4014; x_wconf 91' lang='lat' dir='ltr'><strong>tam</strong></span> <span class='ocrx_word' id='word_1_277' title='bbox 773 3943 917 4015; x_wconf 84' lang='lat' dir='ltr'><strong>Romani</strong></span> <span class='ocrx_word' id='word_1_278' title='bbox 946 3941 1115 4036; x_wconf 87' lang='lat' dir='ltr'><strong>principes</strong></span> <span class='ocrx_word' id='word_1_279' title='bbox 1140 3963 1245 4035; x_wconf 88' lang='lat' dir='ltr'><strong>quem</strong></span> <span class='ocrx_word' id='word_1_280' title='bbox 1272 3962 1370 4034; x_wconf 79' lang='lat' dir='ltr'><strong>reges</strong></span> <span class='ocrx_word' id='word_1_281' title='bbox 1393 3941 1508 4015; x_wconf 92' lang='lat' dir='ltr'><strong>Sicilie</strong></span> <span class='ocrx_word' id='word_1_282' title='bbox 1529 3944 1619 4016; x_wconf 92' lang='lat' dir='ltr'><strong>soliti</strong></span> 
     </span>
    </p>
   </div>
   <div class='ocr_carea' id='block_1_4' title="bbox 247 4170 1292 4182">
    <p class='ocr_par' dir='ltr' id='par_1_4' title="bbox 247 4170 1292 4182">
     <span class='ocr_line' id='line_1_29' title="bbox 247 4170 1292 4182; baseline -0.002 -2"><span class='ocrx_word' id='word_1_283' title='bbox 247 4170 369 4181; x_wconf 51' lang='lat' dir='ltr'><strong>no—-an</strong></span> <span class='ocrx_word' id='word_1_284' title='bbox 376 4173 422 4181; x_wconf 69' lang='lat' dir='ltr'><strong>...u</strong></span> <span class='ocrx_word' id='word_1_285' title='bbox 429 4173 437 4180; x_wconf 80' lang='grc' dir='ltr'>ι</span> <span class='ocrx_word' id='word_1_286' title='bbox 446 4174 463 4180; x_wconf 84' lang='grc'><strong>.-</strong></span> <span class='ocrx_word' id='word_1_287' title='bbox 473 4173 530 4181; x_wconf 74' lang='grc' dir='ltr'>..ι-ι.-</span> <span class='ocrx_word' id='word_1_288' title='bbox 537 4175 542 4181; x_wconf 81' lang='grc'>.</span> <span class='ocrx_word' id='word_1_289' title='bbox 549 4175 556 4181; x_wconf 80' lang='grc' dir='ltr'>ι</span> <span class='ocrx_word' id='word_1_290' title='bbox 564 4170 1292 4182; x_wconf 47' lang='grc' dir='ltr'><strong>,κιο-η-ω--ο--οι-ω--ι--ι--ῌῇ</strong></span> 
     </span>
    </p>
   </div>
   <div class='ocr_carea' id='block_1_5' title="bbox 213 4316 1618 4783">
    <p class='ocr_par' dir='ltr' id='par_1_5' title="bbox 213 4316 1618 4588">
     <span class='ocr_line' id='line_1_30' title="bbox 246 4316 1618 4392; baseline 0.004 -19"><span class='ocrx_word' id='word_1_291' title='bbox 246 4319 279 4392; x_wconf 87' lang='lat' dir='ltr'><strong>(t)</strong></span> <span class='ocrx_word' id='word_1_292' title='bbox 298 4319 373 4376; x_wconf 87' lang='lat' dir='ltr'><strong>Tuuc</strong></span> <span class='ocrx_word' id='word_1_293' title='bbox 384 4318 513 4392; x_wconf 88' lang='lat' dir='ltr'><strong>temporis</strong></span> <span class='ocrx_word' id='word_1_294' title='bbox 525 4318 625 4374; x_wconf 82' lang='lat' dir='ltr'><strong>Tunicii</strong></span> <span class='ocrx_word' id='word_1_295' title='bbox 640 4334 697 4388; x_wconf 89' lang='lat' dir='ltr'><strong>rex,</strong></span> <span class='ocrx_word' id='word_1_296' title='bbox 713 4325 743 4374; x_wconf 88' lang='lat' dir='ltr'><strong>ut</strong></span> <span class='ocrx_word' id='word_1_297' title='bbox 755 4317 824 4392; x_wconf 88' lang='lat' dir='ltr'><strong>apud</strong></span> <span class='ocrx_word' id='word_1_298' title='bbox 837 4317 871 4374; x_wconf 85' lang='lat' dir='ltr'><strong>ds</strong></span> <span class='ocrx_word' id='word_1_299' title='bbox 885 4316 1005 4388; x_wconf 82' lang='lat' dir='ltr'><strong>Guignes</strong></span> <span class='ocrx_word' id='word_1_300' title='bbox 1018 4317 1104 4388; x_wconf 74' lang='lat' dir='ltr'><strong>(etot.</strong></span> <span class='ocrx_word' id='word_1_301' title='bbox 1118 4316 1164 4373; x_wconf 79' lang='lat' dir='ltr'><strong>des</strong></span> <span class='ocrx_word' id='word_1_302' title='bbox 1175 4317 1265 4387; x_wconf 78' lang='lat' dir='ltr'><strong>Hune,</strong></span> <span class='ocrx_word' id='word_1_303' title='bbox 1276 4322 1296 4373; x_wconf 92' lang='lat' dir='ltr'><strong>t.</strong></span> <span class='ocrx_word' id='word_1_304' title='bbox 1310 4317 1332 4387; x_wconf 86' lang='lat' dir='ltr'><strong>l,</strong></span> <span class='ocrx_word' id='word_1_305' title='bbox 1344 4323 1413 4390; x_wconf 83' lang='lat' dir='ltr'><strong>port.</strong></span> <span class='ocrx_word' id='word_1_306' title='bbox 1426 4320 1447 4388; x_wconf 95' lang='lat' dir='ltr'><strong>l,</strong></span> <span class='ocrx_word' id='word_1_307' title='bbox 1463 4337 1491 4392; x_wconf 94' lang='lat' dir='ltr'><strong>p.</strong></span> <span class='ocrx_word' id='word_1_308' title='bbox 1507 4321 1568 4391; x_wconf 79' lang='grc'>386)</span> <span class='ocrx_word' id='word_1_309' title='bbox 1581 4322 1618 4378; x_wconf 92' lang='lat' dir='ltr'><strong>le·</strong></span> 
     </span>
     <span class='ocr_line' id='line_1_31' title="bbox 213 4413 1618 4491; baseline 0.002 -19"><span class='ocrx_word' id='word_1_310' title='bbox 213 4415 290 4488; x_wconf 74' lang='lat' dir='ltr'><strong>gitur,</strong></span> <span class='ocrx_word' id='word_1_311' title='bbox 304 4415 753 4474; x_wconf 76' lang='lat' dir='ltr'><strong>uocabaturdbcu·zeknria·labie</strong></span> <span class='ocrx_word' id='word_1_312' title='bbox 768 4431 801 4472; x_wconf 88' lang='lat' dir='ltr'><strong>ex</strong></span> <span class='ocrx_word' id='word_1_313' title='bbox 820 4419 898 4488; x_wconf 56' lang='lat' dir='ltr'><strong>mute</strong></span> <span class='ocrx_word' id='word_1_314' title='bbox 908 4413 1062 4484; x_wconf 75' lang='lat' dir='ltr'><strong>Abouhals,</strong></span> <span class='ocrx_word' id='word_1_315' title='bbox 1077 4413 1122 4486; x_wconf 92' lang='lat' dir='ltr'><strong>qui</strong></span> <span class='ocrx_word' id='word_1_316' title='bbox 1136 4429 1197 4470; x_wconf 91' lang='lat' dir='ltr'><strong>cum</strong></span> <span class='ocrx_word' id='word_1_317' title='bbox 1211 4414 1321 4471; x_wconf 88' lang='lat' dir='ltr'><strong>tratrem</strong></span> <span class='ocrx_word' id='word_1_318' title='bbox 1339 4431 1418 4472; x_wconf 90' lang='lat' dir='ltr'><strong>suum</strong></span> <span class='ocrx_word' id='word_1_319' title='bbox 1436 4433 1518 4489; x_wconf 82' lang='lat' dir='ltr'><strong>reguo</strong></span> <span class='ocrx_word' id='word_1_320' title='bbox 1535 4433 1618 4491; x_wconf 80' lang='lat' dir='ltr'><strong>erpu-</strong></span> 
     </span>
     <span class='ocr_line' id='line_1_32' title="bbox 214 4510 1304 4588; baseline -0.001 -20"><span class='ocrx_word' id='word_1_321' title='bbox 214 4511 295 4584; x_wconf 84' lang='lat' dir='ltr'><strong>lisset,</strong></span> <span class='ocrx_word' id='word_1_322' title='bbox 311 4513 401 4570; x_wconf 84' lang='lat' dir='ltr'><strong>iratris</strong></span> <span class='ocrx_word' id='word_1_323' title='bbox 413 4513 493 4588; x_wconf 85' lang='lat' dir='ltr'><strong>hujus</strong></span> <span class='ocrx_word' id='word_1_324' title='bbox 507 4513 590 4569; x_wconf 89' lang='lat' dir='ltr'><strong>lilium</strong></span> <span class='ocrx_word' id='word_1_325' title='bbox 602 4513 636 4570; x_wconf 91' lang='lat' dir='ltr'><strong>de</strong></span> <span class='ocrx_word' id='word_1_326' title='bbox 650 4528 703 4586; x_wconf 85' lang='lat' dir='ltr'><strong>quo</strong></span> <span class='ocrx_word' id='word_1_327' title='bbox 715 4512 751 4568; x_wconf 91' lang='lat' dir='ltr'><strong>ibi</strong></span> <span class='ocrx_word' id='word_1_328' title='bbox 766 4512 865 4568; x_wconf 90' lang='lat' dir='ltr'><strong>mentio</strong></span> <span class='ocrx_word' id='word_1_329' title='bbox 877 4510 906 4568; x_wconf 88' lang='lat' dir='ltr'><strong>fit</strong></span> <span class='ocrx_word' id='word_1_330' title='bbox 917 4512 1070 4568; x_wconf 89' lang='lat' dir='ltr'><strong>omnimodo</strong></span> <span class='ocrx_word' id='word_1_331' title='bbox 1080 4511 1304 4584; x_wconf 86' lang='lat' dir='ltr'><strong>persequebatur.</strong></span> 
     </span>
    </p>

    <p class='ocr_par' dir='ltr' id='par_1_6' title="bbox 214 4610 1614 4783">
     <span class='ocr_line' id='line_1_33' title="bbox 247 4610 1614 4686; baseline 0 -17"><span class='ocrx_word' id='word_1_332' title='bbox 247 4613 283 4682; x_wconf 73' lang='lat'><strong>(2)</strong></span> <span class='ocrx_word' id='word_1_333' title='bbox 301 4611 342 4670; x_wconf 84' lang='lat' dir='ltr'><strong>ct</strong></span> <span class='ocrx_word' id='word_1_334' title='bbox 355 4611 419 4684; x_wconf 88' lang='lat' dir='ltr'><strong>quid</strong></span> <span class='ocrx_word' id='word_1_335' title='bbox 432 4611 466 4668; x_wconf 87' lang='lat' dir='ltr'><strong>de</strong></span> <span class='ocrx_word' id='word_1_336' title='bbox 479 4611 634 4686; x_wconf 77' lang='lat' dir='ltr'><strong>captivitate</strong></span> <span class='ocrx_word' id='word_1_337' title='bbox 645 4611 716 4668; x_wconf 87' lang='lat' dir='ltr'><strong>Petri</strong></span> <span class='ocrx_word' id='word_1_338' title='bbox 728 4610 868 4668; x_wconf 85' lang='lat' dir='ltr'><strong>Sarraceni</strong></span> <span class='ocrx_word' id='word_1_339' title='bbox 881 4611 915 4668; x_wconf 81' lang='lat' dir='ltr'><strong>etl</strong></span> <span class='ocrx_word' id='word_1_340' title='bbox 931 4627 993 4667; x_wconf 88' lang='lat' dir='ltr'><strong>anu.</strong></span> <span class='ocrx_word' id='word_1_341' title='bbox 1008 4614 1078 4668; x_wconf 66' lang='lat' dir='ltr'><strong>titt</strong></span> <span class='ocrx_word' id='word_1_342' title='bbox 1093 4610 1226 4667; x_wconf 87' lang='lat' dir='ltr'><strong>ineuntem</strong></span> <span class='ocrx_word' id='word_1_343' title='bbox 1240 4617 1328 4669; x_wconf 88' lang='lat' dir='ltr'><strong>narret</strong></span> <span class='ocrx_word' id='word_1_344' title='bbox 1338 4611 1414 4668; x_wconf 83' lang='lat' dir='ltr'><strong>ttatt.</strong></span> <span class='ocrx_word' id='word_1_345' title='bbox 1429 4611 1525 4682; x_wconf 74' lang='lat' dir='ltr'><strong>Paris,</strong></span> <span class='ocrx_word' id='word_1_346' title='bbox 1542 4611 1614 4669; x_wconf 81' lang='lat' dir='ltr'><strong>Hist.</strong></span> 
     </span>
     <span class='ocr_line' id='line_1_34' title="bbox 214 4709 536 4783; baseline -0.006 -17"><span class='ocrx_word' id='word_1_347' title='bbox 214 4709 277 4783; x_wconf 73' lang='lat' dir='ltr'><strong>maj.</strong></span> <span class='ocrx_word' id='word_1_348' title='bbox 292 4709 415 4781; x_wconf 73' lang='lat' dir='ltr'><strong>tepor,</strong></span> <span class='ocrx_word' id='word_1_349' title='bbox 430 4725 458 4782; x_wconf 91' lang='lat' dir='ltr'><strong>p.</strong></span> <span class='ocrx_word' id='word_1_350' title='bbox 474 4709 536 4766; x_wconf 73' lang='lat' dir='ltr'><strong>ott.</strong></span> 
     </span>
    </p>
   </div>
   <div class='ocr_carea' id='block_1_6' title="bbox 0 0 2121 5892">
    <p class='ocr_par' dir='ltr' id='par_1_7' title="bbox 0 0 2121 5892">
     <span class='ocr_line' id='line_1_35' title="bbox 0 0 2121 5892; baseline 0 0"><span class='ocrx_word' id='word_1_351' title='bbox 0 0 2121 5892; x_wconf 95' lang='lat' dir='ltr'><strong> </strong></span> 
     </span>
    </p>
   </div>
  </div>
 </body>
</html>
