4278 5920
503 557 562 622 lus
1001 567 1213 629 balbulum
1235 565 1407 628 sacuam
1540 615 1545 626 .
1723 564 1807 646 [Nutu
1821 563 1905 628 1237.

499 695 655 769 sentibus
672 697 854 774 Staucione
867 701 1047 794 brancalo,
1070 701 1234 793 magistro
1253 700 1354 774 Petro
1380 697 1426 772 de
1446 699 1552 770 Pasea
1568 707 1602 770 st
1616 699 1748 794 Naymo
1766 699 1907 772 toelibus

498 819 770 915 subscribendis,
784 823 829 896 ad
838 824 905 896 boa
914 825 1106 921 specialiter
1117 824 1244 920 regatis
1252 833 1287 897 et
1298 823 1440 911 vocatis,
1452 823 1548 894 veuit
1556 821 1730 917 dampnas
1738 823 1907 896 lebannes

499 942 688 1038 prepositus
715 954 749 1016 et
775 949 965 1020 monachus
986 948 1182 1022 manasterii
1202 947 1366 1020 Cavsnsis
1385 955 1421 1018 et
1443 945 1632 1038 assignavit
1653 945 1753 1018 nobis
1769 947 1906 1040 prelatis

494 1066 673 1158 judicibus
690 1069 860 1162 quasdam
888 1072 1017 1144 litteras
1047 1071 1214 1165 sigillatas
1237 1092 1284 1143 ex
1308 1079 1405 1166 parte
1429 1069 1560 1142 domini
1583 1068 1705 1162 Angeli
1729 1067 1775 1142 de
1798 1069 1906 1142 Narra

498 1189 610 1262 taliter
627 1192 840 1267 continentes
859 1220 867 1265 :

545 1313 775 1388 Pmdentibas
794 1317 879 1390 viris
892 1317 1004 1409 J'adici
1027 1319 1193 1392 Guilelme
1218 1317 1360 1390 'lariani
1386 1325 1420 1388 et
1432 1315 1543 1409 judici
1563 1315 1709 1388 Jobaaai
1735 1314 1780 1387 de
1797 1313 1905 1388 Aldu-

497 1437 580 1509 risio
605 1439 649 1510 de
671 1439 833 1532 Nuceria,
852 1440 1006 1536 Angelus
1029 1440 1076 1516 de
1098 1424 1207 1515 Murra
1227 1441 1371 1513 salutem
1390 1449 1424 1512 et
1442 1439 1568 1512 ameris
1594 1437 1767 1510 affectam.
1791 1440 1907 1534 Nuper

497 1563 690 1656 recepimus
703 1587 723 1635 a
739 1563 889 1637 dominis
905 1567 1002 1638 eume
1017 1565 1152 1638 lictsras
1166 1565 1201 1636 in
1213 1563 1279 1637 hac
1297 1566 1406 1636 ferma
1419 1589 1428 1633 r
1443 1603 1492 1617 -
1505 1561 1667 1634 Prudenti
1679 1563 1754 1634 viro
1767 1561 1906 1636 domino

495 1682 628 1778 Angeia
640 1685 685 1758 de
700 1687 811 1759 Marra
822 1685 1082 1760 Panormitanns
1092 1698 1128 1760 et
1140 1687 1349 1760 Ravelleasis
1365 1686 1393 1781 (l
1405 1689 1416 1774 )
1430 1685 1561 1759 domini
1579 1685 1794 1780 imperatoris
1808 1687 1906 1758 lami-

497 1808 614 1900 liarss,
632 1818 667 1880 et
696 1819 820 1882 cetera.
844 1811 1058 1884 Venerabilis
1082 1811 1191 1883 abbas
1211 1809 1409 1882 monasterii
1432 1809 1595 1881 cavensis
1621 1808 1722 1880 nobis
1746 1809 1906 1903 exposuit

495 1930 591 2026 quud
608 1933 746 2004 stellarii
762 1933 947 2028 imperialis
960 1935 1111 2008 demanii
1129 1945 1164 2006 et
1176 1934 1326 2006 revocati
1341 1933 1502 2022 Naeuiis,
1521 1932 1703 2004 occasione
1719 1940 1754 2004 et
1768 1933 1906 2005 nomine

496 2057 677 2147 cujusdam
693 2057 835 2130 ecclesie
859 2059 968 2130 sancti
984 2059 1157 2131 laurentii
1175 2056 1221 2130 de
1235 2057 1407 2130 Turricula
1423 2057 1489 2129 site
1504 2056 1541 2128 in
1559 2057 1744 2129 lenimento
1759 2057 1906 2130 Nuceria

494 2201 564 2272 que
582 2179 708 2251 dicitur
722 2183 795 2254 lore
813 2180 859 2254 ad
881 2181 1079 2254 demanium
1098 2182 1193 2254 carie
1211 2190 1371 2254 revocata
1373 2233 1448 2252 .....
1473 2177 1522 2276 (a)
1539 2189 1573 2252 et
1596 2180 1776 2252 molestant
1790 2180 1904 2274 ipsam

494 2302 654 2374 abbatem
673 2303 877 2397 dequadam
890 2305 1112 2378 aliaeeclesia
1129 2327 1192 2378 sua
1209 2305 1348 2378 nemine
1369 2304 1478 2377 sancti
1500 2303 1671 2376 Laurentii
1689 2303 1733 2376 de
1748 2304 1780 2374 la
1795 2303 1906 2376 Rusti·

494 2435 573 2498 aeta
582 2427 690 2500 sitaiu
698 2427 846 2501 Nuceria
855 2429 1050 2502 monasterii
1061 2415 1348 2525 suipertineatiis,
1361 2431 1397 2502 in
1407 2429 1515 2525 ipsius
1523 2429 1701 2501 abbatiset
1709 2427 1904 2500 monasterii

492 2549 546 2621 sui
566 2550 794 2644 prejudicium
812 2561 847 2624 st
864 2559 1065 2647 gravamen.
1092 2555 1206 2639 Quare
1223 2553 1443 2650 prudentiam
1463 2561 1612 2626 vestram
1634 2552 1841 2646 requirimus
1857 2574 1905 2625 ex

492 2673 659 2768 imperiali
686 2683 782 2769 parta
811 2677 1014 2750 mandantes
1036 2678 1199 2773 quatinus
1223 2699 1362 2751 causam
1390 2677 1500 2773 ipsam
1525 2675 1708 2768 diligenter
1729 2676 1905 2770 inquirere

492 2796 637 2888 faciatis,
646 2807 681 2870 et
691 2799 720 2870 si
730 2798 930 2873 inveneritis
938 2800 1034 2895 quod
1046 2800 1200 2896 predicta
1211 2801 1355 2874 ecclesia
1367 2801 1483 2873 Sancti
1492 2799 1665 2874 Laurentii
1676 2797 1721 2872 de
1729 2798 1903 2872 Tarricclo

492 2921 595 2993 luerit
611 2921 657 2996 ad
672 2945 796 2996 manas
809 2924 905 2997 caric
921 2935 1080 2998 revocata
1094 2935 1128 2997 et
1139 2926 1207 2999 alia
1224 2925 1367 2998 ecclesia
1377 2925 1494 2998 Sancti
1507 2923 1681 2998 Laurentii
1695 2923 1740 2996 de
1751 2924 1785 2994 la
1796 2923 1907 2996 Nosti·

492 3053 571 3116 neta
582 3067 650 3118 non
661 3047 813 3120 extiterit
826 3057 998 3138 revocata,
1010 3049 1204 3144 precipiatis
1217 3048 1374 3121 stallariis
1384 3047 1536 3122 demanii
1551 3056 1586 3120 et
1598 3045 1750 3119 revocati
1761 3045 1906 3118 Nuceria

491 3168 588 3263 quod
605 3169 782 3244 decetero
804 3171 936 3244 dictam
950 3173 1196 3246 monasterium
1212 3171 1257 3244 de
1280 3172 1354 3268 ipsa
1370 3173 1515 3246 ecclesia
1531 3171 1646 3244 Sancti
1668 3169 1841 3242 Laurentii
1860 3167 1906 3242 de

492 3291 525 3363 la
539 3291 711 3366 Nostineta
727 3296 858 3368 nullam
875 3296 1063 3368 molestiam
1080 3298 1228 3369 inierant
1246 3317 1308 3368 sea
1326 3317 1532 3389 gravamen,
1546 3304 1585 3366 ut
1600 3303 1736 3390 prepter
1751 3293 1818 3367 hoc
1835 3313 1905 3364 non

491 3425 646 3510 operteat
660 3418 807 3514 amplius
823 3419 970 3513 fatigari.
987 3421 1112 3492 Datum
1129 3418 1259 3512 Mallia,
1276 3421 1442 3494 vicesimo
1461 3429 1584 3492 octavo
1593 3417 1689 3510 julii,
1704 3416 1838 3490 decime
1855 3415 1903 3485 in·

492 3539 666 3613 dictionis.
680 3541 792 3615 -Ad
808 3543 903 3636 qued
922 3544 1168 3638 exequendam
1185 3545 1270 3638 qaia
1288 3564 1358 3616 non
1380 3564 1564 3639 pessumas
1580 3541 1802 3637 personaliter
1818 3539 1919 3630 iate,

491 3683 596 3754 resse,
610 3664 711 3737 vobis
721 3666 963 3739 committimus
977 3668 1070 3740 vices
1085 3676 1229 3760 nostras,
1244 3666 1446 3741 mandantes
1459 3665 1560 3740 vobis
1570 3687 1617 3739 ex
1628 3664 1795 3762 imperiali
1809 3672 1905 3758 parte

533 3855 575 3935 (a)
597 3857 643 3918 lbl
655 3857 758 3920 charta
771 3876 900 3924 eamean.

528 4175 564 4247 (t)
583 4174 690 4234 Scilicet
700 4177 910 4234 Panormitaaas
922 4177 1140 4252 archiepiscopus
1152 4185 1180 4236 st
1192 4177 1358 4237 Navellansis
1375 4179 1518 4251 episeopus
1534 4175 1634 4250 quibus
1647 4177 1792 4250 imperatur
1803 4175 1905 4233 dadum

492 4287 507 4327 a
521 4287 603 4344 ragau
612 4271 718 4330 Siciliae
732 4272 832 4332 absens
845 4273 917 4334 vices
928 4289 992 4332 suas
1003 4275 1183 4346 commiserat,
1198 4275 1322 4350 adjuncto
1336 4274 1446 4348 insuper
1459 4275 1585 4348 capuano
1602 4273 1812 4348 archiepiscope.
1824 4273 1905 4330 Nau·

490 4368 552 4426 deta
564 4369 597 4425 iis
607 4369 694 4427 tribus
708 4369 743 4426 ab
755 4371 915 4446 imperatore
925 4373 1026 4430 directa
1039 4389 1121 4446 super
1132 4372 1332 4431 confirmations
1344 4371 1434 4428 fratris
1444 4371 1593 4444 Pandulpbi
1608 4371 1642 4427 da
1653 4369 1750 4428 Sancto
1765 4369 1902 4442 Stephane

489 4465 518 4522 in
532 4465 659 4525 abbatam
677 4468 776 4526 mentis
787 4469 952 4528 Cassiueasis
971 4469 1058 4538 alecti,
1073 4475 1204 4527 memorat
1213 4469 1358 4527 illocardus
1369 4467 1404 4526 ds
1414 4467 1513 4526 Sancto
1526 4469 1671 4539 Germano,
1686 4484 1716 4541 p.
1729 4469 1808 4536 tota,
1820 4468 1900 4530 ⁴0³8,

489 4563 536 4620 ubi
556 4565 638 4622 aliam
659 4565 735 4639 plura
757 4565 791 4623 da
809 4565 903 4624 eedem
917 4567 1023 4640 negatio
1038 4565 1190 4626 ralaruntur
1211 4565 1351 4625 mensibus
1371 4565 1459 4638 maio,
1472 4565 1548 4639 junia
1560 4569 1589 4622 et
1600 4564 1675 4638 julio.
1692 4565 1900 4621 instrumentum

489 4657 623 4731 Curense,
637 4664 767 4734 tauquam
779 4661 876 4722 boram
889 4663 1058 4723 familiarium
1073 4663 1211 4738 regiminis
1223 4662 1374 4738 specimen,
1388 4677 1459 4720 nunc
1476 4663 1592 4737 panium
1607 4662 1722 4721 adimus
