4226 5900
235 553 335 612 lrtnrcr.
355 547 417 623 l3.]
689 536 886 599 HISTORIA
910 537 1202 603 circumactus.
1586 546 1646 607 493

283 681 464 755 nanterre
476 677 608 750 domino
622 675 818 768 imperatore
827 695 888 768 pm
894 674 1043 764 judicem
1061 676 1228 748 Toddcum
1238 679 1371 773 scripsit
1385 682 1538 752 rotarios
1549 683 1590 752 R.
1606 683 1645 752 de

236 807 374 882 salerno
391 833 401 876 :

282 927 502 1015 Fredericue,
519 933 602 1012 ete,
617 921 784 995 Ricoardo
803 920 848 993 de
862 921 1077 1015 lllontenigro
1087 923 1271 1014 jostitiario
1284 925 1387 998 Terre
1403 925 1560 1014 Laboris,
1574 936 1641 1000 etc.

234 1051 384 1125 lnnotnit
401 1069 511 1146 nuper
533 1045 735 1119 excellentie
756 1053 870 1117 nostra
891 1044 1082 1138 quodcum
1101 1046 1237 1120 dudum
1255 1047 1440 1120 decesserit
1453 1049 1645 1122 Robbertus

235 1175 279 1248 de
292 1173 411 1246 Pesolo
425 1173 602 1242 [anezano
618 1169 756 1242 duabus
766 1166 903 1240 filiabus
914 1168 987 1239 suis
1001 1169 1037 1240 in
1051 1171 1173 1265 capillo
1186 1171 1325 1262 relictis,
1341 1171 1514 1244 Teodinus
1531 1195 1643 1266 quon·

234 1295 315 1370 darn
332 1304 427 1390 pater
441 1293 552 1388 ipsius
563 1292 725 1364 Robberti
738 1290 869 1365 balium
881 1292 1089 1388 pupillarum
1107 1295 1260 1389 ipsarum
1274 1295 1402 1390 recepit
1419 1304 1534 1368 nostra
1546 1297 1643 1370 curia

230 1421 427 1513 ignorante,
449 1440 491 1490 ac
515 1416 736 1513 postmodnm
762 1397 911 1490 obeunte
937 1417 1011 1511 ipso
1027 1415 1206 1491 Theodiuo
1227 1418 1428 1492 Guillelmus
1454 1418 1544 1492 filius
1566 1421 1642 1512 ejus

228 1545 360 1617 balium
382 1544 496 1637 ipsum
521 1540 779 1636 procurandum
806 1541 958 1636 suscepit
983 1540 1185 1634 inrequisito
1209 1550 1323 1615 nostra
1348 1543 1442 1615 ouria
1466 1554 1500 1616 et
1525 1545 1640 1618 nostra

227 1667 366 1738 lieentia
380 1686 449 1737 non
466 1664 617 1754 obtenta,
635 1677 669 1736 et
684 1664 817 1736 balium
829 1664 943 1759 ipsum
958 1674 1096 1738 exercet
1109 1675 1226 1739 contra
1242 1666 1341 1760 regni
1354 1667 1640 1742 consuetudinem

228 1791 264 1861 in
279 1798 394 1862 nostre
410 1788 506 1861 curie
528 1787 786 1860 detrimentum.
803 1787 917 1872 Quare
934 1787 1090 1861 fidelitati
1111 1797 1171 1862 tue
1192 1788 1411 1885 precipiendo
1434 1791 1639 1864 mandamus

226 1922 396 2006 quatenus
408 1912 564 2007 inquiras
575 1933 681 2006 super
695 1911 868 2008 premissis
879 1911 1078 2004 diligentius
1088 1913 1280 2005 veritatem,
1292 1923 1326 1986 et
1340 1914 1369 1985 si
1381 1936 1452 1987 rem
1464 1915 1639 1989 inveneris

226 2036 273 2107 ita
286 2055 374 2127 esse,
389 2035 519 2107 balium
529 2035 642 2129 ipsum
658 2033 704 2107 ad
714 2055 804 2129 opus
818 2043 934 2106 nostre
949 2034 1044 2107 curie
1055 2035 1201 2128 recipias
1212 2045 1246 2108 et
1261 2056 1425 2110 exerceas
1439 2037 1635 2129 diligenter,

226 2161 356 2232 iaciens
379 2160 424 2233 de
440 2159 665 2254 proventibus
690 2161 859 2231 bonorum
882 2159 1074 2252 puellarum
1090 2160 1244 2254 ipsarum
1262 2160 1394 2232 eisdem
1422 2161 1457 2231 in
1477 2163 1638 2257 expensis

225 2292 326 2376 prout
345 2282 406 2354 tibi
420 2281 594 2355 moderate
611 2283 725 2355 visum
740 2282 842 2354 inerit
859 2291 893 2352 et
913 2281 1132 2354 commodum
1150 2281 1342 2376 provideri,
1363 2283 1537 2355 actenoius
1557 2305 1637 2378 pro·

224 2405 365 2477 risurus
382 2427 426 2478 ne
441 2406 477 2476 in
491 2406 718 2496 justitiariam
735 2413 796 2477 tuo
810 2404 936 2476 similia
951 2426 1013 2498 per
1026 2404 1112 2478 alios
1130 2405 1342 2477 intententur
1361 2405 1525 2478 innostro
1543 2409 1638 2481 curie

225 2529 404 2602 lesionem.

271 2654 396 2725 Datum
409 2651 503 2746 apud
516 2650 689 2742 Laudam,
706 2651 784 2723 XlV
797 2651 1014 2743 novembris,
1033 2651 1110 2722 xtlt
1129 2651 1337 2724 indictionis.

271 2775 418 2848 litteras
431 2775 514 2848 istas
531 2775 683 2870 portavit
695 2775 891 2848 Robbertns
903 2773 995 2847 filius
1010 2775 1152 2848 Olivcrii
1167 2776 1266 2848 miles
1283 2774 1328 2848 de
1340 2775 1581 2872 Cumpobasso.

272 3375 431 3459 Litterae
448 3387 485 3460 et
503 3377 683 3459 mandata
702 3376 806 3459 varia
825 3375 874 3458 de
897 3373 1165 3458 reformatione
1189 3375 1305 3458 studii
1324 3376 1509 3486 generalis
1528 3378 1631 3486 apud
1687 3363 1789 3490 „iffi

218 3507 435 3618 Neapolim,
458 3519 496 3592 et
512 3508 654 3619 quibus
671 3508 721 3590 ad
739 3507 862 3591 soolas
881 3508 1034 3590 easdem
1051 3506 1227 3590 accedere
1244 3506 1367 3592 liceat.
1664 3472 1830 3546 “Wlffl-

247 3711 252 3724 “
298 3711 426 3792 (depost.
442 3711 545 3791 imper.
561 3709 682 3774 meter.
698 3709 739 3787 11,
753 3710 808 3772 tol.
826 3720 863 3771 20
875 3715 971 3784 recto;
986 3710 1018 3769 ln
1030 3708 1102 3771 edit.
1118 3709 1253 3783 Curcum,
1268 3725 1300 3786 p.
1317 3717 1387 3786 tot,
1402 3710 1487 3788 tot.)

265 3886 312 3955 De
327 3885 483 3956 mundato
495 3884 662 3979 imperiali
672 3887 761 3977 [octo
772 3906 835 3978 per
850 3885 1046 3978 mopistroru
1060 3885 1197 3956 Petrum
1210 3884 1251 3955 de
1269 3885 1370 3956 Viaco
1385 3887 1520 3982 scripsit
1531 3891 1573 3964 P.
1587 3889 1628 3962 de

217 4009 332 4102 Gopuo
351 4038 363 4080 :

262 4129 481 4223 Fredericus,
503 4141 587 4223 eto,
605 4132 779 4227 magistris
802 4141 837 4204 et
851 4131 1039 4204 scolaribus
1060 4130 1233 4226 Neapolis.
1256 4129 1464 4226 Conceptnm
1490 4133 1624 4208 dudum

214 4255 405 4328 serenitatis
421 4265 536 4328 nostre
554 4256 768 4352 propositum
793 4255 883 4328 eirca
901 4254 1115 4349 Neapolitani
1137 4253 1245 4326 studii
1263 4254 1417 4327 debitum
1434 4257 1625 4332 incremen-

215 4386 287 4449 tum
305 4377 462 4451 oblivisci
479 4399 548 4450 non
566 4379 693 4474 patitur
711 4389 832 4450 votum
846 4388 1013 4465 nostrum,
1034 4377 1119 4471 quin
1138 4377 1254 4472 ipsum
1276 4387 1440 4471 tanquam
1456 4385 1623 4455 manuum

213 4509 407 4574 nostrarum
423 4510 629 4576 structuram
649 4501 905 4575 memorabilem
924 4501 1068 4596 posteris
1085 4511 1119 4575 et
1135 4502 1338 4596 generaliter
1353 4503 1514 4578 omnibus
1529 4508 1622 4604 fruc·

211 4633 346 4697 tuoeam
364 4627 633 4722 prosequutione
648 4624 814 4699 laudabili
837 4646 1086 4721 prosequamur
1106 4635 1139 4700 et
1162 4624 1375 4702 firmamento
1400 4627 1516 4700 stabili
1534 4651 1621 4725 quo-
