4242 5904
465 519 525 580 ste
967 515 1179 576 rutuuutct
1204 515 1377 576 seculum
1688 515 1768 597 [Arta.
1787 517 1875 580 1238.

465 648 674 750 [indultum]
693 660 807 722 nostro
822 651 962 722 culmini
984 650 1213 745 presentavit,
1231 649 1405 722 humiliter
1425 650 1622 745 supplicans
1639 660 1811 746 quatenus
1830 651 1875 726 de

465 774 569 846 teudo
588 795 651 846 suo
674 773 768 867 quod
788 771 964 866 qnondam
983 772 1176 867 Stephanus
1191 781 1288 866 pater
1303 772 1379 864 ojus
1396 793 1417 844 a
1435 772 1535 845 nobis
1551 783 1585 846 et
1604 774 1748 869 imperio
1766 776 1875 846 tenuit

465 899 591 992 etipse
618 917 710 967 nunc
734 917 795 990 pro
817 917 940 990 magna
960 904 1056 990 parte
1080 895 1234 992 possidet
1252 905 1288 968 et
1309 896 1481 989 reliquum
1503 896 1688 972 vendicare
1708 897 1870 989 intendit,

464 1023 578 1116 ipsum
597 1019 761 1092 investire
774 1039 908 1090 necnon
925 1027 960 1092 et
977 1019 1142 1114 scriptum
1158 1019 1328 1114 prefatum
1347 1018 1514 1096 innovare
1529 1029 1563 1092 et
1576 1021 1692 1098 omnia
1706 1042 1777 1114 que
1793 1041 1875 1094 onn-

465 1146 619 1217 tinentnr
639 1143 674 1214 in
692 1164 734 1216 eo
752 1141 953 1216 confirmare
969 1141 1014 1216 de
1029 1151 1146 1216 nostra
1161 1143 1272 1238 gratia
1289 1142 1528 1238 dignaremun
1549 1145 1649 1236 cujus
1667 1144 1874 1218 continentia

464 1269 541 1340 talis
558 1275 629 1339 est:
1794 1343 1796 1351 p

512 1389 679 1462 Henricus
701 1398 820 1461 sextus
844 1387 964 1462 divina
990 1389 1128 1462 favente
1151 1389 1332 1462 clementia
1353 1389 1585 1462 Romanorum
1607 1412 1673 1464 rex
1690 1400 1725 1463 et
1739 1412 1876 1486 semper

464 1522 642 1608 augustus.
662 1512 785 1583 Notum
803 1511 948 1582 facimus
966 1512 1137 1583 universis
1154 1511 1287 1608 imperii
1300 1509 1460 1584 fidelibus
1471 1513 1688 1606 presentibus
1702 1522 1737 1584 et
1753 1513 1876 1586 suturis

464 1635 557 1730 quod
587 1657 651 1707 nos
677 1633 891 1706 attendentes
920 1643 1134 1707 constantem
1155 1643 1190 1706 et
1210 1635 1380 1706 sinceram
1404 1633 1624 1708 devotionem
1641 1633 1753 1710 fidelis
1769 1636 1876 1710 nostri

464 1758 644 1832 Humberti
661 1759 705 1831 de
721 1757 857 1828 Thoiria
874 1780 978 1851 qnam
994 1766 1108 1829 nostre
1127 1758 1294 1850 majestati
1308 1756 1468 1830 exhibuit
1484 1768 1519 1830 et
1535 1759 1571 1830 in
1589 1769 1762 1852 posterum
1778 1780 1876 1832 sem-

463 1904 526 1978 per
557 1889 708 1976 prestare
730 1879 881 1952 creditur
902 1881 1004 1975 piena
1030 1878 1212 1972 fidelitate,
1243 1879 1467 1952 concedimus
1485 1882 1517 1952 ei
1543 1881 1616 1954 duo
1643 1881 1792 1978 pedagia
1807 1904 1876 1977 que

466 2007 603 2078 tenebat
622 2003 815 2098 Stephanus
840 2003 884 2075 de
902 2004 1024 2076 Vitiare
1046 2004 1152 2096 regali
1171 2003 1376 2076 authoritate
1398 1991 1433 2074 in
1455 2005 1652 2078 retroteudo
1669 2005 1713 2076 ab
1734 2005 1876 2099 imperio

464 2127 628 2222 deinceps
645 2126 805 2213 tenenda,
821 2147 929 2196 unum
948 2126 982 2196 in
995 2126 1279 2220 carratapublica
1291 2126 1392 2218 juxta
1406 2127 1672 2199 Ambroniacum
1689 2151 1752 2200 sex
1763 2128 1877 2202 deua-

464 2254 592 2324 riorum
607 2250 652 2323 do
669 2248 823 2338 Francia,
842 2249 1014 2342 reliquum
1033 2249 1068 2319 in
1087 2249 1230 2320 flumine
1252 2249 1369 2320 Araris
1387 2249 1482 2345 apud
1505 2249 1667 2322 Trevonx
1685 2271 1749 2322 sen
1767 2251 1876 2324 dena·

465 2377 606 2448 riorum.
628 2373 683 2446 Ad
697 2373 761 2444 heo
772 2371 818 2444 ad
836 2383 1049 2467 posterorum
1063 2373 1219 2444 notitiam
1240 2373 1421 2468 pervenire
1439 2373 1600 2445 volumus
1615 2372 1712 2468 quod
1726 2374 1878 2469 prefatus

465 2500 674 2572 Humbertus
696 2495 846 2590 quedam
873 2495 999 2568 allodia
1017 2518 1081 2568 sua
1107 2496 1205 2568 dedit
1229 2496 1265 2568 in
1286 2497 1546 2592 proprietatem,
1571 2498 1702 2570 scilicet
1729 2509 1878 2572 casuum

467 2622 629 2716 Vareggii
646 2630 679 2693 et
693 2620 846 2713 similiter
861 2641 902 2692 ea
920 2641 990 2712 que
1007 2618 1181 2692 Amedeue
1199 2620 1244 2693 de
1260 2620 1439 2692 Coloniaoo
1456 2629 1548 2693 tenet
1563 2621 1608 2693 ab
1628 2621 1750 2694 eodem
1766 2623 1879 2694 Hum-

469 2749 580 2838 berto,
602 2744 730 2816 scilicet
748 2744 965 2816 medietatem
980 2744 1081 2816 castri
1098 2745 1213 2816 Sancti
1226 2743 1365 2816 Andree
1377 2755 1411 2817 et
1424 2751 1581 2839 quartam
1598 2754 1728 2840 partem
1742 2747 1879 2842 varagii

471 2879 506 2942 et
521 2869 662 2962 insuper
679 2867 793 2939 omnia
810 2889 850 2938 ea
865 2887 934 2960 que
946 2865 990 2938 ab
1006 2866 1128 2939 eodem
1143 2866 1331 2939 Humberto
1344 2875 1501 2939 tenentur
1515 2868 1551 2938 in
1566 2868 1745 2964 parrochia
1759 2869 1879 2942 Ponoi-

472 2993 570 3066 nansi
588 2993 640 3089 (t)
663 2992 803 3063 nomine
824 2990 919 3062 teudi
940 2991 1014 3062 sive
1035 3011 1097 3084 per
1112 2989 1242 3062 dictum
1259 2989 1453 3064 Amedeum
1474 2992 1549 3063 sive
1570 3013 1632 3086 per
1652 2993 1880 3087 aliumquem-

472 3137 641 3211 cumque,
658 3114 738 3187 data
755 3114 885 3186 suntin
899 3114 1139 3208 proprietatem
1162 3113 1199 3184 in
1215 3113 1361 3210 imperio
1380 3114 1425 3188 ab
1443 3115 1518 3210 ipso
1536 3115 1745 3206 Humberto;
1765 3117 1880 3192 omnia

471 3263 554 3314 vero
584 3239 739 3335 predicta
764 3259 833 3332 que
857 3258 878 3308 a
903 3239 1033 3332 prefato
1066 3237 1256 3310 Humberto
1285 3238 1321 3310 in
1345 3239 1587 3334 proprietatem
1611 3238 1825 3332 recepimus,
1847 3249 1882 3315 et

472 3364 585 3436 eidem
610 3361 841 3436 concessimus
869 3360 1007 3434 nomine
1033 3359 1128 3432 feudi
1149 3381 1285 3455 semper
1310 3361 1356 3432 ab
1382 3361 1526 3456 imperio
1553 3361 1701 3434 tenenda
1719 3359 1787 3458 (o);
1810 3371 1882 3436 sta-

471 3497 607 3558 tuentes
619 3495 654 3558 et
671 3484 878 3557 authoritate
893 3484 988 3576 regia
999 3505 1060 3578 per
1075 3493 1266 3578 presentem
1283 3483 1432 3555 divalem
1449 3493 1482 3555 et
1494 3485 1738 3580 pragmaticam
1755 3485 1883 3558 eonsti-

471 3611 637 3683 tutionem
662 3607 802 3680 firmiter
819 3607 1043 3701 precipientes
1066 3616 1105 3677 ut
1121 3608 1215 3678 nulla
1231 3607 1372 3680 omnino
1391 3628 1537 3704 persona
1560 3609 1627 3680 alta
1644 3609 1699 3681 vel
1716 3609 1879 3701 humitis,

471 3735 636 3808 secularis
650 3733 706 3804 vel
721 3731 970 3820 ecclesiastica,
992 3740 1110 3801 contra
1122 3729 1323 3823 hujusmodi
1338 3731 1456 3826 scripti
1470 3732 1576 3804 nostri
1590 3733 1748 3828 paginam
1761 3735 1882 3806 venire

471 3859 527 3930 vel
544 3879 619 3930 eam
638 3857 754 3949 aliquo
773 3855 876 3926 modo
898 3854 1082 3946 infringere
1100 3863 1286 3948 presumat.
1306 3855 1406 3939 Quod
1423 3855 1483 3949 qui
1506 3858 1616 3928 iacere
1637 3857 1883 3950 presumpserit

471 3979 700 4076 qnadraginta
717 3978 821 4050 libras
837 3977 912 4050 auri
928 3997 991 4072 pro
1010 3999 1097 4072 pena
1110 3985 1310 4072 componat,
1325 3977 1544 4051 medietatem
1564 4000 1700 4052 camere
1717 3990 1832 4053 nostre
1846 3989 1895 4053 et„

512 4145 554 4226 (a)
576 4147 612 4208 In
624 4147 765 4223 impresso
779 4139 905 4206 tenendi.

472 4439 562 4493 mento
575 4433 676 4491 mentio
689 4430 728 4488 fit.
745 4431 821 4486 Anno
836 4431 906 4485 rste
921 4429 1045 4497 decessit,
1060 4429 1188 4486 relictisa
1203 4427 1322 4487 Beatrioe
1337 4429 1372 4487 de
1381 4429 1555 4502 Fauoigniaro
1569 4429 1719 4488 flumberto
1730 4431 1765 4488 111
1777 4437 1805 4488 et
1815 4430 1883 4504 plu-

470 4532 545 4588 ribus
555 4531 615 4587 aliis
628 4527 728 4586 liberis.
743 4527 785 4585 cf.
803 4527 980 4598 Gnrcssraou,
996 4525 1079 4596 ibid,
1095 4526 1203 4582 contin.
1216 4527 1313 4583 tertiae
1321 4529 1429 4602 partia,
1442 4543 1471 4601 p.
1486 4531 1540 4586 ito
1551 4535 1579 4585 at
1590 4543 1668 4602 seqq.

507 4628 544 4702 (t)
562 4625 669 4684 Scilicet
681 4625 797 4694 Porcia,
814 4624 841 4679 in
851 4623 951 4696 Bugcio
964 4623 1157 4697 (dipartsment
1167 4623 1202 4680 de
1215 4621 1304 4698 taint
