4278 5920
488 604 547 667 102
984 597 1198 658 ruinarum
1224 597 1398 660 saccum
1436 592 1442 598 ·
1712 589 1789 683 [aas.
1809 589 1892 660 isat.

486 749 601 812 nostre
618 737 779 832 paginam
801 731 985 829 impetere,
1008 733 1189 805 molestare
1212 734 1269 806 vel
1293 733 1494 829 perturbare
1512 743 1698 827 presumat.
1717 735 1818 820 Quod
1835 735 1894 828 qni

486 861 743 958 presumpserit,
760 868 873 954 preter
883 856 1156 951 indignationem
1170 857 1277 931 nostri
1289 857 1450 930 culminis
1463 880 1569 951 qnam
1586 857 1801 945 incurret-se
1816 881 1894 930 cen-

486 997 560 1058 tum
588 1005 720 1056 marcas
745 981 881 1076 argenti
907 981 1175 1076 compositurum
1201 981 1286 1054 sciat
1313 981 1351 1052 in
1376 1002 1440 1053 sue
1466 981 1665 1054 temeritatis
1687 982 1894 1073 vindictam,

487 1131 634 1205 quarum
651 1106 766 1179 media
782 1128 863 1201 pars
879 1125 1013 1176 camere
1026 1113 1142 1176 nostre
1159 1104 1341 1199 etreliqua
1362 1105 1473 1200 passis
1494 1105 1655 1198 injuriam
1671 1106 1895 1199 persolvetur.

488 1233 543 1306 Ad
559 1233 665 1324 hujus
687 1231 805 1324 itaque
827 1228 1096 1302 confirmationis
1116 1237 1151 1301 et
1168 1227 1384 1322 indulgentie
1404 1239 1520 1302 nostre
1535 1230 1733 1302 memoriam
1750 1239 1785 1302 et
1797 1230 1899 1302 robur

489 1358 710 1453 imposterum
723 1356 923 1446 valiturum,
938 1375 1081 1450 presens
1093 1353 1314 1448 privilegium
1328 1331 1403 1428 deri
1416 1363 1451 1428 el
1464 1354 1577 1449 sigillo
1592 1365 1708 1427 nostre
1716 1355 1900 1447 majestatis

485 1481 651 1575 jussimus
668 1479 835 1552 roborari.
1890 1491 1892 1496 ·

537 1607 654 1676 Testes
679 1603 786 1696 hujus
812 1601 862 1672 rei
888 1609 969 1673 sont
992 1601 1197 1674 venerabilis
1218 1599 1366 1673 Sitridus
1393 1601 1595 1694 llaguutine
1622 1601 1716 1676 sedis
1733 1601 1902 1696 archiepi-

489 1749 627 1822 scopus,
642 1727 759 1798 Siboto
772 1723 1017 1816 Augustanus,
1031 1725 1069 1795 L.
1080 1724 1342 1797 Wormatiensis
1357 1725 1527 1821 episcopi,
1543 1725 1721 1799 Comedus
1734 1727 1902 1819 burcgra-

489 1853 570 1922 vius
589 1849 634 1923 de
649 1849 878 1936 Noerinberc‚
897 1869 1012 1920 comes
1029 1847 1191 1920 Albertus
1207 1857 1241 1920 et
1257 1869 1373 1920 comes
1388 1847 1556 1922 lludollus
1579 1850 1699 1922 iratres
1719 1849 1764 1923 de
1785 1849 1903 1922 Haus-

490 1997 593 2072 pnrc,
614 1995 731 2046 comes
745 1971 927 2045 Heinricus
945 1971 989 2044 de
1005 1971 1148 2062 Werde,
1165 1971 1339 2046 Gotlridus
1352 1972 1398 2045 de
1410 1971 1622 2064 Hohenloch,
1643 1973 1843 2047 Wollradns
1858 1973 1903 2047 ds

490 2098 683 2188 Crutheim,
699 2097 819 2190 Boppo
838 2094 883 2168 de
897 2097 1038 2167 Durnen
1054 2095 1205 2188 nobiles,
1220 2095 1397 2169 Conmdns
1415 2097 1580 2192 pincerna
1598 2094 1643 2170 de
1663 2097 1902 2187 Wintherstet,

491 2221 669 2294 Conradus
697 2219 743 2294 de
765 2217 986 2311 Smidelvelt,
1013 2219 1196 2291 Heinricus
1225 2219 1434 2292 marscalcus
1460 2217 1505 2292 de
1528 2219 1768 2316 Bappenheiu‚
1797 2219 1906 2293 Eber-

491 2345 623 2418 hardus
638 2344 683 2417 de
696 2344 1004 2437 Herringesberge,
1031 2343 1232 2438 Remungos
1251 2342 1297 2417 de
1316 2342 1564 2435 Camersteine‚
1586 2341 1849 2434 ltindesmnlus,
1872 2354 1908 2416 et

492 2469 550 2542 alii
568 2469 803 2561 quamplures.

541 2593 685 2687 Signum
701 2589 831 2662 domini
849 2589 956 2662 nostri
974 2587 1137 2662 Friderici
1158 2589 1323 2681 secundi,
1343 2590 1406 2664 Dei
1422 2592 1531 2684 gratia
1549 2589 1765 2664 invictissimi
1781 2591 1907 2664 lloma·

494 2737 616 2788 norum
642 2713 857 2810 imperatoris
883 2735 1018 2809 semper
1049 2715 1206 2809 augusti,
1234 2716 1420 2789 Jerusalem
1445 2724 1480 2788 et
1504 2714 1616 2788 Sicilie
1638 2714 1742 2808 regis.
1771 2713 1909 2810 (liono-

491 2837 675 2935 promoto.)

498 3035 501 3040 .
545 2965 632 3034 Acta
650 2967 732 3033 sunt
746 2958 811 3032 hec
832 2980 923 3033 anno
939 2958 1118 3033 dominice
1132 2959 1379 3033 incarnationis
1399 2959 1581 3034 millesim'o
1600 2958 1837 3034 ducentesimo
1851 2962 1910 3032 tri-

496 3089 624 3160 cesimo
640 3085 806 3178 septimo,
834 3103 954 3156 mense
978 3084 1138 3177 augusti,
1159 3083 1294 3158 decime
1318 3083 1530 3176 indictionis,
1551 3085 1742 3180 imperante
1766 3083 1907 3157 domino

497 3223 611 3283 nostro
641 3206 813 3280 Friderioo
846 3205 1021 3294 secundo,
1053 3207 1113 3278 Dei
1145 3207 1254 3302 gratia
1287 3207 1518 3281 Romanorum
1547 3208 1752 3304 imperatore
1776 3229 1910 3304 semper

497 3344 667 3430 augusto,
697 3330 883 3404 Jerusalem
907 3341 941 3403 et
967 3330 1081 3404 Sicilie
1105 3352 1205 3425 rege,
1231 3352 1323 3404 anno
1346 3332 1489 3404 Romani
1516 3331 1649 3427 imperii
1674 3334 1750 3426 ejus
1775 3331 1910 3406 decimo

497 3470 640 3546 octavo,
664 3455 850 3528 Jerusalem
869 3453 1069 3548 undecimo,
1087 3456 1185 3548 regni
1203 3476 1287 3528 vero
1303 3455 1418 3529 Sicilie
1437 3455 1607 3529 tricesimo
1623 3475 1737 3545 ιιοιιο,4
1752 3456 1907 3530 feliciter.
1999 3549 2003 3556 ι

498 3585 622 3656 Amen.

547 3707 672 3778 Datum
702 3703 739 3774 in
763 3701 883 3775 castris
909 3700 1005 3798 apud
1032 3699 1316 3796 Bridsrichingen
1334 3699 1403 3799 (t),
1427 3723 1540 3796 anno,
1564 3723 1704 3795 mense,
1723 3701 1912 3778 indictione

500 3828 709 3926 prescriptis.
1901 3833 1904 3844 '

298 4359 476 4467 affigit-pur
555 4335 792 4442 luduicus,
813 4335 1075 4418 Romanorum
1097 4333 1323 4444 imperator,
1347 4345 1508 4421 testatur
1529 4337 1634 4447 quod
1656 4337 1787 4422 civitas
1815 4337 1916 4421 Seli-

336 4472 437 4520 augusto.

505 4530 637 4542 ,--.-..-

541 4629 577 4701 (t)
597 4628 681 4686 llodie
694 4625 886 4700 Brisdrtcltlop
902 4642 951 4686 seu
964 4627 1053 4701 potius
1066 4627 1252 4702 Prtttricliup
1265 4627 1429 4700 indecoris,
1443 4629 1533 4688 casale
1547 4629 1574 4686 in
1589 4629 1677 4688 media
1690 4629 1810 4688 vuinter
1823 4629 1914 4700 Auge

503 4723 766 4800 burgetWindach.
1648 4743 1652 4750 ·
1797 4733 1800 4742 ¹
