4262 5910
515 563 575 626 598
1011 561 1224 624 ruthenici
1245 559 1419 622 suctum
1734 561 1815 641 [dn.
1832 564 1915 626 1239.

563 695 610 763 lie
625 693 795 786 imperiali
811 691 969 766 mandato
983 694 1072 786 soem
1082 715 1145 788 per
1159 692 1359 786 mcputrum
1373 693 1414 764 u.
1438 691 1480 764 de
1499 692 1647 785 trajecto
1664 694 1800 788 suipsit
1818 699 1861 770 G.
1880 697 1916 768 de

515 818 780 1025 cuh'er'htd‘dricus,
799 945 881 1027 etc,
902 937 1034 1011 Cressio
1050 933 1256 1010 Amalfitano
1275 936 1322 1010 do
1341 936 1459 1032 Capua
1480 936 1668 1012 mmerario
1680 937 1831 1033 Aprutii,
1852 950 1915 1014 etc.

516 1061 600 1134 Cum
631 1059 803 1134 debonis
830 1061 990 1155 presutiis
1013 1061 1048 1132 in
1076 1059 1173 1132 curia
1201 1069 1315 1134 nostra
1338 1060 1488 1134 velimus
1517 1059 1657 1152 boberri,
1683 1060 1841 1136 fidelitati
1864 1073 1918 1136 tue

516 1181 740 1279 precipiendo
763 1183 970 1256 mandamus
994 1193 1166 1278 qustum
1185 1182 1344 1256 invenias
1367 1184 1412 1258 ds
1433 1183 1535 1256 bonis
1558 1185 1721 1280 presutiis
1740 1207 1856 1282 usque
1877 1187 1918 1259 ad

517 1305 718 1397 ducentum,
735 1313 770 1378 et
783 1327 843 1378 eos
856 1329 935 1378 cum
955 1305 1223 1403 propinquiores
1239 1305 1380 1398 crimus,
1401 1306 1448 1382 ud
1465 1309 1597 1382 oudam
1614 1319 1766 1384 nosham
1784 1309 1919 1384 studeas

517 1429 701 1504 destinare.

565 1555 689 1628 Datum
706 1553 859 1644 Sar-mni,
878 1553 972 1626 xvlt
986 1549 1190 1646 decembris,
1209 1552 1285 1628 xiil
1301 1551 1511 1628 indictionis.

800 1859 1643 1874 mma-“Qun
1654 1863 1720 1874 ..ιι-

393 2206 428 2238 ω
571 2119 793 2202 Mandatum
821 2118 871 2200 sd
896 2117 1145 2226 justitiarium
1171 2117 1308 2202 Terrae
1335 2118 1491 2202 Laboris
1518 2145 1568 2202 ne
1597 2145 1716 2231 equos
1744 2129 1851 2232 aptos
1875 2122 1920 2202 ud

519 2275 626 2333 armo
651 2277 674 2333 n
691 2249 900 2361 peregrinis
918 2249 993 2331 emi
1015 2259 1053 2332 et
1077 2249 1225 2333 extrahi
1242 2251 1454 2360 permittat,
1473 2261 1639 2336 caeteras
1657 2263 1786 2336 tamen
1808 2279 1918 2336 oom-

517 2383 718 2466 mnditntes
736 2381 829 2490 ipsis
846 2391 1132 2490 procuraturus.

600 2596 728 2677 (licceat.
743 2595 845 2674 imper.
861 2591 980 2656 metm
995 2593 1034 2670 11,
1050 2594 1102 2656 iot.
1120 2597 1318 2674 toverso31n
1330 2594 1402 2656 edit.
1417 2593 1554 2670 Carnam,
1569 2611 1601 2673 p.
1616 2596 1701 2674 tos.)

567 2783 613 2850 iic
629 2779 797 2874 imperiali
810 2779 965 2852 mundato
980 2782 1069 2872 [acto
1082 2801 1144 2875 per
1157 2781 1356 2874 coquerem
1372 2781 1566 2852 Rsccordnm
1579 2781 1619 2852 de
1634 2783 1783 2874 Treiecto
1795 2781 1920 2874 scripsit

519 2906 559 2978 G.
581 2906 620 2976 de
634 2904 788 2976 Cuscntic
803 2931 813 2975 .·

566 3029 780 3118 Fredericus,
798 3037 881 3119 etc,
900 3025 1066 3099 Riccardo
1085 3025 1130 3098 de
1142 3027 1358 3122 Montenigro
1372 3027 1556 3120 justitiario
1570 3029 1673 3100 Teme
1685 3013 1841 3118 laboris,
1856 3037 1918 3098 etc.

516 3151 743 3245 Benignitate,
761 3157 827 3220 etc.
844 3151 894 3222 De
904 3149 1031 3220 notulis
1044 3157 1159 3220 autern
1171 3157 1206 3220 et
1221 3147 1298 3220 aliis
1310 3149 1450 3220 culmini
1464 3159 1580 3221 nostro
1594 3150 1708 3221 missis
1725 3172 1796 3244 qne
1810 3151 1920 3222 nuncii

518 3273 831 3368 crucesignatorum
846 3269 1019 3364 ferebant,
1034 3277 1170 3362 gratnm
1181 3271 1265 3343 satis
1278 3271 1463 3343 habuimus
1475 3281 1510 3344 ct
1528 3281 1625 3344 tuum
1642 3271 1678 3343 in
1693 3271 1760 3344 boc
1775 3271 1922 3345 studium

517 3408 552 3472 et
567 3395 833 3470 sollicitudinem
855 3393 1147 3468 commendamus.
1167 3395 1218 3468 De
1235 3395 1426 3492 peregrinis
1444 3405 1558 3470 autem
1578 3395 1639 3492 qui
1660 3396 1749 3468 sicut
1763 3397 1923 3493 scripsisti

517 3521 675 3592 nituntur
693 3539 803 3614 equos
823 3539 957 3606 emere,
975 3525 1015 3589 nt
1036 3537 1096 3590 eos
1114 3515 1160 3591 de
1183 3539 1292 3612 regno
1307 3515 1546 3609 extraherent,
1564 3530 1599 3591 et
1620 3529 1658 3591 tu
1679 3519 1747 3592 boc
1767 3513 1839 3592 deri
1857 3541 1922 3592 non

516 3644 710 3739 permictis,
729 3649 907 3735 acceptum
928 3639 1089 3713 ducimus
1109 3639 1205 3734 quod
1221 3641 1271 3714 sic
1289 3641 1390 3734 iscis,
1411 3639 1567 3714 fidelitati
1584 3651 1643 3714 tue
1660 3640 1814 3715 districte
1827 3665 1923 3714 man·

518 3767 640 3842 dantes
662 3765 758 3862 quod
780 3787 841 3860 per
863 3763 967 3836 tnta'm
987 3761 1265 3857 iurisdictionem
1291 3772 1386 3836 tuam
1410 3760 1558 3837 inhiberi
1582 3759 1689 3838 iacias
1714 3775 1749 3838 et
1768 3777 1924 3838 exactam

518 3891 675 3965 adbiberi
694 3891 861 3962 cautelam
878 3886 975 3981 qnod
996 3886 1169 3982 peregrini
1191 3887 1258 3982 ipsi
1276 3889 1390 3960 nullos
1407 3908 1517 3982 equos
1532 3886 1594 3981 qni
1614 3887 1683 3958 sint
1704 3889 1761 3960 vel
1778 3889 1925 3983 quiesse

519 4013 649 4110 possint
667 4013 736 4107 apti
755 4009 801 4084 ad
823 4031 937 4102 arma,
958 4009 1195 4103 aliquomodo
1215 4009 1354 4083 valeant
1369 4009 1414 4083 de
1428 4030 1536 4103 regno
1548 4009 1742 4082 extrahere.
1759 4010 1926 4082 Roucinos

519 4149 632 4212 autem
649 4145 682 4210 et
697 4131 898 4228 hujusmodi
914 4135 1125 4226 equitaturas
1143 4132 1227 4204 alias
1242 4153 1314 4226 que
1333 4131 1379 4204 ad
1393 4153 1487 4206 armo
1505 4153 1574 4206 non
1596 4133 1751 4225 valeant,
1768 4133 1925 4205 volumus

521 4269 559 4334 ut
574 4259 772 4355 peregrinos
798 4257 892 4352 ipsos
916 4275 1048 4347 emero,
1065 4263 1099 4330 et
1112 4256 1209 4328 salvo
1225 4255 1304 4348 J'ure
1323 4255 1417 4328 curie
1434 4263 1549 4328 nostre
1568 4275 1687 4328 secum
1702 4253 1837 4329 deisrre
1850 4275 1924 4350 par·

470 4445 474 4452 .
520 4384 657 4476 mictas,
679 4382 902 4476 complaceat
918 4379 1017 4452 nobis
1036 4387 1075 4451 ut
1091 4377 1264 4475 peregrini
1280 4379 1345 4474 ipsi
1359 4379 1396 4450 in
1411 4400 1519 4472 reguo
1534 4387 1650 4452 nostro
1666 4377 1924 4453 commoditates

521 4528 601 4578 suas
621 4505 800 4578 inveniant
817 4513 852 4577 et
866 4503 1014 4576 habeant
1028 4511 1130 4598 prout
1142 4501 1241 4576 decet
1259 4502 1294 4574 in
1309 4503 1484 4597 premissis
1500 4513 1535 4576 et
1552 4501 1647 4593 aliis,
1664 4509 1732 4575 etc.

570 4633 692 4702 Datum
709 4627 804 4724 apud
820 4629 932 4718 Pisas,
953 4627 1049 4700 xxii
1062 4625 1272 4719 decembris,
1290 4625 1367 4698 Xlll
1385 4625 1596 4700 indictionis.
