4246 5906
197 627 295 691 luorcr.
313 626 373 710 la]
646 623 842 688 HISTORIA
868 623 1159 686 llll’LObill'l‘lGll.
1548 623 1608 686 559

197 764 243 839 ad
264 785 389 837 manus
406 771 501 856 tuas,
523 771 557 835 et
573 769 656 834 tunc
677 785 720 836 ea
732 761 837 834 iacias
855 759 965 852 dirui,
982 783 1043 856 per
1061 781 1209 856 quorum
1232 757 1450 832 diruitionem
1470 759 1609 853 quietus

197 895 305 960 status
331 887 482 982 regionis
507 895 543 960 et
566 897 681 958 nostra
703 885 935 980 indempnitas
959 895 1181 981 procuretur3
1206 883 1389 976 diligenter
1415 881 1608 957 adtendens

199 1010 295 1106 qnod
317 1011 487 1106 incipiens
512 1007 560 1082 sis
584 1029 727 1082 securus
753 1030 798 1081 ne
822 1008 964 1082 decidas
987 1011 1031 1082 ab
1056 1008 1213 1104 inceptis.
1237 1009 1288 1080 De
1314 1015 1459 1079 baculu
1483 1029 1545 1102 per
1575 1019 1608 1082 tc

198 1144 298 1230 copto
314 1133 411 1229 qnod
429 1132 550 1207 civitas
566 1133 708 1206 Reatina
726 1131 773 1205 ad
786 1133 926 1206 servitia
942 1143 1055 1206 nostra
1078 1132 1196 1206 veniat
1210 1133 1265 1205 vel
1283 1131 1395 1203 saltim
1408 1131 1504 1225 qnod
1519 1153 1609 1227 pape

197 1259 333 1332 resistat
352 1267 386 1331 et
412 1280 433 1330 a
460 1277 524 1330 sno
547 1255 687 1329 servitio
711 1256 947 1347 subtrabatur,
969 1257 1132 1329 volumus
1156 1255 1253 1350 quod
1275 1254 1453 1349 expendas
1475 1254 1520 1328 de
1542 1278 1609 1352 pe·

197 1383 301 1456 cunia
319 1389 451 1472 nostra,
466 1401 583 1454 curum
598 1379 780 1452 habiturus
794 1389 830 1454 et
840 1379 994 1453 studium
1008 1381 1156 1475 qualiter
1170 1387 1334 1452 tractatus
1350 1380 1427 1452 tulis
1440 1378 1485 1452 ad
1504 1377 1608 1452 finem

196 1505 351 1577 obtutum
372 1513 406 1577 et
432 1503 588 1577 debitum
607 1503 826 1576 deducatur:
848 1504 933 1576 tales
956 1504 1049 1576 euim
1076 1524 1248 1599 expensas
1272 1502 1461 1577 commodis
1483 1505 1608 1577 nostris

195 1628 399 1701 ascribimus
416 1629 620 1700 fructuosas.
640 1629 689 1700 Dc
704 1626 832 1699 Mathia
848 1637 972 1722 nepote
986 1647 1074 1722 papo
1091 1625 1261 1720 capiendo
1276 1627 1387 1721 placet
1405 1627 1505 1700 nobis
1522 1637 1608 1702 trac

196 1759 288 1823 tatus
304 1750 462 1842 babitus,
479 1759 514 1824 ot
538 1773 618 1822 cum
634 1751 682 1824 ad
704 1749 808 1823 linem
835 1750 1012 1824 devenerit
1036 1751 1112 1844 plus
1135 1749 1295 1845 placebit.
1321 1750 1429 1823 Cures
1452 1752 1558 1842 igitur
1574 1763 1609 1825 ot

196 1875 331 1948 labores
345 1882 384 1946 ut
401 1875 437 1946 in
456 1875 615 1970 captione
631 1877 707 1967 ojus
723 1883 840 1947 nostra
854 1874 944 1946 sicut
961 1875 1103 1948 effectos
1116 1874 1330 1969 complaceas
1345 1875 1532 1968 majestati,
1548 1875 1609 1970 qui

196 2019 257 2094 per
273 1997 415 2093 aliquod
430 1998 525 2072 uliud
541 1998 723 2071 servitium
741 2020 810 2070 non
828 2019 947 2092 posses
959 1999 1084 2071 nostris
1099 1997 1295 2094 aspectibus
1313 2007 1347 2070 to
1367 1997 1512 2071 reddere
1531 2021 1608 2093 gra·
1718 2054 1721 2060 ·

196 2123 330 2196 tionem.
351 2123 402 2196 Da
422 2143 518 2196 mora
536 2131 596 2196 tua
611 2141 671 2217 per
685 2123 781 2216 regni
795 2120 945 2195 confiniu
968 2124 1081 2218 placet
1100 2123 1201 2196 nobis
1225 2131 1265 2195 nt
1279 2121 1489 2216 ubicumque
1507 2121 1608 2196 vides

197 2247 322 2320 nostris
338 2247 488 2320 servitiis
505 2243 689 2341 expedire,
710 2267 773 2340 per
796 2256 910 2340 partes
932 2246 1027 2341 ipsos
1052 2247 1213 2335 moreris,
1237 2246 1313 2317 sive
1330 2245 1426 2342 apud
1444 2247 1608 2320 Sanctum

196 2365 423 2460 Germanum,
439 2355 563 2442 sivein
580 2367 723 2458 Marsis,
744 2390 806 2441 seu
822 2367 979 2464 Aprutio,
994 2369 1040 2441 ita
1056 2367 1153 2463 quod
1163 2376 1279 2464 partes
1298 2369 1372 2464 ipsc
1385 2370 1500 2464 sepius
1519 2372 1609 2443 sicut

196 2495 364 2591 expedire
379 2493 509 2569 videris
525 2496 718 2568 visitentur.
738 2497 787 2567 De
801 2505 912 2568 castro
923 2495 1058 2589 Peperi,
1076 2494 1172 2589 quod
1191 2494 1260 2566 huo
1272 2517 1384 2588 usqne
1403 2495 1608 2571 Tholomeus

196 2618 242 2693 de
259 2619 463 2692 castellione
478 2619 655 2714 quondam
667 2619 871 2712 justitiarius
886 2617 1022 2714 Aprutii
1039 2620 1165 2692 lecerat
1180 2615 1375 2710 custodiro,
1393 2620 1554 2692 uolumus
1569 2631 1609 2692 ut

196 2743 285 2816 illud
300 2743 345 2815 ad
364 2763 487 2814 manns
505 2753 639 2816 nostras
655 2743 817 2836 recipias,
834 2751 868 2814 et
890 2751 1020 2814 statuas
1048 2741 1210 2814 custodiri
1230 2744 1435 2837 competenti
1451 2744 1607 2815 servien-

195 2867 282 2938 tium
307 2887 450 2938 numero
473 2866 519 2939 ad
545 2867 654 2961 ipsius
678 2865 870 2939 custodiam
896 2865 1073 2960 deputato.
1093 2867 1142 2938 De
1167 2868 1279 2940 llocca
1302 2868 1347 2940 de
1367 2869 1473 2939 Bncte
1495 2869 1607 2963 posita

196 3012 302 3085 prope
317 2987 464 3063 Rcocam
480 2989 525 3064 de
542 2991 770 3064 Surrucinisoo
780 3045 789 3078 ,
801 2992 916 3086 ‘placet
928 2990 1029 3064 nobis
1046 2999 1085 3062 ut
1101 2991 1183 3085 quia
1196 2989 1258 3062 lilii
1273 2989 1411 3064 Andree
1428 2992 1606 3086 quondam

196 3113 241 3186 de
257 3115 422 3188 llloutoue
436 3113 557 3188 fideles
572 3116 676 3188 nostrl
701 3129 800 3199 sunt,
824 3125 858 3187 et
875 3113 1078 3188 Thomusins
1100 3113 1145 3187 de
1163 3114 1343 3187 Castilione
1360 3113 1472 3187 fidelis
1491 3125 1607 3188 noster

195 3250 266 3329 cst,
282 3238 393 3311 bocca
411 3239 488 3335 ipsa
511 3239 557 3311 ad
572 3259 712 3335 presens
727 3238 772 3312 de
785 3241 939 3334 ipsorum
957 3237 1114 3312 custodia
1129 3259 1198 3310 non
1212 3240 1362 3310 tollatur.
1376 3239 1509 3311 Balinm
1523 3261 1606 3313 vero

196 3359 257 3433 lilii
271 3361 426 3456 ejusdem
438 3361 575 3436 Andrce
587 3363 708 3459 pnpilli
729 3350 823 3457 duod
838 3361 884 3436 ad
898 3362 1028 3434 curium
1051 3370 1202 3435 nostrum
1221 3371 1370 3458 spectat,
1387 3364 1548 3436 volomus
1568 3375 1607 3437 ut

195 3504 259 3578 per
275 3485 316 3556 B.
337 3484 534 3559 Pisciouum
552 3485 773 3580 justitiarium
792 3486 929 3582 Aprutii
949 3485 1127 3580 diligentia
1147 3486 1264 3560 debite
1289 3488 1395 3560 lacius
1414 3490 1603 3584 procurari.

195 3610 340 3683 lloccam
357 3609 401 3683 de
421 3595 691 3685 blacclatumcne
706 3632 769 3707 por
791 3613 831 3683 B.
853 3609 962 3683 lilium
984 3609 1160 3684 Tbolomoi
1178 3609 1223 3684 dc
1240 3610 1421 3684 Castilione
1443 3613 1606 3684 volomus

196 3731 243 3806 ad
269 3753 357 3828 opus
384 3743 540 3808 nostrum
570 3735 751 3824 custodiri,
782 3734 930 3830 presenti
959 3731 1132 3829 te'mpure,
1159 3735 1248 3806 sicut
1270 3735 1374 3806 etium
1401 3731 1467 3808 sibi
1482 3735 1531 3807 ll.
1560 3736 1606 3809 da

196 3855 322 3948 Murra,
343 3865 433 3949 etc,
448 3857 710 3932 custodiendam
728 3843 909 3931 commisit.
926 3845 1184 3953 luqdisitionem
1204 3867 1322 3930 contra
1340 3858 1556 3954 impositores
1573 3869 1608 3933 ot

195 3979 390 4053 collectores
399 3981 502 4072 juxta
516 3980 718 4055 mandatnm
737 3990 892 4055 nostrum
903 3982 1010 4053 focius
1029 3979 1211 4073 diligenter
1226 3988 1260 4052 et
1275 3979 1350 4053 sino
1370 4001 1486 4073 mora,
1504 3983 1607 4075 prout

194 4101 385 4198 expediens
399 4104 614 4178 servitiorum
628 4091 821 4178 nostmrum
840 4102 903 4177 tibi
921 4114 1057 4200 tempus
1071 4103 1233 4194 adducet,
1248 4123 1319 4197 que
1334 4103 1404 4177 buc
1418 4123 1529 4200 usqua
1542 4105 1607 4177 luit

194 4225 283 4298 siem
300 4228 484 4323 scripsisti,
500 4249 560 4325 per
582 4227 650 4301 aliu
671 4237 788 4302 nostra
804 4228 944 4302 servitia
966 4225 1151 4300 retardata.
1173 4229 1224 4299 Dc
1240 4237 1353 4300 castro
1369 4227 1464 4322 quod
1478 4226 1606 4300 dicitur

193 4349 348 4422 Matutin.
372 4353 495 4425 subtus
517 4353 749 4447 Longiannm,
770 4355 806 4424 iu
826 4373 897 4447 qno
921 4346 1052 4425 domini
1074 4351 1165 4422 malo
1188 4371 1226 4423 se
1250 4359 1407 4444 gerentes
1427 4351 1464 4422 in
1481 4351 1606 4423 nostris

193 4474 342 4547 servitiis
363 4474 525 4549 adilicuro
547 4485 826 4572 presumpserunt
842 4475 1070 4570 municipium
1093 4483 1133 4544 ut
1155 4473 1317 4567 scripsisti
1334 4483 1450 4546 contra
1474 4475 1606 4546 consti·

193 4597 366 4670 tutionum
383 4611 576 4672 nostrarum
594 4610 765 4690 tenorem,
786 4601 948 4672 volumus
970 4607 1010 4670 ut
1027 4617 1249 4692 quocumque
1262 4597 1366 4670 modo
1387 4598 1513 4691 puteris
1529 4619 1606 4670 cas-

190 4716 285 4793 'trum
319 4721 433 4818 ipsum
461 4723 508 4796 ad
540 4745 627 4821 opus
657 4735 809 4797 nostrum
838 4724 975 4819 capias,
1006 4734 1045 4795 ut
1075 4720 1205 4796 domini
1234 4723 1300 4818 ipsi
1329 4731 1601 4817 transgressores
