4262 5910
502 742 565 806 aas
990 741 1203 803 carnanter
1226 741 1403 812 sscnanr
1727 739 1806 824 {aa
1824 741 1904 804 tm.

502 873 721 964 eorumdem,
755 875 814 948 cni
849 875 943 970 ipsos
971 876 1077 948 iacies
1102 877 1303 970 passuri
1331 877 1384 948 Tu
1423 895 1509 948 raro
1544 897 1651 970 super
1683 877 1905 950 surienubus

503 997 916 1096 ipsisbonisetidoueis
939 997 1781 1092 mrmieudu,sotiarudis,stuicsnntreum
1805 1001 1905 1094 ples

502 1123 684 1221 predictis,
708 1121 813 1194 talem
838 1119 1106 1194 sollicitudinem
1134 1121 1266 1196 babeas
1290 1133 1331 1196 ut
1355 1121 1520 1196 mandato
1543 1133 1660 1196 noetnu
1683 1123 1787 1218 plens
1809 1145 1904 1197 ccm-

502 1249 594 1346 pleto
614 1255 708 1320 tuam
728 1245 942 1338 diligentiam
961 1245 1256 1320 commendemus.
1275 1245 1495 1340 Significabis
1509 1257 1627 1320 antem
1645 1248 1686 1319 lt.
1706 1247 1755 1320 de
1769 1248 1904 1320 Pnbarn

502 1393 655 1447 mensem
673 1391 744 1464 quo
761 1367 927 1440 solidabis
942 1369 1131 1440 sewientes
1150 1369 1261 1464 ipsos,
1286 1371 1348 1464 qui
1368 1370 1475 1444 debet
1491 1371 1632 1444 mictme
1651 1372 1811 1444 nuntium
1832 1393 1903 1466 spe·

501 1495 625 1568 cialsm
644 1513 724 1566 cum
750 1491 921 1562 frumento
946 1499 1062 1564 noetro
1083 1490 1120 1561 in
1141 1491 1306 1585 predictis
1325 1494 1452 1587 galtis,
1477 1495 1540 1588 qui
1560 1493 1702 1568 eadm
1721 1495 1902 1566 saviata

501 1617 642 1694 debebit
666 1635 729 1712 pro
744 1613 884 1688 duobus
902 1613 979 1686 aliis
1004 1615 1182 1688 mambae
1204 1616 1373 1707 solidare,
1393 1619 1490 1690 utin
1513 1640 1658 1692 numam
1681 1619 1851 1692 mersium
1871 1629 1901 1689 et

500 1741 620 1818 solidis
635 1739 720 1836 ipsis
735 1737 861 1811 dandb
878 1747 993 1810 nostra
1010 1739 1106 1810 curia
1124 1759 1194 1811 non
1213 1739 1407 1814 fraudetur.

549 1867 675 1938 Datum
693 1859 745 1960 [at
760 1858 891 1959 tupru1.

708 2163 798 2178 'nu-

297 2431 462 2534 m
551 2429 711 2512 Litterae
728 2425 965 2536 responsales
991 2426 1040 2506 ad
1059 2423 1308 2534 justitiarium
1330 2425 1467 2508 Terrae
1488 2425 1664 2531 Laboris,
1687 2451 1777 2509 eum
1795 2451 1896 2508 com-

498 2562 721 2642 mendantes
738 2562 787 2642 de
807 2583 987 2668 processu
1010 2583 1127 2668 quem
1148 2569 1280 2640 contra
1296 2557 1472 2640 homines
1494 2559 1695 2640 semitatus
1714 2557 1846 2642 Molisii
1862 2568 1895 2638 et

497 2691 669 2775 Fundani
687 2691 834 2774 dudum
854 2700 1049 2799 suspectos
1075 2689 1264 2772 habuerit.

576 2917 705 2998 (llcpat.
720 2917 822 2996 anper.
837 2913 956 2976 brein.
971 2917 1011 2984 11.
1028 2915 1081 2978 iol.
1096 2925 1135 2978 tt
1153 2933 1254 2990 verm
1268 2919 1299 2977 ln
1312 2917 1384 2978 edit.
1398 2917 1535 2996 caream,
1548 2933 1577 2994 p.
1593 2919 1674 2987 tta.)

544 3115 591 3184 lle
608 3111 764 3184 mandato
786 3109 955 3203 imperiali
971 3112 1061 3202 [octo
1076 3133 1141 3204 per
1160 3111 1356 3204 capistrum
1373 3113 1416 3182 R.
1433 3110 1474 3182 de
1493 3111 1593 3202 Supte
1608 3111 1744 3203 scripsit
1760 3109 1892 3180 Jocabor

496 3235 535 3306 de
550 3239 678 3307 Bactra
695 3233 826 3304 listerus
847 3233 1049 3326 responsales
1065 3259 1075 3303 :

542 3357 764 3449 Fradericus,
797 3365 880 3445 etc,
910 3357 952 3428 tt.
986 3355 1032 3428 de
1054 3355 1268 3448 Montanigro
1297 3356 1488 3447 justiciario
1515 3357 1616 3428 Terre
1642 3355 1801 3444 laboris,
1829 3365 1888 3426 alc.

494 3481 595 3556 Grata
619 3481 701 3554 salis
727 3491 762 3554 et
777 3479 927 3576 benigne
950 3480 1144 3576 recepimus
1160 3479 1295 3552 lictores
1314 3501 1403 3574 quas
1428 3489 1489 3552 tua
1512 3479 1612 3553 nobis
1629 3478 1767 3552 devotio
1787 3477 1891 3551 desti-

493 3607 610 3694 navit,
640 3615 675 3678 et
701 3613 854 3678 tanmem
882 3602 1063 3698 diligenter
1093 3603 1327 3676 intelleximus
1355 3601 1569 3676 earumdem.
1599 3603 1709 3698 Super
1737 3623 1890 3696 processu

493 3739 608 3803 nutem
622 3729 740 3802 habito
757 3739 876 3802 contra
891 3727 1048 3800 homines
1069 3727 1250 3800 comitatus
1267 3727 1391 3800 Molisii
1407 3735 1443 3800 et
1458 3726 1633 3818 Fundani,
1653 3726 1745 3798 sicut
1758 3735 1818 3798 tue
1832 3725 1890 3795 lic·

492 3867 564 3928 tere
581 3853 817 3943 continebant,
835 3853 897 3946 qui
915 3873 961 3924 ex
983 3851 1153 3948 preteritis
1170 3851 1372 3924 excessibus
1389 3849 1523 3922 dudum
1543 3859 1660 3924 eontra
1677 3869 1741 3922 nos
1760 3871 1822 3944 per
1834 3867 1889 3920 eos

492 3989 621 4052 temam
637 3976 837 4073 perpetratis
855 3977 949 4049 curie
970 3985 1085 4048 nostro
1101 3973 1316 4048 reddiderint
1334 3995 1373 4047 se
1389 3983 1583 4070 suspectos,
1603 3971 1758 4054 studium
1775 3983 1810 4046 et
1825 3970 1888 4043 sol·

491 4099 707 4174 licilndinem
730 4107 826 4171 lnam
848 4097 1080 4171 favorabiliter
1099 4097 1401 4186 commendamus,
1421 4107 1457 4169 et
1477 4096 1562 4192 quia
1578 4105 1697 4168 contm
1714 4096 1815 4185 alios,
1830 4093 1888 4188 qui

492 4223 619 4321 inpari
638 4233 719 4296 sunt
734 4223 879 4295 crimine
896 4221 1088 4313 constituti,
1107 4242 1170 4316 pro
1187 4242 1229 4295 ao
1245 4219 1340 4315 qnod
1354 4221 1535 4294 nobiscnm
1556 4229 1731 4292 morantur
1748 4217 1796 4291 ad
1815 4237 1887 4312 pre·

492 4369 571 4424 sens
583 4349 685 4421 simili
705 4345 808 4420 modo
825 4346 1011 4443 procedere
1024 4365 1092 4418 non
1107 4345 1292 4440 temptasti,
1308 4343 1503 4418 celsitudini
1519 4351 1632 4416 nostre
1649 4343 1772 4437 placet.
1788 4341 1886 4413 Voln-

491 4493 568 4544 mus
584 4481 699 4544 tamen
719 4481 759 4543 ut
776 4469 862 4564 qnid
876 4470 922 4543 de
937 4470 1003 4542 illis
1020 4469 1083 4541 tibi
1101 4467 1343 4542 mandavimus
1360 4466 1541 4540 efficaciter
1557 4465 1755 4560 exequaris.

539 4599 662 4668 Datum
679 4595 772 4690 apud
787 4596 893 4682 Pisas,
915 4595 1040 4667 xxvtl
1054 4593 1258 4684 decembris,
1279 4591 1356 4662 Xlll
1372 4589 1580 4664 indictionis.
