4246 5906
508 537 569 600 518
1004 537 1218 602 intuuntur
1242 539 1417 602 SECUNDI
1725 537 1805 617 [dn.
1823 538 1908 600 lm

507 668 703 764 particulari
717 667 818 740 erarii
831 669 937 746 nostri
952 669 988 744 in
1004 671 1160 767 partibus
1172 673 1270 770 ipsis,
1283 693 1345 770 per
1360 693 1441 746 eum
1455 670 1501 744 ad
1510 670 1660 744 erarium
1671 679 1828 744 noenum
1839 673 1912 746 Sai-

508 792 637 866 vetoris
662 789 709 864 ed
727 792 821 866 Mare
837 793 1065 884 mictendam3
1083 795 1131 870 ad
1151 797 1248 892 quod
1268 795 1466 871 iaciendum
1486 795 1516 866 si
1539 815 1621 868 eum
1642 793 1689 866 ad
1712 793 1912 868 mandatnm

508 927 605 988 tuum
621 915 795 990 inveneris
811 916 1043 1012 negligentem
1058 919 1278 1014 adquamnus
1291 941 1355 994 seu
1370 918 1568 1010 remissurn,
1584 940 1656 1012 qua
1668 919 1828 1000 convenit
1841 917 1911 990 dis·

507 1039 664 1111 trictione
685 1039 882 1133 compellas.

555 1163 680 1234 Datum
700 1157 751 1258 [ot
766 1159 901 1260 supch.

556 1287 641 1356 item
654 1285 694 1358 de
705 1289 871 1379 superiori
886 1287 1043 1360 mandato
1059 1287 1190 1382 scripsit
1206 1287 1247 1360 G.
1271 1287 1312 1360 dc
1330 1287 1484 1360 comto
1501 1313 1514 1359 :

556 1403 775 1496 Fredericus,
794 1413 877 1497 etc,
889 1405 1074 1499 justitiario
1089 1406 1190 1480 vellis
1207 1405 1308 1479 Grate
1326 1414 1361 1478 et
1378 1415 1466 1480 terre
1478 1405 1638 1480 Iordane.
1653 1404 1863 1490 Constitutus
1878 1403 1914 1476 in

508 1527 681 1624 presentia
700 1537 816 1602 nostra
833 1529 976 1602 Senator
990 1527 1037 1602 de
1054 1527 1194 1621 dachis,
1212 1527 1325 1602 tidelis
1340 1538 1467 1622 noster,
1483 1529 1646 1626 exposuit
1665 1551 1784 1604 coram
1799 1527 1911 1616 nohis,

508 1651 604 1746 quod
621 1649 667 1724 ad
683 1651 900 1726 vocationem
917 1661 1067 1726 nostram
1091 1652 1215 1726 iactam
1230 1652 1343 1726 eidem
1361 1651 1457 1748 quod
1473 1652 1520 1726 ad
1541 1653 1747 1748 presentiam
1765 1663 1914 1736 nostram

509 1775 703 1868 accederet,
723 1774 811 1848 adeo
827 1797 866 1849 se
883 1776 1080 1848 festinanter
1101 1776 1148 1850 ad
1165 1775 1377 1850 veniendum
1394 1775 1552 1870 accinsit,
1572 1775 1667 1872 quod
1683 1776 1846 1849 officialffl
1861 1776 1915 1849 sui

508 1899 638 1995 quibus
655 1898 866 1993 temporibus
884 1899 1122 1990 justitiariatus
1142 1899 1198 1974 sui
1213 1899 1355 1974 servitia
1370 1909 1486 1974 noema
1498 1921 1561 1996 per
1578 1909 1693 1996 partes
1711 1899 1805 1994 ipsas
1824 1920 1916 1972 com·

509 2023 616 2113 misit,
635 2023 701 2096 sibi
723 2022 769 2096 de
786 2021 907 2096 officiis
920 2044 990 2117 que
1008 2033 1238 2098 exercuerunt
1254 2045 1316 2122 per
1334 2045 1417 2098 enm
1433 2025 1599 2098 rationem
1617 2023 1770 2098 debitam
1787 2044 1916 2118 ponere

510 2145 759 2240 nequiverunt,
781 2165 844 2238 per
869 2165 1017 2238 quarum
1042 2146 1216 2220 rationum
1246 2145 1476 2242 receptionem
1503 2155 1539 2219 et
1561 2145 1700 2218 residua
1725 2166 1796 2240 que
1823 2145 1916 2218 curie

510 2277 628 2340 nostre
643 2265 813 2340 debentur
826 2265 986 2340 distincte
1000 2267 1168 2340 scirentur
1179 2276 1215 2340 et
1228 2268 1316 2341 ratio
1330 2267 1486 2362 ejusdem
1500 2268 1671 2342 senatoris
1683 2267 1833 2340 obscura
1847 2287 1917 2338 non

511 2401 613 2466 esset.
640 2390 807 2474 Quocirca
836 2387 993 2463 fidelitati
1018 2399 1077 2462 tue
1103 2390 1327 2486 precipiendo
1356 2391 1561 2464 mandamus
1588 2400 1759 2485 quatenus
1784 2389 1917 2462 vocetis

512 2536 628 2587 coram
646 2523 679 2585 te
695 2511 755 2606 qui
772 2524 910 2608 propter
924 2511 991 2586 hoc
1006 2513 1133 2586 tuerint
1149 2513 1339 2603 evocandi,
1359 2535 1462 2610 cogas
1484 2535 1544 2588 eos
1559 2515 1649 2588 sicut
1666 2515 1799 2606 justum
1814 2513 1917 2588 inerit

511 2647 551 2708 nt
575 2637 689 2709 eidem
708 2635 863 2708 Senatui
887 2635 932 2708 de
957 2636 1077 2708 officiis
1104 2645 1138 2710 et
1166 2637 1464 2710 commissionibus
1488 2659 1577 2732 quas
1600 2643 1831 2711 exercuerunt
1856 2657 1917 2732 per

512 2781 610 2849 eum,
633 2767 762 2853 ponant
779 2757 948 2852 integram
974 2767 1008 2831 et
1023 2758 1175 2832 debitam
1201 2760 1453 2852 rationem-ita
1469 2770 1584 2834 tamen
1603 2768 1736 2833 actente
1755 2779 1916 2853 procures

512 2883 608 2978 qnod
618 2881 766 2976 pecunia
778 2881 807 2953 si
820 2903 924 2975 quam
940 2873 1102 2956 officiatos
1118 2881 1184 2976 ipsi
1200 2882 1331 2956 inventi
1348 2883 1475 2956 tuerint
1488 2883 1533 2956 de
1544 2881 1663 2956 officiis
1676 2881 1759 2976 ipsis
1775 2880 1912 2970 debere,

513 3027 574 3101 per
601 3003 764 3078 eumdem
788 3014 980 3077 senatorem
1011 3006 1068 3077 vel
1092 3006 1128 3076 in
1155 3027 1262 3078 manu
1289 3005 1405 3079 Iacchi
1429 3005 1475 3080 de
1495 3005 1606 3078 Santis
1630 3003 1783 3076 custodis
1811 3003 1918 3098 parti-

513 3128 640 3200 cularis
657 3127 757 3200 erarii
773 3127 881 3201 nostri
904 3127 949 3200 dc
965 3127 1121 3223 partibus
1144 3128 1247 3224 ipsis,
1268 3129 1401 3224 integre
1422 3136 1458 3204 et
1480 3128 1556 3201 sine
1579 3127 1743 3202 dilatiom
1767 3125 1915 3220 qualibet

513 3252 718 3346 assignetur.

561 3379 688 3448 Datum
706 3373 759 3473 [ot
774 3371 907 3472 supro}

340 3844 453 3953 Diffi,
567 3837 726 3920 Litterae
741 3834 978 3944 responsales
1000 3835 1049 3916 ed
1069 3834 1391 3942 archiepiscopum
1410 3835 1620 3942 Messenae,
1640 3836 1916 3946 congaudentes

316 3951 343 3996 ¹⁸
355 3951 486 3996 ”mm
512 3971 561 4052 de
579 3969 708 4052 future
725 3967 808 4076 ejus
826 3967 865 4048 in
887 3967 1142 4075 patriercham
1165 3966 1518 4076 ierosolymitanum
1535 3967 1782 4076 promotione·

595 4169 722 4251 (depost.
737 4167 840 4248 imper.
855 4165 974 4229 Freder.
989 4169 1030 4248 11,
1044 4167 1097 4228 iot.
1114 4175 1150 4228 ²¹1
1167 4171 1261 4242 metor
1278 4169 1310 4228 in
1322 4167 1394 4229 edit.
1408 4167 1539 4244 Carnam
1551 4183 1581 4246 p.
1598 4167 1681 4247 27⁴.)

562 4346 608 4415 De
623 4341 781 4414 mandato
796 4341 961 4437 imperiali
974 4345 1062 4435 facto
1070 4363 1133 4434 per
1149 4342 1348 4434 nmpistrum
1358 4341 1496 4414 Petrum
1505 4342 1545 4414 dc
1558 4343 1658 4414 Virreo
1669 4340 1803 4435 scripsit
1818 4341 1861 4414 P.
1876 4338 1913 4410 dc

514 4467 563 4536 Co
588 4489 657 4538 uo:

560 4489 766 4674 {ridericus
779 4597 862 4682 etc,
880 4587 1139 4683 archiepiscopo
1154 4587 1326 4660 Messene.
1340 4545 1544 4660 Deuotionis
1560 4595 1619 4659 tue
1631 4585 1795 4659 nuncium
1812 4593 1848 4658 et
1859 4584 1912 4656 lit·
