4224 5898
491 571 553 630 272
990 575 1203 640 Falbnhlcl
1227 579 1400 641 secono!
1715 581 1800 660 [An.
1818 583 1905 652 12³8.

571 705 666 785 (Edit.
679 723 727 786 ap.
739 707 1100 790 erarnsllrrr.,dpirt.,
1113 712 1168 774 llb.
1185 713 1227 792 ll,
1241 729 1308 792 cap.
1324 712 1465 791 XXXIX,
1480 713 1550 775 coll.
1566 729 1636 778 enm
1651 715 1753 778 oodlee
1765 717 1905 781 Blblloth.

609 813 707 874 Cesar.
722 813 929 895 Parls.,soadr
941 816 1156 892 Narro-name,
1172 828 1207 880 n⁰
1221 819 1305 899 202.)

536 975 748 1066 Fridericus,
767 985 834 1050 etc.
860 977 956 1050 Circa
986 1000 1048 1052 vos
1072 989 1188 1054 nostre
1212 979 1492 1055 mansuetudinis
1512 980 1645 1072 zelum,
1671 988 1707 1053 et
1726 981 1818 1055 circa
1841 1004 1904 1056 nos

487 1107 600 1170 vestre
624 1099 819 1172 devotionis
845 1098 1004 1174 ardorem
1035 1101 1208 1175 oredimus
1233 1103 1389 1199 apertius
1414 1103 1512 1196 loqui
1540 1124 1646 1196 quam
1673 1104 1840 1194 scribere,
1869 1117 1903 1177 et

485 1218 606 1294 videre
620 1220 785 1294 libentius
807 1225 969 1320 cupimus
987 1248 1093 1320 qnam
1116 1226 1251 1300 audire.
1271 1227 1495 1299 Exuberante
1508 1235 1744 1298 verumtamen
1759 1227 1903 1300 oblitane

485 1345 695 1439 propositum
717 1355 752 1418 et
774 1347 918 1420 consilio
942 1350 1183 1441 voluntatem,
1200 1349 1400 1424 violentiam
1426 1349 1462 1420 in
1490 1349 1557 1422 hac
1578 1359 1674 1444 parte
1696 1349 1796 1423 nobis
1818 1351 1901 1446 ipsis

484 1465 694 1562 indiximus,
722 1470 784 1563 qni
806 1471 879 1562 regi
908 1493 971 1566 per
993 1472 1080 1545 alios
1100 1473 1224 1546 merito
1246 1473 1491 1567 dedignamur.
1515 1470 1654 1545 Dudum
1676 1473 1803 1545 etenim
1826 1485 1901 1568 post

483 1589 658 1662 obtentam
676 1592 721 1664 de
738 1592 925 1664 rebellibus
943 1595 1070 1666 nostris
1096 1604 1131 1667 et
1156 1595 1291 1690 imperii
1310 1617 1372 1689 per
1394 1594 1625 1666 miserabilem
1644 1603 1678 1666 et
1698 1595 1899 1668 innumera-

361 1781 364 1786 .
481 1712 585 1786 bilem
601 1735 683 1787 vere
698 1723 847 1807 stragem
865 1717 1038 1810 ipsorum,
1058 1719 1240 1812 campestri
1260 1718 1509 1813 disceptatione
1532 1717 1709 1789 victoriam
1730 1727 1766 1790 et
1784 1725 1899 1810 poten·

482 1836 584 1928 tiam,
609 1859 670 1932 per
694 1839 974 1932 subjugationem
993 1840 1319 1934 inexpugnabilium
1347 1841 1548 1927 civitatum,
1567 1860 1638 1933 que
1660 1838 1707 1912 ad
1731 1861 1795 1912 nos
1816 1840 1896 1913 belli

482 1957 680 2033 discrimine
699 1963 878 2057 desperate
894 1964 981 2035 inira
998 1985 1177 2037 murorum
1198 1965 1349 2036 ambitus
1368 1973 1402 2036 et
1425 1964 1559 2036 munita
1575 1963 1729 2036 locorum
1746 1985 1784 2036 se
1800 1973 1895 2058 septa

481 2085 731 2177 concluserant,
743 2109 847 2180 quam
863 2088 1013 2182 primurn
1026 2088 1062 2158 in
1076 2088 1174 2159 exitu
1188 2087 1337 2182 proximi
1350 2087 1553 2160 verisnobis
1564 2087 1724 2182 temporis
1734 2087 1895 2160 habilitas

480 2228 518 2279 se
533 2209 696 2300 ingessit,
717 2233 787 2304 quo
804 2219 960 2304 poterant
975 2222 1108 2284 montes
1124 2233 1170 2283 ex
1182 2211 1443 2306 repercussione
1456 2211 1539 2282 solis
1557 2210 1603 2284 ud
1619 2211 1758 2307 clypeos
1771 2233 1894 2284 aurcos

478 2332 667 2425 refulgere,
688 2334 881 2405 victricium
900 2335 1094 2428 aquilarum
1112 2335 1220 2428 signis
1237 2334 1436 2430 explicitis,
1454 2343 1545 2406 tecta
1562 2333 1744 2406 domorum
1764 2345 1894 2407 nostra·

477 2477 554 2528 rum
573 2467 727 2550 potenter
747 2458 933 2530 exivimus.
957 2458 1073 2530 Castra
1089 2469 1206 2530 nostra
1228 2480 1315 2551 que,
1338 2459 1417 2530 licet
1433 2457 1590 2554 undique
1613 2458 1754 2553 copiose
1775 2457 1894 2531 militie

476 2580 672 2652 muniverat
690 2582 808 2676 copia,
827 2591 1021 2654 nostrorum
1033 2591 1273 2654 verumtamen
1288 2581 1502 2676 Apulorum,
1522 2581 1618 2652 velut
1634 2601 1758 2652 aurum
1770 2579 1893 2653 intex-

475 2711 548 2772 tum
572 2703 706 2791 sericis,
726 2704 880 2798 speciosa
903 2706 1069 2796 juventus
1092 2714 1127 2775 et
1150 2703 1273 2776 llorida
1290 2703 1491 2794 deauravit,
1510 2705 1546 2774 in
1566 2716 1759 2776 nostrorum
1781 2703 1893 2776 rebel·

474 2824 559 2896 lium
576 2825 742 2919 reliquam
767 2825 1069 2923 depopulationem
1092 2825 1292 2900 defiximus.
1314 2827 1365 2899 Ac
1386 2827 1477 2900 duas
1495 2826 1541 2900 de
1561 2827 1686 2900 nostris
1706 2827 1890 2900 rebellibus

473 2950 577 3022 fortes
593 2959 627 3022 et
649 2951 850 3022 fortissimas
871 2951 1046 3039 civitates,
1071 2950 1222 3021 Brixiam
1243 2949 1405 3023 videlieet
1426 2959 1461 3022 et
1482 2949 1747 3038 Alexandriam,
1766 2949 1890 3024 eodem

471 3082 623 3168 tempore
648 3073 770 3148 divisis
793 3083 988 3146 nostrorum
1015 3073 1232 3145 exercituum
1250 3073 1377 3168 copiis,
1403 3075 1455 3146 sic
1480 3074 1644 3146 instanter
1666 3073 1888 3162 obsedimus,

470 3197 521 3269 sic
538 3197 575 3268 iu
593 3207 702 3270 totum
726 3199 961 3271 evastavimus
983 3219 1003 3270 e
1026 3197 1161 3289 vicino,
1191 3207 1230 3268 ut
1253 3197 1298 3269 ab
1319 3194 1556 3269 obsidentium
1571 3197 1691 3268 castris
1709 3196 1755 3270 ad
1772 3217 1891 3270 muros

468 3320 720 3417 quindenarius
738 3322 848 3418 pubes
865 3334 899 3396 et
916 3322 1156 3415 octogenarius
1172 3343 1302 3408 senex,
1325 3321 1519 3415 frequenter
1534 3321 1703 3410 inermes,
1721 3323 1891 3415 projicere

468 3445 617 3541 lapidem
641 3447 875 3541 periculosum
899 3467 968 3518 non
992 3445 1173 3518 crederent
1194 3455 1229 3516 et
1245 3444 1384 3517 difficile
1401 3465 1470 3516 nou
1493 3455 1665 3540 putarent.
1689 3444 1745 3516 Ad
1767 3455 1892 3517 exter·

468 3569 612 3641 minium
638 3592 785 3665 quorum
812 3569 943 3642 idcirco
976 3579 1045 3640 tam
1074 3571 1143 3640 cito
1173 3577 1282 3640 castra
1310 3577 1505 3640 nostrarum
1535 3567 1662 3639 virium
1693 3567 1728 3638 in
1755 3569 1889 3664 campis

469 3693 675 3784 eduximus,
698 3703 736 3765 nt
751 3694 998 3788 pubescentem
1021 3692 1172 3786 ipsorum
1190 3700 1341 3783 εθςοιθιιι
1365 3701 1400 3763 et
1423 3689 1653 3785 lachrymosas
1674 3691 1886 3784 turgentium

467 3818 591 3890 vitium
607 3818 762 3912 palmites
780 3817 981 3890 vastationis
997 3815 1148 3909 gladius,
1172 3815 1301 3886 nullam
1316 3814 1481 3909 temporis
1495 3813 1691 3907 augustiam
1705 3825 1884 3902 metuens,

465 3941 625 4014 licentius
645 3942 860 4032 devastaret,
887 3955 927 4012 ut
946 3961 993 4012 ex
1020 3939 1135 4011 licenti
1157 3947 1351 4010 nostrorum
1373 3937 1525 4010 hostium
1550 3937 1726 4028 vastitate,
1751 3948 1885 4009 tantum

465 4065 564 4137 nobis
588 4064 635 4138 de
652 4065 787 4160 reliquo
807 4073 959 4159 tempore
990 4065 1185 4146 laxaretur,
1212 4062 1380 4134 mutuatis
1402 4060 1448 4133 ad
1474 4059 1623 4132 reditum
1648 4081 1695 4132 ex
1718 4073 1887 4134 autumno

465 4187 589 4260 diebus
605 4189 797 4284 aliquibus,
818 4189 873 4260 vel
892 4187 1129 4259 subtractione
1144 4185 1314 4282 probabili
1332 4184 1529 4274 defalcatis,
1547 4183 1643 4278 quod
1660 4181 1707 4256 ad
1733 4181 1885 4256 delecta·

463 4311 566 4384 bilem
589 4333 720 4384 moram
747 4322 897 4384 nostram
923 4310 1104 4382 vobiscum
1131 4319 1238 4381 totam
1258 4317 1449 4403 presentem
1475 4306 1634 4402 hyemem
1657 4317 1692 4378 et
1717 4305 1886 4400 integram

463 4436 682 4508 haberemus.
700 4437 902 4508 Oblectante
921 4456 984 4507 nos
1002 4445 1116 4506 tamen
1136 4443 1331 4505 nostrornm
1353 4431 1517 4504 continua
1533 4429 1804 4525 depopulatione
1823 4450 1885 4502 re-

462 4558 624 4648 bellium,
647 4579 688 4630 ac
703 4559 925 4652 negociorum
940 4556 1262 4651 supervenientium
1280 4553 1513 4627 sollicitudine
1526 4573 1662 4647 semper
1675 4551 1884 4626 succedente

462 4683 632 4774 negociis,
649 4681 699 4754 sic
715 4681 760 4754 de
783 4681 842 4754 die
867 4681 904 4752 in
926 4679 1019 4754 diem
1043 4681 1179 4752 viscosa
1200 4677 1341 4773 Liguris
1366 4697 1430 4750 nos
1457 4685 1548 4750 terra
1565 4675 1731 4766 detinuit,
1751 4685 1790 4748 ut
1810 4685 1883 4748 'non
