4224 5898
202 595 383 672 10010012]
573 581 580 604 ‘
653 590 850 654 HISTORIA
876 591 1168 655 llle0lllll'l'lGll.
1556 601 1617 664 319

254 733 357 804 Anno
377 728 514 802 Domini
533 727 714 800 millesimo
730 725 965 800 ducentesimo
982 728 1158 822 trigesimo
1183 749 1292 821 nono,
1311 731 1502 808 indictione
1524 735 1617 810 duo-

205 856 354 930 decima.
371 851 547 926 Sententia
565 850 773 924 serenissimi
792 850 923 924 domini
942 851 1049 924 nostri
1065 853 1290 948 imperatoris.
1311 856 1374 926 Die
1394 857 1476 930 lune
1494 862 1616 934 tertio-

204 980 342 1054 decimo
363 978 510 1050 intrante
532 995 651 1048 mense
674 974 794 1066 junio,
823 974 859 1046 in
878 975 1013 1049 Verona
1036 985 1117 1050 ante
1142 978 1321 1052 ecclesiam
1345 979 1437 1054 beati
1468 985 1616 1058 Zenonis

203 1102 425 1190 00010000οἰ0,
446 1101 482 1172 10
500 1098 672 1196 presentia
685 1097 902 1171 dominorum
923 1097 1104 1172 Thomaxii
1120 1102 1255 1174 comitis
1270 1101 1316 1174 da
1333 1099 1467 1191 Cereta,
1485 1107 1613 1182 Thadei

197 1227 328 1317 judicis
353 1224 541 1320 imperialis
565 1223 661 1310 aule,
685 1221 822 1294 lioberti
840 1221 885 1294 (10
914 1221 1092 1296 Cestclone
1115 1224 1329 1318 Aprilorum,
1356 1227 1439 1300 Coni
1463 1227 1508 1302 de
1530 1233 1613 1305 Bra·

202 1359 338 1440 monte,
357 1349 508 1422 hecelini
526 1346 571 1419 de
587 1347 760 1436 Romano,
780 1345 939 1420 Bonifatii
959 1347 1093 1420 comitis
1116 1347 1313 1440 (1οΡ10100,
1331 1350 1456 1424 Verloti
1477 1355 1521 1426 de
1542 1357 1614 1428 De-

201 1473 380 1546 tombertis
392 1472 438 1546 de
454 1471 623 1564 Pergamo
643 1479 725 1540 tunc
740 1467 869 1560 judicis
884 1470 1077 1542 communis
1093 1472 1239 1563 Verona,
1257 1465 1456 1546 Buzac'arini
1472 1475 1517 1548 de
1533 1477 1614 1552 Cas-

200 1605 373 1692 trorupto,
392 1594 560 1688 Galvegni
591 1592 636 1666 (10
659 1593 878 1682 Turisendis,
907 1595 1149 1667 Beneventure
1172 1595 1216 1668 de
1242 1595 1382 1670 domino
1405 1597 1546 1673 Alberto
1568 1603 1612 1675 de

199 1723 329 1794 hlarzio
345 1721 390 1793 de
403 1719 563 1807 Castalio,
582 1717 752 1790 Dominici
768 1715 813 1790 de
826 1718 949 1808 llaxio,
970 1719 1162 1791 Benvenuti
1180 1719 1225 1792 de
1242 1721 1351 1794 llaxio
1366 1731 1470 1818 atque
1488 1725 1612 1800 Ubaldi

199 1847 246 1918 do
263 1845 399 1933 Polioe,
422 1843 508 1916 Boni
534 1841 580 1916 (10
601 1842 744 1935 Pitagna
768 1840 952 1929 causidici,
980 1843 1184 1915 Thebaidini
1209 1843 1254 1918 (10
1278 1845 1435 1938 (1110101,
1462 1849 1612 1925 Gordani

199 1969 430 2058 Coloniensis,
448 1965 632 2039 Archilicie
649 1965 694 2038 de
708 1965 824 2038 Venno
840 1967 997 2058 Sartore,
1015 1967 1183 2040 Gambani
1200 1967 1246 2040 de
1259 1971 1404 2044 ilenrico
1418 1974 1608 2067 Salexesio,

199 2093 412 2168 Constantini
435 2091 496 2164 lilii
514 2089 693 2186 qnondam
716 2090 847 2164 domini
864 2090 1055 2163 Omneboni
1079 2090 1267 2184 causidici,
1289 2093 1610 2170 1100010101011100-

198 2221 276 2310 dio,
293 2217 426 2291 Clarelli
445 2214 877 2302 (101100100100100011011,
899 2214 1042 2288 testibus
1060 2225 1094 2287 01
1112 2216 1201 2289 aliis.
1223 2216 1310 2288 Cum
1332 2219 1509 2314 utriusque
1522 2225 1611 2316 juris

199 2344 326 2438 pagina
350 2339 571 2427 confiteatur,
604 2337 774 2434 approbet
801 2346 836 2410 01
862 2336 1006 2410 affirmet
1031 2349 1070 2410 ut
1092 2339 1251 2412 universi
1272 2349 1307 2412 et
1329 2341 1456 2436 singuli
1482 2346 1608 2420 Roma-

196 2489 323 2541 norum
346 2465 490 2538 subesse
514 2463 665 2536 debeant
685 2462 881 2556 imperatori
896 2461 956 2555 qui
975 2463 1150 2558 temporali
1169 2462 1285 2556 gladio
1305 2465 1410 2538 totius
1431 2467 1525 2540 orbis
1542 2471 1609 2544 oh-

197 2593 308 2665 tinere
325 2590 452 2663 meruit
469 2587 723 2678 monarchiam,
741 2594 776 2658 et
789 2586 892 2658 etiam
910 2595 1074 2680 tauquam
1097 2587 1252 2661 membra
1268 2589 1389 2682 capiti,
1413 2588 1474 2661 lilii
1497 2594 1606 2687 patri,

197 2715 347 2788 humiles
369 2713 460 2786 00001
477 2712 618 2784 domino
637 2711 673 2782 in
696 2710 828 2786 cunctis
846 2709 987 2783 obedire
1012 2709 1156 2783 fideliter
1176 2721 1211 2782 01
1230 2710 1371 2798 devote,
1394 2713 1538 2806 dignum
1558 2729 1610 2790 est

197 2850 232 2912 et
258 2848 527 2912 consentancum
552 2835 692 2926 rationi,
716 2833 836 2928 utqui
856 2835 990 2926 abjecto
1013 2832 1206 2906 devotionis
1233 2845 1269 2908 01
1292 2836 1488 2911 obedientie
1502 2841 1604 2936 juga,

196 2963 347 3054 alicujus
371 2960 583 3034 contumacis
606 2959 663 3032 vel
683 2958 877 3030 rebellionis
902 2958 1085 3047 instinctu,
1108 2969 1225 3031 contra
1250 2960 1432 3054 imperium
1456 2965 1609 3039 cervices

196 3088 331 3160 001010
355 3087 481 3158 laetum
504 3091 707 3180 presumunt
724 3082 907 3172 extollere,
928 3081 964 3152 in
987 3080 1231 3154 detrimentum
1254 3103 1379 3155 corone
1401 3083 1607 3177 predictorie

196 3211 454 3306 conspirantes,
482 3218 516 3280 01
540 3205 663 3300 rigoris
679 3205 884 3278 sententiam
908 3214 942 3278 01
959 3206 1236 3279 subsecutionem
1260 3207 1425 3296 sentiant,
1446 3208 1493 3281 ita
1511 3212 1607 3304 quod

196 3336 263 3430 ipsi
282 3333 328 3407 de
350 3333 517 3406 scelerosa
535 3331 766 3425 presumtione
786 3329 931 3425 perenni
949 3330 1137 3425 penitentia
1154 3339 1188 3402 01
1205 3329 1320 3402 dolore
1344 3333 1379 3401 in
1400 3330 1503 3404 linem
1525 3335 1607 3407 belli

196 3468 422 3554 torqueantur
437 3455 606 3528 etceteris
621 3463 731 3526 100000
749 3463 934 3548 perpetuus
952 3454 1138 3525 incutiatur
1153 3454 1345 3526 consimilia
1361 3457 1602 3549 presumendi;

196 3605 282 3656 sane
297 3581 534 3674 serenissimus
552 3579 712 3673 princeps
730 3587 845 3650 nester
862 3576 1063 3668 Federicus,
1083 3578 1145 3649 Dei
1166 3577 1277 3670 gratia
1292 3579 1521 3652 Romanorum
1540 3581 1605 3654 im·

107 3701 113 3712 '
195 3715 332 3802 perator
350 3725 485 3798 semper
506 3711 693 3796 anguntur,
716 3701 903 3775 Jerusalem
929 3711 963 3773 et
986 3700 1100 3772 Sicilie
1126 3722 1208 3791 rex,
1233 3701 1394 3795 equitatis
1420 3712 1455 3774 01
1473 3704 1605 3796 justitie

195 3830 268 3902 0010
289 3827 432 3916 (100100,
453 3828 489 3897 10
514 3825 680 3898 concione
706 3825 845 3920 publica
872 3827 947 3918 ejus
975 3834 1135 3919 precepto
1159 3823 1206 3896 ad
1232 3845 1355 3896 sonum
1381 3847 1547 3922 campane
1570 3841 1605 3902 01

194 3973 318 4026 vocem
335 3971 522 4048 precanum
546 3949 758 4037 coadunata,
777 3948 906 4022 ibidem
925 3971 986 4043 per
1009 3970 1048 4020 os
1064 3945 1114 4044 (a)
1135 3947 1264 4019 domini
1283 3949 1378 4021 *Petri
1406 3950 1450 4022 de
1476 3952 1599 4040 Vinea,

191 4075 321 4168 judicis
342 4073 529 4168 imperialis
544 4074 642 4164 aule,
671 4073 708 4144 in
724 4070 895 4145 Aaronem
922 4070 1155 4144 marchionem
1181 4071 1402 4164 Hestensem,
1430 4072 1604 4167 11000010-

195 4219 276 4270 nem
298 4195 346 4294 (1)
366 4195 527 4269 comitem
546 4195 745 4282 Vincentia,
766 4195 904 4266 Petrum
928 4194 1085 4266 comitem
1109 4193 1154 4265 de
1172 4194 1394 4285 ldontebello,
1421 4197 1603 4269 llizardum

195 4321 354 4392 comitem
378 4319 493 4391 Sancti
518 4315 1204 4412 Βο01110111100011300100001(10Ρί1110
1225 4326 1259 4388 et
1276 4319 1458 4392 universos
1476 4331 1511 4393 01
1531 4321 1602 4392 sin·

194 4443 296 4536 gulos
316 4441 565 4537 infrascriptos
587 4461 777 4536 eorumque
794 4439 882 4513 lilios
902 4449 937 4513 01
961 4461 1145 4536 sequaces,
1168 4462 1210 4514 eo
1233 4439 1373 4514 domiuo
1400 4444 1603 4539 imperatore

237 4598 279 4679 (a)
300 4601 337 4661 In
348 4602 497 4677 impressis
512 4616 569 4672 eor,
585 4599 673 4660 mulo.

236 4703 278 4785 (b)
300 4707 336 4766 ln
348 4707 497 4784 lmpressls
507 4705 702 4773 1100110000.
716 4704 802 4766 malo.
