4262 5910
512 597 576 660 592
1014 599 1230 662 lnlnsstct
1257 599 1432 661 SECUNDI
1740 597 1820 682 [durs.
1839 600 1925 664 1239.

507 733 630 807 sancti
656 731 840 805 Salvatoris
864 730 910 805 do
932 731 1051 826 lingua
1077 734 1234 806 Messana
1253 733 1376 827 sigillis
1399 733 1448 804 Xl
1470 730 1663 804 habeantur
1687 732 1836 828 signati,
1859 755 1928 808 non

514 867 626 953 potest
635 857 768 950 copiam
784 857 936 950 ipsorum
948 856 1087 946 babere,
1104 879 1185 930 cum
1200 878 1341 930 necesse
1353 856 1421 928 sibi
1435 856 1479 928 sit
1493 877 1555 950 por
1567 875 1628 928 eos
1640 855 1730 928 scire
1741 869 1929 950 proventus

512 994 549 1055 ct
568 980 724 1055 redditus
747 981 890 1054 secretis
914 1003 1021 1076 quam
1041 983 1107 1054 sibi
1128 983 1298 1056 duximus
1319 980 1625 1072 commiclendam,
1643 989 1679 1054 et
1700 981 1785 1073 quia
1803 1003 1928 1055 uem·

514 1105 611 1198 plum
629 1113 877 1199 quatsmorum
897 1105 1048 1199 ipsomm
1067 1105 1163 1200 qnod
1180 1128 1262 1178 oum
1280 1106 1376 1179 omni
1393 1105 1545 1192 cautela,
1570 1103 1742 1197 legalitate
1759 1113 1794 1176 st
1813 1105 1928 1179 studio

515 1229 696 1302 transcribi
709 1229 884 1318 volomus,
900 1228 1013 1302 eidem
1029 1229 1150 1321 Majori
1167 1239 1298 1303 secreto
1309 1230 1473 1303 volumus
1485 1227 1665 1321 assignari,
1680 1225 1725 1300 de
1736 1227 1855 1300 studio
1870 1238 1928 1302 tuo

513 1363 550 1426 ct
568 1351 720 1445 magistri
739 1351 893 1446 Procopii
912 1352 1035 1424 notarii
1052 1359 1088 1424 et
1105 1351 1217 1425 fidelis
1238 1352 1346 1426 nostri
1366 1350 1507 1439 conlisi,
1529 1349 1683 1423 lidolitati
1704 1361 1763 1422 tue
1784 1351 1928 1424 manda·

515 1497 594 1549 mos
613 1484 785 1570 quatenus
798 1475 1021 1570 personaliter
1038 1476 1194 1548 Messana
1208 1483 1243 1548 to
1259 1477 1457 1566 contemno,
1474 1485 1659 1569 quaternos
1681 1474 1854 1569 predictos
1868 1475 1926 1570 qni

513 1599 628 1674 eidem
648 1609 779 1672 secreto
803 1599 930 1673 luerint
951 1602 1111 1695 oportuni
1130 1622 1201 1673 una
1222 1620 1302 1673 oum
1323 1599 1478 1695 predicto
1496 1599 1661 1692 magistro
1684 1599 1851 1694 Procopio
1873 1600 1926 1672 cui

513 1722 698 1796 scribimus
711 1723 867 1796 similiter
879 1745 983 1819 super
995 1723 1074 1815 boo,
1088 1723 1339 1820 exemplificari
1352 1723 1484 1796 faciatis
1495 1743 1610 1796 coram
1622 1722 1722 1796 vobis
1734 1721 1926 1817 perfidelcs

514 1847 686 1936 notarios,
710 1867 814 1920 omne
835 1847 989 1919 studium
1014 1855 1048 1920 et
1069 1857 1388 1941 quantamcumque
1413 1846 1628 1942 diligentiam
1648 1845 1804 1940 poteritis
1827 1844 1926 1918 adbi-

515 1971 650 2061 bendo,
671 1993 715 2043 ne
732 1981 827 2042 tenor
841 1979 1089 2065 quaternorum
1106 1971 1260 2066 ipsoram
1277 1971 1395 2064 aliquo
1410 1969 1515 2044 modo
1531 1969 1639 2065 possit
1653 1991 1715 2065 per
1730 1968 1927 2042 diminmio·

515 2115 595 2166 nem
616 2093 672 2164 vel
691 2113 752 2186 per
772 2091 929 2164 additum
952 2093 1007 2164 vel
1025 2093 1213 2165 verborum
1231 2091 1422 2164 mutatione
1441 2093 1557 2186 aliqua
1577 2092 1704 2166 vitiari.
1729 2090 1816 2164 Cum
1837 2092 1926 2164 enirn

515 2217 655 2292 rescribi
672 2217 817 2305 debent,
837 2215 926 2286 inter
943 2215 1028 2288 alias
1049 2237 1218 2310 quassos
1240 2217 1404 2289 volumus
1424 2217 1459 2287 in
1483 2215 1549 2312 bys
1570 2215 1737 2290 adbibere
1755 2216 1921 2300 maetas,

516 2341 679 2414 volumus
691 2349 730 2410 ut
746 2360 815 2410 non
832 2337 924 2412 detis
939 2339 1031 2433 ipsos
1047 2339 1190 2412 mnluse
1205 2339 1252 2412 ad
1267 2338 1546 2430 rescribendum,
1563 2339 1626 2412 sed
1642 2341 1729 2412 lacta
1745 2349 1783 2412 et
1797 2347 1926 2412 retenta

515 2464 696 2537 vobiscum
714 2481 848 2533 summa
866 2461 1047 2553 cujuslibet
1069 2461 1198 2556 pagine
1216 2462 1349 2534 faciatis
1366 2463 1475 2556 ipsam
1494 2461 1634 2535 rescribi
1649 2469 1685 2534 st
1705 2463 1822 2534 statim
1841 2471 1926 2534 tran-

515 2587 681 2679 scriptum
705 2583 890 2656 abscultari
917 2603 994 2654 com
1019 2584 1086 2656 alia
1110 2583 1139 2657 si
1164 2583 1448 2674 concordasset
1473 2584 1523 2656 sic
1547 2584 1582 2655 in
1609 2593 1711 2656 antea
1735 2584 1925 2674 procedatis

516 2707 620 2781 modo
641 2707 743 2779 simili
761 2706 919 2779 iaciendo
937 2717 975 2778 ut
992 2715 1144 2778 vcstmm
1161 2707 1198 2778 in
1215 2708 1282 2780 boc
1299 2707 1452 2779 studium
1468 2709 1710 2802 approbemus.
1731 2709 1816 2782 Ideo
1835 2710 1924 2782 enirn

515 2831 582 2903 boc
596 2829 696 2902 vobis
711 2829 963 2902 commistimus
978 2829 1062 2922 quia
1077 2829 1205 2901 scimus
1222 2851 1286 2902 vos
1302 2827 1340 2900 in
1356 2831 1483 2903 talibus
1497 2830 1780 2926 circumspectos3
1799 2834 1925 2927 quibus

517 2951 746 3046 transcriptis,
773 2951 972 3046 exemplum
996 2972 1115 3023 eorum
1137 2951 1296 3046 predicto
1313 2961 1444 3025 secreto
1464 2953 1664 3045 assignetis,
1684 2963 1719 3026 et
1735 2957 1924 3028 autenticos

516 3077 553 3150 in
570 3087 682 3150 castro
702 3085 817 3149 nostro
831 3076 989 3154 Messana
1005 3075 1196 3170 reponatis,
1215 3075 1340 3149 vestris
1354 3085 1391 3148 et
1403 3077 1548 3148 aliorum
1564 3083 1757 3150 noslmrum
1772 3077 1923 3152 fideliam
2053 3099 2054 3102 ’

515 3201 637 3294 sigillis
652 3201 815 3272 inclusos.
833 3199 921 3270 Ecce
939 3199 1032 3270 enim
1047 3199 1229 3271 scribimus
1245 3199 1361 3272 eidem
1376 3209 1525 3291 aecoem,
1544 3208 1583 3272 ut
1595 3221 1664 3294 qus
1680 3222 1742 3294 pro
1757 3202 1923 3297 exempli·

517 3323 662 3397 licendis
684 3323 861 3417 quaternis
890 3321 975 3416 ipsis
998 3331 1068 3394 tam
1095 3343 1159 3416 pro
1183 3323 1324 3394 notariis
1347 3343 1452 3416 quam
1478 3321 1556 3395 aliis
1584 3323 1710 3396 luerint
1733 3333 1920 3420 oportuna,

516 3445 699 3519 ministret.
718 3445 908 3518 Scribimus
927 3445 1030 3518 etiam
1050 3445 1266 3538 procumtori.
1279 3453 1313 3518 et
1329 3445 1517 3520 conventui
1535 3447 1678 3520 molesia
1699 3447 1919 3542 supradicte,

516 3580 556 3642 ut
571 3579 753 3664 quaternos
772 3567 944 3663 predictos
959 3567 1062 3640 vobis
1079 3566 1227 3641 debcant
1241 3567 1432 3662 assignare.

566 3695 689 3764 Datum
707 3689 761 3788 [ot
777 3688 910 3788 supro}

566 3817 700 3888 Similes
718 3836 779 3910 per
794 3814 910 3888 omnia
927 3814 1064 3909 scripsit
1079 3815 1242 3908 magistro
1260 3815 1436 3911 Procopio.

566 3941 649 4011 ltom
664 3937 801 4032 scripsit
815 3939 970 4010 Senatori
986 3937 1032 4011 de
1045 3937 1168 4010 Archis
1183 3947 1219 4012 ct
1236 3937 1285 4034 (o)
1304 3939 1489 4012 castellano
1505 3939 1680 4026 Messana,
1700 3947 1739 4010 ut
1756 3937 1924 4033 prodimus

515 4071 701 4159 quaternos
729 4060 886 4154 recipiat,
914 4069 950 4132 et
978 4061 1014 4132 in
1043 4059 1201 4134 tbesaum
1227 4062 1264 4132 in
1290 4071 1404 4135 castro
1431 4061 1507 4156 ipso
1537 4061 1639 4134 iaciat
1664 4061 1924 4156 diligentissime

515 4185 696 4258 custodiri.

564 4311 648 4382 item
665 4307 800 4402 scripsit
812 4305 904 4380 idem
920 4306 966 4379 de
979 4304 1147 4400 superiori
1161 4303 1325 4378 mandato
1339 4307 1551 4402 procuratori
1563 4315 1599 4380 et
1612 4309 1796 4380 conventui
1810 4308 1921 4381 Sardi

514 4432 701 4506 Salvatoris
719 4430 763 4504 de
784 4431 903 4524 lingua
921 4431 1097 4520 Messana,
1118 4439 1157 4500 ut
1175 4429 1350 4525 predictos
1374 4439 1561 4524 quateraos
1582 4429 1694 4502 doaue
1717 4431 1922 4527 supradictis

515 4555 696 4628 'thomasio
716 4553 762 4626 de
779 4551 975 4626 Brundusio
993 4560 1028 4624 et
1046 4553 1209 4646 magistro
1225 4551 1389 4646 Procopio
1406 4551 1554 4626 debeant
1569 4553 1758 4646 assignare.

557 4693 601 4774 (a)
621 4691 1097 4770 senatusconsultum.
