4246 5906
534 609 596 670 544
1033 609 1245 672 rnlnsarcl
1268 613 1440 674 secono}
1757 612 1836 690 [fisa.
1854 613 1939 692 12:³9.

435 789 437 794 -
533 739 634 812 nohis
665 747 860 812 reverenter
889 739 1054 812 obediunt
1080 751 1115 814 et
1145 743 1366 816 devotissime
1396 743 1623 832 famulentur,
1657 741 1799 814 culmini
1827 753 1941 819 nostro

532 863 705 936 humiliter
731 863 967 958 supplicarunt
996 873 1034 936 ut
1060 865 1126 936 sibi
1155 889 1246 939 nove
1273 867 1419 962 pecunie
1449 867 1485 936 in
1515 866 1654 940 civitate
1678 867 1753 960 ipsa
1782 867 1942 942 cudendo

532 987 718 1073 licentiam,
737 1007 807 1079 que
823 985 972 1058 liberalis
990 996 1025 1060 et
1040 987 1134 1060 licita
1149 987 1194 1062 de
1210 989 1377 1084 imperiali
1395 987 1632 1060 antummodo
1646 989 1848 1062 auctoritate
1864 1011 1941 1062 sus·

533 1111 675 1204 cipitur,
697 1109 741 1182 dc
761 1109 994 1184 munificentie
1017 1121 1131 1184 nostre
1152 1112 1263 1204 gratia
1287 1111 1477 1184 concedere
1494 1111 1731 1204 dignaremur.
1748 1113 1818 1184 Nos
1837 1111 1941 1204 igitur

533 1235 687 1306 volentes
710 1235 819 1328 ipsam
846 1243 995 1306 nostram
1020 1243 1055 1306 et
1076 1235 1210 1329 imperii
1239 1235 1412 1308 civitatem
1438 1234 1539 1308 novis
1564 1243 1599 1306 et
1623 1233 1738 1328 dignis
1761 1235 1941 1308 ornatibus

533 1357 708 1447 decorare,
726 1357 902 1450 cupientes
916 1357 1019 1428 etiam
1037 1357 1228 1430 honoribus
1241 1369 1432 1430 nostrorum
1447 1357 1600 1431 fidelium
1614 1356 1759 1430 honores
1771 1357 1938 1450 adjicere,

533 1479 700 1554 beneficia
719 1477 893 1552 beneficiis
915 1479 1057 1569 soliers,
1085 1503 1164 1552 cum
1188 1491 1225 1554 et
1248 1481 1415 1575 quioquid
1435 1481 1570 1554 civitati
1594 1479 1782 1554 Avenionis
1802 1481 1941 1554 honoris

534 1603 667 1678 accedit
682 1611 742 1676 aut
761 1603 1013 1676 commoditatis
1032 1603 1238 1697 acquiritur,
1258 1613 1374 1676 nostre
1390 1603 1583 1676 serenitatis
1601 1603 1770 1697 preconiis
1791 1613 1827 1674 et
1848 1625 1941 1676 coru·

534 1726 670 1823 pendiis
687 1727 888 1821 ampliatur,
910 1727 1045 1820 plenam
1064 1727 1300 1800 auctoritatem
1317 1737 1351 1798 et
1368 1726 1538 1798 licentiam
1559 1724 1709 1798 cudendi
1724 1746 1850 1798 noveru
1868 1747 1941 1798 mo·

534 1860 648 1923 netem
663 1850 699 1920 in
720 1849 842 1922 eadem
864 1849 1004 1922 civitate
1024 1851 1069 1920 ab
1090 1849 1222 1921 eisdem
1239 1850 1364 1921 uostris
1386 1848 1546 1921 fidelibus
1559 1847 1761 1942 postulatam
1777 1847 1822 1920 de
1840 1849 1941 1921 beni-

534 1975 663 2068 gnitate
680 1971 780 2044 solita
793 1983 827 2044 et
840 1971 1075 2044 munificentie
1092 1983 1206 2044 nostre
1220 1974 1331 2066 gratia
1342 1995 1388 2046 ex
1401 1981 1494 2046 certa
1507 1971 1649 2044 scientia
1661 1971 1746 2066 ipsis
1759 1971 1941 2044 liberaliter

534 2098 570 2170 in
593 2106 796 2192 perpetuum
814 2095 981 2167 duximus
1001 2095 1236 2190 largiendam
1264 2105 1452 2168 statuentes
1470 2093 1612 2166 firmiter
1630 2104 1664 2167 et
1683 2094 1850 2190 imperiali
1867 2097 1942 2186 jus·

534 2221 631 2294 sione
654 2221 858 2292 mandantes
884 2217 979 2311 quod
1009 2219 1163 2292 universi
1194 2229 1229 2291 ct
1254 2219 1381 2313 singuli
1406 2218 1586 2314 pecumam
1614 2217 1723 2311 ipsam
1747 2238 1874 2290 novam
1896 2217 1941 2290 de

534 2344 671 2418 licentia
688 2342 873 2434 msJestatis
887 2351 1002 2414 nostre
1018 2363 1216 2436 percussam
1231 2341 1419 2414 incivitate
1435 2339 1618 2413 Arinionis
1634 2347 1674 2412 ut
1689 2341 1774 2413 alias
1789 2351 1942 2414 monetas

534 2490 604 2562 que
632 2487 691 2560 per
719 2486 865 2557 regnum
892 2463 1092 2536 Arelatense
1118 2473 1152 2538 et
1178 2464 1375 2537 Viannense
1402 2461 1667 2556 expenduntur,
1694 2472 1764 2534 tam
1789 2463 1941 2557 recipere

421 2651 424 2658 .
534 2611 640 2685 quam
657 2587 855 2683 expendere
873 2587 1129 2682 inperpetuum
1146 2608 1214 2660 nou
1230 2595 1404 2678 recusent,
1420 2595 1473 2658 set
1490 2585 1731 2658 universaliter
1745 2585 1942 2680 ubicunque

534 2713 666 2806 absque
681 2710 856 2784 dubietate
873 2711 930 2782 vel
947 2709 1215 2783 contradictione
1229 2709 1349 2804 aliqua
1367 2717 1508 2780 utantur
1526 2708 1664 2799 cadem,
1684 2719 1849 2802 tanquam
1867 2731 1940 2782 mo-

535 2846 614 2910 neta
631 2835 769 2930 publica
791 2834 836 2906 ab
854 2833 1023 2928 imperiali
1040 2841 1156 2906 nostra
1178 2833 1358 2926 map'estate
1372 2852 1552 2919 concessa3
1571 2832 1601 2904 si
1623 2853 1706 2904 vero
1724 2834 1841 2926 aliqua
1860 2855 1942 2928 pcr-

534 2957 924 3044 sonaaltavelhumilis,
944 2955 1239 3030 ecclesiasticavel
1252 2955 1432 3046 secularis,
1446 2954 1568 3028 civitas
1578 2975 1640 3027 seu
1652 2976 1810 3048 comune,
1824 2967 1941 3030 contra

534 3085 700 3180 presentis
716 3080 887 3177 privilegii
901 3079 1007 3150 nostri
1025 3089 1177 3152 tenorem
1192 3100 1281 3151 ausu
1295 3077 1477 3152 temerario
1491 3076 1612 3150 venire
1628 3080 1873 3174 presumpserit
1883 3077 1957 3153 aut

534 3207 650 3300 ipsum
667 3204 704 3275 in
730 3203 846 3296 aliquo
863 3201 1081 3296 temptaverit
1104 3201 1251 3292 violare,
1275 3207 1411 3272 centum
1437 3199 1543 3272 libras
1566 3201 1642 3272 auri
1666 3202 1745 3295 puri
1770 3223 1834 3298 pro
1853 3224 1940 3299 pena

534 3337 733 3424 componat,
755 3326 940 3399 medietate
960 3345 1096 3398 camere
1112 3333 1229 3397 nostre
1247 3323 1429 3416 etreliqua
1448 3323 1635 3398 medietate
1653 3327 1764 3420 passis
1781 3327 1939 3420 injuriam

535 3449 755 3546 applicanda,
777 3447 932 3543 predicto
956 3445 1137 3542 privilegio
1157 3455 1272 3518 nostru
1289 3445 1530 3518 nichilominus
1552 3447 1588 3517 iu
1609 3467 1673 3520 suo
1698 3448 1820 3522 robore
1838 3450 1940 3523 dura·

535 3583 624 3646 turo.
647 3570 703 3646 Ad
720 3572 825 3664 hujus
844 3577 959 3643 autem
980 3567 1211 3642 concessionis
1231 3567 1433 3640 memoriam
1452 3577 1488 3640 et
1507 3569 1612 3642 robur
1629 3583 1793 3664 perpetuo
1808 3574 1939 3645 valitu-

536 3717 630 3784 rum,
647 3715 787 3790 presens
804 3691 1023 3786 privilegium
1038 3689 1141 3763 scribi
1158 3698 1194 3764 et
1209 3689 1323 3782 sigillo
1340 3691 1527 3782 majestatis
1541 3703 1656 3764 nostre
1665 3693 1833 3784 jussimus
1850 3715 1938 3767 com·

536 3819 678 3890 muniri.

585 3941 696 4032 HuJ‘us
711 3941 759 4012 rei
778 3948 881 4012 testes
900 3945 982 4008 sunt
999 3931 1171 4008 herardus
1188 3933 1453 4008 Panormitunus
1470 3933 1764 4032 archiepiscopus,
1771 3988 1936 4008 .....

536 4063 687 4157 Reginus
709 4071 744 4135 et
748 4112 919 4134 .....
945 4057 1000 4155 (a)
1023 4058 1242 4132 'laurinensis
1266 4058 1435 4152 episcopi,
1460 4059 1639 4131 Gavardus
1662 4057 1708 4131 de
1730 4058 1935 4156 Arnesteyn,

534 4185 682 4258 Thomas
701 4205 815 4256 comes
832 4185 1044 4270 Acerranus,
1069 4181 1236 4252 Henricus
1258 4179 1304 4253 de
1325 4181 1438 4252 Merra
1461 4201 1586 4274 magne
1607 4182 1702 4254 curio
1726 4193 1841 4256 nostre
1861 4205 1937 4256 mu-

535 4311 640 4404 gister
648 4309 871 4404 justiciarius,
888 4305 1051 4399 magister
1063 4306 1184 4377 Petrus
1197 4304 1243 4377 de
1251 4304 1359 4376 Vinea
1371 4313 1405 4378 et
1416 4306 1579 4397 magister
1590 4305 1750 4380 Taddeus
1762 4307 1808 4381 dc
1817 4309 1935 4382 Suessa

535 4455 661 4525 magne
672 4434 767 4505 curie
782 4441 897 4504 nostre
910 4429 1060 4522 judices,
1077 4440 1112 4499 et
1126 4427 1184 4500 elii
1203 4427 1332 4522 plnres.

579 4689 620 4769 (a)
642 4689 691 4752 Sic
705 4692 737 4752 ln
750 4689 894 4768 originali.
