4224 5898
495 585 555 648 ece
994 584 1206 648 rnrnurrcr
1227 583 1397 646 suenum
1714 585 1897 670 [aalma

493 721 670 811 detentcs;
698 727 737 792 ut
758 718 803 792 de
832 720 923 794 tribu
951 722 1113 794 Romulea
1130 718 1193 816 (a)
1215 739 1284 792 non
1310 725 1401 790 esset
1426 717 1482 788 vir
1505 715 1551 790 de
1576 726 1626 791 tot
1645 721 1843 816 proceribus
1865 732 1900 794 et

493 845 595 916 turba
618 842 790 928 Quiritum
807 844 864 915 vel
886 865 978 916 unns
1001 843 1046 916 de
1069 851 1118 916 tot
1135 839 1267 914 romani
1291 839 1413 935 populi
1428 839 1615 931 militibus,
1630 842 1691 936 qui
1715 865 1779 938 pro
1802 843 1901 916 nobis

492 974 677 1060 exurgeret
698 976 733 1038 et
755 967 900 1039 verbum
924 968 1066 1040 unicum
1086 969 1304 1060 loqueretur,
1328 962 1460 1056 quique
1482 973 1598 1036 nostre
1620 965 1745 1058 injurie
1767 967 1900 1040 condo-

490 1092 594 1181 leret3
619 1112 699 1161 cnm
724 1111 788 1162 nos
810 1090 935 1164 Urbem
959 1090 1112 1184 antiquis
1136 1086 1388 1182 triumphorum
1416 1087 1526 1158 titulis
1556 1087 1774 1182 insignitam,
1803 1089 1899 1163 novis

491 1225 607 1286 nostre
633 1212 777 1286 victorie
808 1213 1028 1286 successibus
1055 1213 1280 1301 honoremus,
1306 1217 1341 1282 et
1366 1208 1412 1282 ud
1437 1209 1694 1284 reformandum
1720 1233 1897 1286 romanum

491 1357 635 1427 nomen,
653 1335 743 1407 sicut
762 1335 798 1406 in
821 1335 946 1410 diebus
962 1337 1132 1431 antiquis,
1151 1344 1185 1409 et
1201 1333 1425 1406 exaltandum
1443 1341 1572 1405 statum
1594 1335 1727 1406 romani
1746 1335 1895 1431 imperii,

491 1459 664 1532 continuis
685 1447 864 1530 laboribus
887 1457 1120 1532 intendamus.
1145 1459 1361 1552 Quapropter
1383 1457 1576 1531 necessarie
1598 1456 1816 1532 decrevimus
1835 1480 1898 1533 ros

490 1582 687 1675 requirere,
711 1581 877 1655 instanter
895 1603 1051 1672 monere,
1068 1581 1195 1678 pariter
1217 1590 1252 1652 et
1277 1579 1405 1653 hortari
1422 1588 1594 1674 qnatenus
1615 1580 1712 1674 qnod
1731 1581 1897 1654 omissum

489 1713 542 1777 est
560 1705 678 1799 aliqua
707 1705 917 1800 negligentia
945 1707 1000 1778 vel
1028 1714 1186 1800 torpore,
1216 1725 1311 1776 nunc
1333 1704 1499 1776 instanter
1517 1703 1698 1777 ostendere
1726 1705 1894 1798 debeatis,

489 1826 694 1901 inducentes
715 1829 801 1900 alios
827 1829 966 1902 monitis
990 1837 1025 1902 et
1050 1829 1212 1923 exemplo
1236 1837 1276 1899 nt
1296 1847 1415 1899 omnes
1439 1837 1475 1899 et
1496 1826 1625 1921 singuli
1651 1837 1810 1923 prompta
1828 1851 1898 1902 vo-

488 1952 621 2024 luntate
643 1961 873 2045 consurgant,
893 1951 940 2026 ad
965 1961 1116 2026 nostram
1142 1961 1177 2024 et
1193 1971 1410 2024 communem
1433 1959 1584 2022 vestram
1609 1951 1770 2044 injuriam
1794 1953 1896 2026 ulcis·

488 2074 648 2147 cendam.
667 2076 757 2160 Quia
781 2097 861 2147 cum
885 2075 979 2148 idem
1003 2075 1260 2172 blasphematur
1279 2085 1394 2149 nester
1410 2096 1516 2147 ausus
1536 2075 1618 2146 alibi
1634 2096 1704 2146 non
1724 2075 1844 2148 fuisset
1861 2077 1896 2148 in

488 2197 596 2271 nostri
619 2199 771 2270 nominis
795 2199 1045 2295 blasphemiam
1066 2199 1283 2294 prorupisse,
1305 2197 1351 2270 de
1371 2206 1466 2270 tanta
1482 2197 1740 2294 presumptione
1757 2197 1895 2288 gloriari

486 2343 557 2394 nou
587 2322 712 2418 possit,
746 2321 843 2417 quod
871 2321 1068 2394 volentibus
1093 2331 1128 2394 et
1155 2321 1354 2394 uolentibus
1384 2321 1444 2418 (d)
1472 2322 1652 2414 Romanis,
1685 2330 1802 2394 contra
1834 2341 1896 2394 nos

486 2445 568 2520 talia
595 2455 840 2542 perpetrasset;
866 2467 945 2518 cum
965 2455 1042 2540 post
1068 2445 1106 2518 id
1121 2453 1236 2540 posset
1257 2454 1372 2517 vestre
1391 2444 1632 2539 ingratitudini
1657 2443 1839 2539 imputari,
1865 2445 1894 2515 si

485 2567 582 2664 quod
602 2577 682 2642 ante
704 2571 831 2642 lactum
857 2567 1026 2664 impedire
1041 2567 1260 2640 laudabiliter
1276 2567 1454 2662 potuistis,
1481 2588 1529 2639 ex
1543 2568 1728 2662 postfacto
1745 2575 1895 2640 nostram

486 2701 521 2766 et
545 2701 694 2764 vestram
719 2691 881 2784 injuriam
903 2691 1117 2788 postponatis
1141 2691 1300 2764 inultam.
1327 2691 1414 2763 Nam
1442 2711 1521 2762 cum
1546 2689 1593 2762 ad
1622 2691 1823 2763 alterutrum
1845 2701 1894 2763 te·

486 2837 650 2909 neamur,
681 2825 716 2889 et
741 2838 806 2890 noe
833 2839 1014 2890 romanum
1042 2816 1208 2890 honorem
1233 2826 1268 2889 et
1292 2835 1357 2889 voe
1384 2815 1529 2888 llomani
1556 2815 1745 2889 defendere
1770 2835 1894 2888 nomeu

486 2949 661 3029 nostrum,
680 2940 711 3012 si
730 2939 860 3014 adhoc
880 2961 945 3012 vos
963 2961 1088 3034 segnes
1109 2949 1143 3013 et
1161 2939 1376 3034 negligentes
1400 2940 1654 3028 invenerimus,
1674 2961 1754 3012 cnm
1778 2940 1895 3012 nullus

486 3062 586 3135 timor
611 3083 673 3134 nos
695 3064 846 3154 coegerit
866 3062 913 3136 ad
933 3061 1104 3137 beneficia
1119 3064 1370 3150 Romanorum,
1397 3061 1461 3136 sed
1485 3063 1594 3156 gratia
1619 3061 1796 3136 induxerit
1816 3083 1894 3157 epe-

485 3185 593 3276 cialis,
616 3206 678 3279 per
703 3185 985 3280 ingratitudinem
1010 3187 1130 3278 istam,
1149 3186 1230 3259 licet
1247 3207 1385 3282 prorsus
1411 3185 1529 3278 inviti,
1547 3206 1710 3281 cogemur
1735 3185 1782 3259 ab
1806 3185 1893 3258 uni-

487 3309 595 3382 versis
610 3317 646 3380 ct
656 3309 803 3403 singulis
817 3308 1008 3381 exhibitam
1022 3309 1166 3402 gratiam
1180 3330 1355 3382 revocare.

533 3431 658 3504 Datum
675 3430 839 3520 Tarvisii,
856 3432 985 3506 mensis
1002 3433 1118 3528 aprilis
1133 3431 1191 3506 die
1204 3432 1293 3522 XX,
1304 3429 1528 3524 [duodecima
1543 3428 1758 3530 indictione].

714 3711 1228 3724 ffl-—n-u
1232 3713 1240 3721 ι
1244 3711 1669 3724 -..εκ-...Ἥ

332 4024 341 4075 r
378 4035 406 4067 u
512 3988 707 4099 ¹Epistola
725 3987 926 4097 cujusdam
956 3987 1135 4071 Friderici
1158 3988 1314 4070 secundi
1339 3989 1498 4072 fautoris
1522 3990 1581 4074 vel
1606 3991 1791 4098 ministri,
1811 3991 1891 4102 ejus

371 4088 412 4122 m
484 4123 596 4238 quasi
614 4121 769 4204 nomine
788 4120 944 4228 scripta,
967 4147 1045 4228 que
1062 4120 1101 4200 in
1124 4120 1268 4228 Papam
1291 4129 1331 4202 et
1353 4120 1563 4203 cardinales
1582 4121 1772 4212 invehitur
1788 4125 1892 4232 quod

483 4255 751 4362 imperatorem
787 4251 971 4333 sententia
1003 4251 1423 4359 excommunicationis,
1447 4261 1595 4336 errante
1625 4253 1788 4337 clavium
1817 4280 1890 4362 pc-

484 4395 636 4492 testate,
664 4381 889 4494 ligaverint,
913 4382 1177 4491 exprobrando
1202 4383 1274 4492 ipsi
1296 4383 1419 4493 Papae
1445 4383 1654 4490 luxuriam,
1681 4385 1888 4496 ingluviem

524 4565 566 4645 (a)
589 4564 646 4642 Ap.
661 4563 747 4624 Mutt.
759 4563 854 4623 Puris.
873 4581 881 4623 :
898 4561 935 4624 tlt
945 4559 979 4622 de
993 4558 1099 4624 tributo
1111 4559 1230 4638 muto,
1245 4564 1330 4624 male.

524 4669 564 4750 (b)
586 4669 664 4730 Alibl
677 4664 844 4729 nuceriae.
