4242 5904
508 528 567 590 160
1007 539 1221 603 ruthenici
1248 543 1423 604 securint
1731 549 1811 626 [em.
1831 549 1915 614 1238.

506 667 620 738 nullus
633 669 678 740 sit
687 668 748 762 qui
764 669 892 744 dictam
907 673 1168 748 universitatem
1181 699 1287 773 super
1300 677 1476 772 exigendo
1495 687 1530 752 et
1544 680 1746 778 recipiendo
1759 681 1917 757 theloneo

503 810 566 862 seu
584 791 733 886 pedagio
749 794 900 887 prelato,
920 795 1031 868 donec
1053 797 1091 870 id
1118 799 1226 896 recipi
1251 800 1296 875 de
1316 801 1533 896 beneplacito
1551 813 1666 876 nostro
1682 805 1801 896 fuerit,
1829 827 1915 878 ausu

504 914 683 985 temerario
696 913 863 1010 impedire
879 940 939 990 seu
962 921 1144 996 molestare
1164 933 1351 1018 presumat.
1371 924 1474 1011 Quod
1487 925 1549 1020 qui
1566 929 1813 1022 presumpserit
1825 929 1914 1003 indi·

502 1035 702 1128 gnationem
723 1040 884 1112 culminis
906 1043 1012 1114 nostri
1042 1065 1081 1115 se
1099 1046 1234 1118 noverit
1260 1047 1494 1119 incursurum.
1521 1047 1574 1119 Ad
1601 1049 1706 1142 hujus
1728 1061 1844 1122 autem
1866 1053 1913 1125 rei

502 1159 701 1231 memoriam
718 1171 753 1232 et
769 1161 976 1256 firmitatem,
994 1187 1136 1260 presens
1148 1168 1315 1264 scriptum
1328 1168 1403 1242 fieri
1417 1179 1452 1242 et
1468 1169 1582 1264 sigillo
1597 1173 1785 1268 majestatis
1802 1183 1915 1247 nostre

497 1305 665 1374 jussimus
676 1286 895 1358 communiri.

549 1409 674 1480 Datum
693 1409 814 1504 Papie,
834 1431 925 1484 anno
946 1411 1121 1486 dominice
1137 1413 1384 1487 incarnationis
1404 1415 1585 1489 millesimo
1601 1415 1837 1490 ducentesimo
1854 1419 1914 1490 tri·

501 1529 627 1602 cceimo
639 1533 802 1628 septimo,
821 1555 939 1608 mense
949 1537 1119 1628 januarii,
1136 1536 1320 1610 undecimo
1334 1537 1547 1612 indictionis.

1271 1843 1696 1857 an——u—-n—-nn

340 2123 383 2156 ⁸¹⁸
417 2126 430 2156 ⁰
550 2106 779 2212 Fridcricus‚
799 2107 1059 2191 Romanorum
1081 2108 1305 2218 imperator,
1329 2107 1585 2192 Avenionensi
1607 2107 1748 2192 ciuitati
1774 2136 1912 2221 regra-

498 2239 614 2322 tiatur
641 2241 745 2350 quod
763 2267 890 2348 'suum
918 2239 1145 2323 familiarem
1171 2239 1371 2324 'lorellum
1399 2241 1449 2323 de
1476 2240 1602 2324 Strata
1625 2241 1665 2321 in
1691 2252 1913 2352 potestatem

413 2414 417 2427 ·
497 2371 718 2481 recipientes
754 2373 1010 2483 multipliciter
1044 2373 1347 2481 honoraverint,
1376 2383 1414 2456 et
1448 2373 1489 2454 in
1521 2374 1688 2483 seipsum
1727 2376 1912 2460 sarcinam

497 2529 631 2586 eorum
654 2505 851 2614 regiminis
871 2506 1018 2615 accipit.

580 2745 675 2824 (Edit.
688 2763 736 2823 ap.
751 2745 836 2806 Petri
847 2743 882 2806 dc
897 2747 964 2808 Vin.
977 2746 1087 2826 Epist,
1103 2745 1156 2806 ΙΙΙ).
1171 2746 1229 2825 ΙΙΙ,
1243 2763 1310 2825 cap.
1326 2745 1449 2810 Lxxv.
1473 2745 1547 2808 Coll.
1563 2761 1632 2808 cum
1643 2746 1710 2807 cod.
1721 2746 1797 2808 Bibl.
1814 2747 1909 2809 Cesar.

616 2851 726 2927 Parls„
737 2850 830 2930 sends
843 2852 1053 2931 lintre-Dama,
1067 2851 1151 2932 2⁰2.)

546 3034 772 3135 [Fridericus,
791 3041 876 3128 etc]
895 3040 985 3110 Pura
1003 3036 1091 3110 fides
1109 3046 1144 3110 et
1160 3046 1305 3134 experta
1321 3035 1464 3111 devotio
1480 3037 1610 3132 quibus
1633 3037 1721 3110 inter
1736 3037 1823 3110 alios
1846 3037 1911 3108 im·

496 3161 583 3258 perii
602 3163 734 3234 romani
757 3161 877 3236 fideles
904 3163 1029 3235 clarius
1052 3163 1089 3234 in
1109 3173 1293 3258 conspectu
1317 3173 1436 3234 nostre
1454 3161 1669 3235 celsitudinis
1687 3162 1907 3258 prefulgetis5

496 3297 738 3379 argumentum
761 3288 861 3360 nobis
883 3287 981 3360 firme
1006 3285 1134 3360 fiducie
1157 3288 1372 3384 prebuerunt
1398 3296 1436 3358 ut
1460 3286 1498 3358 in
1522 3287 1685 3359 omnibus
1712 3308 1782 3380 que
1806 3284 1912 3358 decus

496 3410 701 3484 excellentie
730 3419 845 3483 nostre
877 3411 1083 3506 respiciunt,
1122 3433 1185 3484 vos
1216 3411 1437 3484 securissime
1467 3411 1702 3504 requirentes,
1735 3411 1780 3484 de
1812 3411 1911 3484 vobis

496 3533 623 3606 amodo
651 3532 784 3606 firmius
808 3544 842 3607 et
865 3532 1061 3607 fiducialius
1083 3533 1311 3608 confidamus.
1342 3536 1466 3607 latere
1492 3556 1642 3630 namque
1668 3534 1912 3607 conscientiam

496 3667 663 3746 nostram,
682 3659 740 3731 vel
760 3681 781 3730 a
799 3658 981 3730 tenacitate
999 3659 1161 3732 memorie
1183 3667 1299 3730 nostre
1322 3659 1522 3730 nullatenus
1550 3656 1719 3728 cecidisse
1745 3655 1908 3748 credatis,

495 3779 642 3873 qualiter
656 3803 720 3855 vos
736 3783 930 3876 precatoris
945 3781 1154 3854 Arelatensis
1174 3783 1273 3877 regni
1287 3779 1473 3870 fidelibus,
1492 3783 1537 3852 H.
1558 3780 1603 3852 de
1616 3781 1775 3870 Ravello,
1794 3801 1911 3854 senes·

392 3917 397 3924 '
495 3901 651 3976 chalcum
688 3915 843 3977 nostrum
870 3913 905 3978 et
932 3905 1042 4000 ipsius
1068 3905 1168 3999 regni
1195 3905 1365 3978 vicarium
1392 3903 1463 4001 (Ι),
1492 3905 1538 3977 ob
1565 3903 1729 3977 honorem
1755 3904 1913 3978 culminis

495 4027 604 4098 nostri
621 4028 752 4121 gratius
769 4038 803 4100 et
816 4027 1051 4102 honorabilius
1064 4029 1310 4122 pertractastis,
1328 4028 1537 4102 exhibentes
1555 4049 1619 4099 vos
1637 4028 1750 4100 eidem
1766 4027 1911 4100 inomni

494 4150 701 4246 synceritate
716 4150 873 4242 devotos,
893 4173 963 4245 que
974 4165 1072 4245 grata
1087 4150 1188 4224 nobis
1203 4152 1319 4224 extitit
1337 4162 1372 4225 et
1392 4153 1538 4248 imperio
1554 4153 1742 4224 fructuosa.
1763 4153 1833 4224 Nec
1848 4173 1911 4224 nos

493 4275 645 4367 preteriit
661 4273 757 4370 quod
772 4273 957 4374 [locellum
979 4274 1025 4349 de
1042 4271 1168 4372 Strata]
1184 4272 1238 4372 (2)
1255 4275 1400 4350 militem
1420 4275 1644 4372 Papiensem,
1665 4285 1700 4349 et
1721 4275 1823 4348 nobis
1841 4284 1909 4350 tam

531 4546 567 4620 (Ι)
585 4545 646 4604 vid.
662 4562 745 4621 supra
757 4547 879 4621 Gregorii
892 4561 980 4622 papae
993 4545 1142 4619 epistolam,
1155 4562 1185 4620 p.
1202 4549 1267 4604 ⁴08.

528 4643 564 4718 (2)
582 4645 686 4702 Nomen
700 4644 728 4702 in
741 4645 871 4720 impresso
891 4651 920 4702 et
939 4644 967 4700 in
987 4643 1124 4702 codicibus
1139 4643 1270 4702 omissum
1285 4643 1459 4720 supplemus.
1475 4643 1506 4701 In
1520 4643 1646 4718 catalogis
1659 4648 1826 4718 potestatum
1837 4639 1907 4699 lve-
