4242 5904
214 603 315 662 lucror.
333 597 395 681 ln}
668 589 867 652 HISTORIA
892 591 1186 652 brunonnrrcn.
1573 597 1630 660 183

214 736 337 808 rialem
353 729 593 806 celsitudinem
612 727 702 798 sicut
719 727 843 798 iterum
865 725 915 798 sic
935 727 1100 798 attemins
1118 725 1304 820 rogandam
1323 727 1490 800 duximus
1507 739 1542 801 et
1558 753 1630 804 mo·

215 857 368 932 nendum
383 861 555 949 quatenus
568 849 757 946 prudenter
769 848 949 922 attendens
964 850 1060 942 quod
1078 849 1276 943 hujusmodi
1288 850 1492 944 denegando
1510 857 1630 927 transi·

215 993 290 1055 tum
319 979 414 1076 apud
440 981 551 1051 1111111
582 975 697 1048 anime
725 993 766 1044 uc
794 972 889 1067 apud
915 972 1071 1045 homines
1098 975 1187 1045 tame
1216 984 1291 1064 tue,
1325 995 1366 1046 eo
1395 975 1490 1068 quod
1519 977 1629 1050 dictos

214 1105 451 1180 schismaticos
481 1101 518 1172 in
547 1121 611 1172 suo
642 1097 810 1172 videreris
839 1117 955 1168 errore
982 1097 1119 1188 fovere,
1149 1097 1338 1168 incurreres
1360 1097 1625 1192 detrimentum,

213 1227 462 1322 crucesignatis
486 1222 856 1316 Constantinopolitano
877 1219 1005 1291 civitati
1027 1219 1306 1292 succurrentibus
1324 1243 1388 1316 per
1404 1231 1527 1294 terram
1545 1245 1629 1318 pre·

215 1358 324 1426 iatam
340 1363 375 1426 et
388 1351 571 1446 imperium
589 1348 768 1420 transitum
782 1343 956 1418 concedas
970 1345 1118 1416 liberum
1131 1355 1165 1417 et
1176 1367 1349 1418 securum.
1366 1343 1529 1442 Alioquin
1540 1351 1628 1422 scire

213 1489 249 1551 te
275 1477 439 1550 convenit
465 1473 562 1568 quod
588 1472 738 1544 Ecclesia
767 1491 836 1542 non
862 1478 979 1564 posset
1006 1469 1269 1542 conniventibus
1292 1471 1402 1542 oculis
1423 1474 1628 1566 pertransire

212 1601 310 1696 quod
325 1601 363 1671 in
379 1597 639 1672 subversionem
656 1593 738 1666 lidei
753 1593 923 1666 catholice
938 1593 1149 1688 contingeret
1165 1594 1338 1666 attentari.
1360 1594 1415 1666 Ad
1431 1595 1495 1667 boc
1511 1605 1626 1668 antem

214 1727 339 1798 melius
353 1733 390 1796 et
410 1721 583 1796 efficacius
605 1716 878 1814 promovendum
898 1716 1062 1790 dilectum
1081 1716 1188 1788 lilium
1206 1718 1407 1809 magistrum
1425 1718 1625 1813 Gregorinm

211 1849 465 1922 subdiaconum
480 1855 515 1918 et
533 1843 703 1916 notarium
722 1849 896 1930 nostrum,
912 1841 1024 1911 virum
1043 1841 1163 1934 ntique
1177 1838 1363 1935 providum
1377 1851 1411 1914 et
1424 1854 1623 1936 expertum,

210 1972 260 2044 ad
284 1981 379 2043 tuam
397 1969 601 2066 presentiam
619 1966 785 2039 duximus
804 1963 1067 2056 destinandum
1090 1975 1251 2058 rogantes
1271 1966 1432 2039 attentius
1457 1975 1495 2038 ut
1511 1968 1623 2062 ipsum

210 2097 315 2168 oculo
338 2115 460 2167 sereno
478 2091 664 2188 respiciens
680 2091 755 2182 ejus
780 2087 934 2177 monitis,
955 2089 1060 2160 immo
1084 2089 1207 2162 nostris
1229 2090 1343 2185 potins
1367 2091 1568 2185 acquiescas
1590 2103 1624 2166 et

210 2239 283 2312 que
301 2217 364 2290 tibi
385 2239 432 2290 ex
449 2225 546 2312 parte
564 2224 680 2288 nostra
697 2213 825 2286 dixerit
839 2211 981 2285 credere
996 2233 1038 2284 ao
1059 2212 1240 2286 efficaciter
1256 2213 1396 2286 studeas
1413 2215 1620 2311 adimplere,

211 2342 402 2437 imperialis
436 2339 621 2412 voluntatis
645 2337 897 2432 beneplacitum
926 2335 1027 2409 nobis
1058 2337 1189 2410 exinde
1218 2337 1439 2410 nibilominus
1471 2339 1622 2436 rescrip-

210 2477 324 2537 turus.

260 2591 387 2663 Datum
405 2588 585 2678 Laterani,
607 2585 684 2660 XVl
698 2585 864 2658 kalendas
878 2585 1014 2680 aprilis,
1033 2605 1124 2657 anno
1141 2583 1202 2655 XI.

262 3172 497 3282 Friderious,
526 3175 786 3258 Romanorum
813 3176 1040 3284 imperator,
1072 3176 1260 3288 significet
1290 3177 1372 3288 regi
1405 3177 1623 3288 Hungeriae

210 3308 336 3416 quod,
366 3333 455 3390 cum
485 3307 694 3392 solemnem
725 3307 871 3391 curiam
899 3309 939 3390 in
970 3309 1144 3392 kalendis
1174 3309 1265 3391 maii
1288 3309 1460 3394 Veronae
1491 3337 1622 3420 regere
1709 3333 1714 3344 ’

209 3571 359 3655 mittere
393 3572 530 3656 debeat
563 3573 712 3682 copiam
747 3571 1030 3656 balistariorum
1071 3575 1244 3685 equitum
1274 3601 1373 3685 quos
1411 3576 1622 3685 specialiter

210 3705 360 3788 educat.

290 3925 427 4004 (Edlder.
443 3925 593 3988 Manum
610 3930 641 3986 et
659 3924 809 4002 Dunnnn,
825 3924 961 4007 Ampliat.
983 3925 1093 4005 11111111,
1112 3936 1137 3990 t.
1151 3931 1196 4008 Il,
1215 3930 1273 3992 ccl.
1290 3939 1468 4005 1110-1151,
1487 3941 1521 3992 n⁰
1536 3931 1621 3997 XVII

329 4047 400 4092 cum
414 4032 470 4092 boc
484 4031 571 4092 tltulo
586 4031 648 4113 na·
667 4029 799 4092 01111ιὶ11.
815 4065 856 4080 -
870 4034 980 4114 Ρ1111,
995 4035 1127 4096 Monam.
1145 4034 1372 4113 6111111111,
1387 4044 1408 4098 t.
1431 4037 1485 4118 Ν,
1500 4055 1531 4116 p.
1548 4048 1618 4101 82⁴.

329 4140 416 4200 Nunc
425 4155 496 4199 varo
505 4139 603 4199 collat.
614 4155 682 4200 cum
696 4137 821 4199 codlclb.
835 4139 976 4201 Bibliotb.
986 4141 1084 4202 Cesar.
1094 4145 1200 4218 Parta,
1206 4140 1298 4223 suada
1307 4143 1342 4206 S.
1356 4141 1494 4206 Germnia
1505 4141 1619 4224 Hurlap

332 4241 978 4324 1111111111,11111111111111111111,
995 4245 1100 4326 1111.)

259 4425 483 4520 Frederious,
506 4437 589 4522 etc,
608 4429 731 4501 illustri
748 4431 820 4524 regi
837 4430 1004 4524 Ungarie,
1023 4439 1090 4506 etc.
1113 4433 1245 4526 Regum
1261 4435 1449 4528 precellens
1466 4433 1574 4524 gloria
1587 4446 1622 4506 et

211 4552 420 4625 secularium
445 4553 669 4647 preminentia
696 4553 902 4648 dignitatum
924 4555 1053 4627 mutuis
1084 4555 1266 4650 proliciunt
1297 4567 1331 4628 et
1357 4557 1621 4651 magnificantur

211 4675 361 4767 auxiliis,
379 4684 414 4748 et
432 4675 491 4748 ubi
505 4675 698 4770 vigetinter
709 4697 769 4750 eos
783 4675 945 4750 identitas
963 4679 1072 4771 gratie
1085 4700 1126 4750 ac
1137 4690 1294 4754 servatur
1313 4681 1479 4775 equalitas
1498 4684 1621 4754 volun·
