4350 5922
235 641 333 700 rrum.
353 631 413 717 ιιι]
684 631 881 692 ursuonru
909 629 1203 692 ornuoarnrrcu.
1367 599 1370 608 ’
1613 631 1653 692 ea

236 772 385 865 fringere
403 778 463 840 aut
485 789 668 840 evacuare.
685 769 854 840 Volumus
870 769 963 840 enim
979 775 1094 840 nostre
1118 766 1294 863 potestatis
1314 775 1516 838 executores
1539 777 1654 840 nostre

238 894 373 990 pictatis
392 899 577 965 sectatores
592 889 733 983 babere,
751 889 893 963 firmiter
910 891 1136 987 precipientes
1160 900 1197 962 ut
1214 889 1275 983 qui
1292 898 1409 962 nostra
1425 889 1580 982 jussione
1598 891 1654 962 vel

237 1039 282 1091 ex
299 1039 422 1091 eornm
443 1015 606 1112 petitione
628 1037 691 1088 scu
714 1037 935 1110 quacumque
957 1013 1140 1088 occasione
1165 1013 1258 1110 ipsos
1285 1023 1319 1086 ct
1344 1035 1463 1085 eorum
1484 1015 1564 1106 iura
1592 1013 1656 1088 de-

239 1141 397 1227 fendunt,
418 1139 617 1230 liberaliter,
638 1139 771 1212 sincere
787 1148 822 1212 et
834 1161 896 1234 pro
915 1139 987 1211 sola
1006 1140 1067 1210 Dei
1081 1138 1307 1210 retributione
1321 1135 1525 1225 defendant,
1547 1139 1594 1210 ita
1617 1147 1656 1211 ut

239 1287 351 1360 neque
379 1265 514 1354 banna,
547 1263 750 1358 petitiones,
780 1263 953 1359 precarias
981 1264 1057 1336 sive
1086 1271 1219 1335 steuras
1248 1283 1361 1357 neque
1382 1262 1656 1358 pernoctationes

241 1411 352 1484 neque
369 1389 415 1461 ad
434 1411 536 1482 opera
554 1389 707 1483 ipsorum
723 1389 898 1484 operarios
915 1409 980 1460 nec
999 1389 1067 1460 nlla
1084 1388 1225 1460 omnino
1240 1388 1383 1459 servitia
1402 1383 1452 1483 (a)
1468 1387 1518 1458 eis
1537 1387 1656 1459 invitis

241 1515 294 1586 uel
313 1535 335 1584 a
354 1512 486 1584 colonis
510 1513 662 1607 ipsorum
687 1521 846 1606 protextu
874 1511 1084 1584 defensionis
1106 1511 1249 1604 exigant
1265 1521 1325 1582 aut
1348 1519 1552 1606 extorquere
1577 1533 1655 1606 pre·

243 1646 392 1709 sumant.
413 1635 606 1728 Adjicimns
634 1635 735 1708 etiam
762 1634 877 1708 eidem
897 1635 1102 1708 monasterio
1125 1637 1227 1707 talem
1247 1635 1390 1726 gratiam
1405 1639 1507 1729 juxta
1526 1635 1658 1708 ordinis

244 1762 434 1834 libertatem
453 1773 493 1831 nt
509 1760 668 1831 homines
692 1759 903 1854 ipsinssive
927 1761 1037 1833 coloni
1056 1783 1117 1854 per
1135 1761 1269 1832 nullum
1289 1759 1442 1852 judicem
1468 1760 1657 1833 secularem

242 1886 299 1958 vel
318 1885 423 1957 eliam
438 1907 501 1979 per
519 1884 670 1978 aliquem
690 1882 900 1957 advocatum
920 1883 967 1956 ad
993 1885 1191 1956 communia
1214 1885 1270 1956 vel
1286 1885 1420 1980 privata
1444 1884 1568 1980 placita
1591 1884 1658 1956 nisi

243 2031 306 2104 per
332 2029 370 2080 se
393 2007 513 2080 venire
542 2007 714 2080 voluerint
742 2008 960 2101 aliquatenus
987 2009 1245 2103 compellantur.
1277 2007 1434 2080 Preterca
1460 2009 1659 2082 auctoritate

243 2134 410 2228 presentis
435 2131 608 2226 privilegii
633 2131 858 2204 concedimus
879 2130 996 2204 abbati
1016 2142 1050 2205 ot
1072 2133 1234 2205 fratribus
1253 2132 1449 2204 memoratis
1469 2141 1506 2204 ut
1522 2133 1659 2229 propria

243 2255 407 2328 victualia
424 2253 605 2327 domorum
628 2275 790 2346 suarum,
810 2277 984 2328 annonam
1003 2256 1181 2344 videlicet,
1212 2277 1350 2346 cascos,
1373 2257 1500 2348 salem,
1527 2257 1657 2351 pisces,

243 2381 370 2464 oleum,
390 2380 510 2452 vinum
530 2389 564 2450 et
581 2379 746 2474 pecudes,
763 2387 797 2450 ct
809 2379 875 2451 alia
889 2369 1099 2477 quecunque
1114 2381 1159 2454 ad
1177 2403 1261 2452 usus
1274 2403 1356 2452 suos
1373 2381 1577 2476 pertinentia
1591 2392 1659 2454 tam

244 2505 278 2575 in
295 2505 397 2597 aquis
410 2525 516 2597 quam
531 2503 566 2574 in
584 2502 683 2574 terris
703 2502 778 2574 sino
796 2503 986 2594 theloneis,
1003 2505 1231 2598 vectigalibus
1248 2515 1282 2578 et
1300 2505 1377 2578 aliis
1395 2505 1657 2598 exactionibus,

244 2637 346 2722 prout
362 2649 409 2699 ex
426 2625 648 2698 concessione
667 2625 799 2698 ducum
817 2625 955 2700 Austris
971 2627 1164 2700 libertatem
1182 2629 1292 2723 ipsam
1309 2628 1399 2700 soliti
1416 2638 1498 2700 sunt
1513 2629 1658 2722 babere,

245 2749 421 2824 deducant
450 2749 634 2823 salubriter
658 2759 693 2822 et
719 2750 848 2844 quiete.
881 2751 1070 2823 Statuimns
1098 2752 1204 2846 igitur
1230 2763 1264 2824 et
1290 2753 1456 2848 imperiali
1488 2755 1662 2827 sancimus

244 2873 357 2948 edicto
374 2883 414 2945 nt
435 2875 529 2946 nulla
547 2895 693 2970 persona
708 2875 939 2948 ecclesiastica
961 2877 1019 2948 vel
1037 2875 1219 2969 secularis,
1242 2879 1310 2950 alta
1331 2879 1386 2950 vel
1405 2877 1563 2970 humilis,
1582 2901 1660 2974 pre·

245 2997 377 3070 dictum
392 2997 571 3090 abbatem,
591 3007 800 3072 conventum
818 3009 853 3072 el
868 3023 1082 3075 successores
1100 3023 1237 3088 eorum,
1259 3005 1503 3075 monasterium
1522 3013 1556 3076 et
1570 3005 1661 3077 bona

246 3143 309 3194 sua
335 3132 453 3194 contra
484 3123 652 3218 presentis
681 3123 853 3218 privilegii
882 3125 1005 3196 seriem
1035 3146 1140 3220 snper
1165 3125 1338 3220 aliquibus
1364 3147 1452 3198 ausu
1481 3128 1661 3200 temerario

247 3247 427 3318 molestare
444 3256 630 3342 presumat.
649 3247 752 3332 Quod
772 3249 832 3343 qui
854 3251 1103 3346 presumpserit
1127 3259 1240 3346 preter
1263 3251 1535 3345 indignationem
1554 3253 1661 3326 nostri

246 3371 407 3442 culminis
429 3394 534 3466 quam
553 3373 724 3465 incurret,
746 3383 884 3446 centum
903 3375 1007 3447 libras
1024 3375 1104 3470 puri
1133 3375 1209 3446 auri
1235 3388 1417 3471 componat
1437 3400 1584 3472 quarum
1603 3378 1662 3450 di-

246 3494 355 3566 midia
373 3517 453 3590 pars
469 3494 552 3568 lisco
567 3505 695 3588 nostro,
715 3499 847 3592 reliqua
865 3520 948 3571 vero
966 3521 1046 3594 pars
1061 3499 1173 3594 passis
1187 3501 1347 3592 injuriam
1361 3503 1586 3596 persolvetur.
1607 3501 1662 3575 ld

247 3616 353 3708 bnjns
368 3617 488 3712 itaque
509 3619 559 3691 rei
578 3619 779 3692 memoriam
800 3622 967 3715 presentis
990 3623 1209 3717 protectionis
1233 3633 1266 3696 et
1292 3625 1459 3698 libertatis
1476 3636 1589 3700 nostre
1605 3627 1663 3700 di·

247 3742 360 3813 valem
379 3741 541 3837 paginam
565 3743 733 3815 conscribi
753 3745 898 3816 lecimus
924 3755 958 3818 et
983 3745 1095 3840 sigillo
1122 3748 1308 3840 majestatis
1332 3758 1446 3824 nostre
1463 3751 1575 3845 ipsam
1588 3753 1664 3844 jus-

248 3886 358 3936 srmus
375 3888 546 3960 rnsrgnrn.

297 3989 408 4081 Hujus
429 3991 547 4086 itaque
565 3995 614 4065 rei
638 4003 741 4067 testes
763 3995 870 4065 sont:
891 3994 1106 4067 venerabiles
1124 3994 1273 4068 Silridus
1291 3999 1533 4091 Mogontinus,
1554 3997 1664 4071 Theo-

229 4111 388 4190 ¹dericus
421 4117 660 4210 Trevcrensis,
694 4116 916 4191 Eberhardns
943 4120 1213 4215 Salisburgensis
1248 4123 1519 4220 archiepiscopi,
1546 4124 1665 4196 Eldre·

247 4235 367 4308 bertus
391 4239 704 4336 Babenbergensis,
724 4241 872 4316 Silridus
896 4244 1153 4339 Ratisponensis
1178 4247 1365 4344 imperialis
1389 4250 1467 4321 aule
1491 4251 1665 4322 cancella-

249 4361 339 4450 riae,
355 4361 557 4457 liudegerus
577 4365 804 4459 Patavieusis,
832 4367 1011 4440 Conradus
1028 4370 1257 4463 Frisingensis
1281 4373 1450 4470 episcopi,
1472 4373 1666 4446 Batzeslaus

250 4503 316 4554 rex
341 4485 563 4577 Boemorum3
589 4489 666 4563 Otto
698 4511 813 4563 comes
841 4491 1013 4586 palatinus
1042 4493 1170 4586 Rheni,
1197 4495 1272 4568 dux
1300 4497 1464 4587 Bavarie3
1486 4496 1666 4569 Heinricus

294 4737 336 4821 (a)
357 4745 392 4804 In
407 4745 546 4824 impresso
557 4751 676 4812 rosidi.
