4262 5910
486 647 547 714 602
987 647 1199 711 Fntnntttct
1226 647 1398 710 sncnnut
1706 648 1784 733 [Aac.
1803 651 1886 713 tata.

486 783 663 878 quondam
681 783 836 858 lacobini
858 783 918 878 qni
942 793 1094 854 mortuus
1112 793 1181 872 est,
1200 783 1246 856 ad
1264 781 1525 856 custodiendam
1546 805 1718 856 cammam
1740 795 1889 858 nostram

485 908 622 980 Canusii
642 917 676 980 et
692 907 820 998 Mollia,
840 906 981 978 firmiter
998 907 1203 978 mandamns
1222 916 1395 1000 quatenus
1413 905 1527 980 eidem
1544 928 1592 979 ex
1607 927 1678 1001 quo
1693 908 1730 978 in
1749 909 1888 980 servitio

485 1040 601 1101 nostro
619 1030 727 1124 ipsius
745 1027 1013 1118 commeruerit,
1030 1049 1093 1122 pro
1113 1049 1167 1118 se,
1183 1050 1255 1100 uno
1273 1028 1440 1116 scutario,
1466 1038 1501 1100 et
1518 1049 1588 1101 uno
1605 1029 1765 1116 runcino,
1781 1031 1811 1100 si
1830 1049 1888 1101 eos

485 1154 669 1226 habuerint
689 1152 781 1248 (sic),
799 1151 1032 1224 Bartholomeu
1054 1153 1147 1224 socio
1167 1155 1243 1244 ejus
1264 1152 1326 1246 qui
1349 1152 1399 1225 ibi
1419 1162 1471 1224 est
1493 1173 1514 1223 a
1535 1153 1728 1246 receptione
1747 1175 1889 1248 presen-

483 1279 568 1348 tium
589 1277 744 1346 inantea
767 1297 828 1369 pro
851 1295 903 1362 se,
926 1295 996 1346 nno
1018 1275 1166 1346 scuterio
1187 1285 1222 1346 et
1239 1297 1309 1346 unu
1330 1277 1473 1348 roncinu
1493 1275 1666 1366 similiter,
1689 1297 1731 1347 ac
1751 1275 1888 1348 dnobus
1960 1315 1964 1322 ,

484 1400 663 1474 servitellis
679 1398 786 1490 nigris
805 1397 943 1470 nominc
960 1398 1078 1468 Musca
1102 1406 1137 1470 et
1155 1397 1315 1470 blarzucb
1335 1419 1399 1492 pro
1420 1398 1576 1492 personis
1593 1419 1714 1470 eorum
1735 1407 1885 1490 tantum,

483 1535 665 1622 postquam
693 1522 742 1594 ibi
765 1521 906 1609 luerint,
932 1519 977 1594 dc
999 1522 1145 1616 pecunia
1172 1521 1268 1594 curie
1289 1530 1403 1595 nostre
1423 1543 1493 1614 que
1514 1530 1567 1594 est
1588 1543 1650 1616 per
1670 1543 1793 1595 manus
1812 1533 1888 1596 tuas

483 1667 653 1743 expensus
665 1647 765 1738 juxta
780 1645 922 1718 assisam
940 1643 1035 1716 curie
1051 1653 1165 1716 nostre
1175 1644 1303 1718 debeas
1319 1643 1497 1717 exhibere.

530 1771 655 1841 Datum
673 1767 768 1862 apud
782 1767 892 1857 Pisas,
909 1767 1017 1838 XXIV
1032 1763 1240 1854 decembris,
1260 1767 1335 1840 lllll
1349 1766 1560 1840 indictionis.

530 1894 637 1963 item:

530 2013 747 2098 Fredericus,
769 2021 852 2100 etc,
876 2010 1041 2084 Riccurdo
1059 2011 1105 2084 de
1121 2011 1281 2104 Polcaro,
1299 2020 1366 2084 etc.
1388 2009 1472 2084 Cum
1490 2031 1546 2084 res
1561 2010 1733 2106 quasdam
1754 2033 1886 2088 camere

481 2151 597 2216 nostre
609 2139 722 2216 llcllie
738 2160 826 2234 quas
839 2138 876 2210 in
889 2137 996 2232 galeis
1012 2137 1231 2232 premisimus
1252 2137 1297 2210 de
1315 2137 1401 2210 Pisis
1419 2157 1530 2232 usqne
1548 2139 1744 2234 Neapolim,
1765 2141 1887 2214 aNca·

480 2263 551 2363 poli
570 2285 684 2359 usque
706 2261 891 2336 Canusium
912 2260 959 2335 ad
981 2283 1151 2335 cameram
1171 2270 1322 2334 nostram
1337 2281 1408 2356 que
1432 2261 1481 2333 ibi
1501 2269 1553 2335 est
1575 2261 1701 2335 deterri
1718 2264 1880 2350 velimus,

430 2427 433 2438 ·
480 2387 686 2462 mandamns
712 2395 883 2480 quatenus
906 2383 953 2458 ud
977 2385 1232 2480 requisitionem
1257 2383 1385 2456 Nicolai
1412 2381 1457 2457 du
1481 2383 1649 2458 Panormo
1671 2385 1787 2460 latoris
1807 2409 1883 2482 pre·

481 2511 630 2586 sentium
644 2530 700 2582 res
712 2509 806 2604 ipsas
817 2507 923 2580 iacias
933 2508 1015 2580 illuc
1030 2503 1212 2580 salubriter
1226 2505 1409 2600 deportari.

529 2636 655 2708 Datum
670 2629 724 2730 [ct
739 2627 872 2730 cumo}

536 3216 712 3300 Mandata
730 3213 835 3298 varia
852 3214 902 3295 ad
921 3211 1106 3298 Obertum
1124 3207 1474 3310 Fallamonuchnm,
1490 3203 1681 3316 Angelum
1698 3203 1746 3284 de
1762 3201 1883 3286 Murra

484 3359 520 3432 et
549 3347 808 3432 Alexandrum
833 3343 955 3428 filium
982 3342 1131 3430 Henrici
1153 3345 1202 3426 de
1225 3341 1398 3452 expensis
1423 3337 1578 3443 secreti,
1605 3337 1654 3420 de
1681 3359 1882 3443 respousa-

484 3481 584 3566 libus
602 3479 833 3584 differendis,
859 3478 908 3560 de
924 3475 1098 3586 expensis
1116 3474 1301 3558 Abdallae
1320 3472 1418 3558 servi
1435 3493 1620 3554 camerae.

566 3687 695 3769 (depost.
708 3689 812 3767 impar.
826 3681 947 3746 stada.
962 3683 1001 3758 11,
1016 3681 1066 3744 iol.
1081 3691 1119 3743 ⁴⁰
1136 3687 1230 3756 recto3
1245 3682 1277 3741 ln
1289 3679 1358 3741 edit
1374 3677 1510 3750 Curcum,
1524 3693 1555 3755 p.
1568 3676 1652 3747 ²99.)

533 3867 616 3937 item
637 3863 676 3936 dc
691 3862 848 3935 mundato
860 3863 948 3954 sacto
962 3883 1025 3954 per
1037 3839 1232 3952 mcpdtrttm
1243 3857 1440 3930 lliccordum
1458 3855 1497 3926 de
1518 3853 1666 3944 Trujcctc
1682 3850 1835 3944 scripsit:

532 3987 750 4077 Fredericns‚
774 3995 856 4074 etc,
881 3983 1030 4056 Obberto
1051 3981 1310 4054 Fallamonacbu
1331 3979 1453 4068 duan,
1475 3985 1541 4050 etc.
1563 3975 1711 4047 Lictaras
1732 3980 1768 4043 et
1793 3969 1881 4063 capi·

486 4115 554 4186 tula
574 4133 643 4208 que
663 4109 784 4184 misisti
810 4109 1002 4204 recepimus
1025 4115 1060 4178 et
1077 4107 1178 4201 pleno
1198 4103 1399 4198 collegimus
1424 4103 1613 4190 intellectu,
1638 4115 1741 4191 super
1759 4093 1882 4189 quibus

485 4235 688 4333 oportunius
713 4231 920 4305 comoditate
954 4237 1107 4324 captata,
1139 4225 1329 4299 deliberare
1362 4225 1496 4320 plenius
1522 4231 1557 4295 et
1589 4229 1739 4293 nostram
1769 4219 1881 4289 inteu-

486 4363 600 4436 dimus
616 4355 801 4431 rescribere
823 4353 1044 4425 voluntatem.
1067 4351 1117 4421 De
1134 4349 1296 4444 expensis
1319 4355 1435 4420 autom
1459 4345 1528 4418 tuis
1542 4363 1691 4438 quarum
1715 4360 1880 4414 summum

486 4469 676 4555 atmodum
695 4501 716 4552 a
734 4477 834 4550 uobis
851 4475 1101 4571 petiebaberc,
1124 4473 1284 4544 volumus
1305 4481 1340 4543 et
1360 4469 1565 4542 mandamns
1586 4479 1775 4562 quatenus,
1799 4463 1882 4560 sicut

465 4607 606 4684 ,secreti
627 4601 885 4702 predecessores
905 4597 955 4669 tui
974 4599 1019 4670 de
1038 4605 1164 4668 statuto
1184 4595 1279 4668 curie
1304 4601 1417 4666 nostre
1441 4597 1688 4665 consueverant
1717 4605 1882 4680 expensas

486 4731 637 4826 recipere
651 4728 695 4800 de
712 4724 936 4822 proventibus
952 4721 1047 4794 curie
1067 4729 1192 4809 nostre,
1213 4719 1313 4792 sicet
1329 4727 1366 4790 tu
1380 4717 1530 4813 recipere
1547 4713 1675 4788 debeas
1691 4709 1737 4784 de
1753 4707 1880 4781 eisdem
