4278 5920
480 575 538 637 116
977 578 1195 638 luinuuici
1218 577 1393 638 secerni
1701 580 1781 658 [Aac.
1800 581 1883 642 1237.

478 733 589 793 suam
611 707 775 819 gratiam
800 708 950 818 recipit,
970 735 1124 790 omnem
1143 734 1341 793 rancorem
1363 709 1418 791 eis
1440 709 1614 816 remittit,
1634 712 1829 822 privilegia
1850 723 1887 795 et

475 841 733 952 possessiones
764 839 984 947 confirmat,
1012 853 1050 925 et
1077 853 1210 925 eontra
1240 867 1374 926 omnes
1402 842 1637 926 adversarios
1663 845 1885 930 Mantuanos

475 975 629 1058 eosdem
648 999 672 1055 a
689 999 730 1056 ss
747 971 903 1081 suisque
919 973 1175 1058 defendendos
1191 975 1392 1083 promittit.

558 1177 681 1258 (laedit.
698 1194 737 1238 ex
754 1177 932 1238 chartulario
952 1179 1114 1240 Mantuano
1137 1195 1195 1240 sec.
1211 1179 1268 1242 XV
1285 1186 1422 1258 emam,
1436 1179 1489 1241 iol.
1510 1189 1546 1259 a,
1569 1179 1649 1258 apud
1666 1181 1820 1242 archivum
1840 1200 1883 1244 se-

594 1290 707 1345 cretum
726 1283 939 1356 Mantuanum3
961 1285 1042 1362 quod
1058 1285 1214 1346 uobiscum
1233 1301 1287 1346 sua
1303 1287 1389 1346 solita
1408 1285 1583 1348 liberalitato
1602 1290 1832 1349 communicavit
1844 1289 1883 1350 cl.

593 1393 640 1452 vir
651 1389 855 1468 Boebmeroa.)

495 1553 562 1638 'iu
582 1563 722 1636 nomine
741 1571 857 1636 sancte
885 1571 919 1634 et
943 1559 1128 1634 individue
1154 1561 1341 1634 Trinitatis.
1369 1561 1580 1654 Fridericus,
1600 1561 1722 1637 divina
1749 1565 1885 1639 saverne

474 1689 653 1764 clementia
677 1688 909 1760 Romanorum
936 1685 1134 1781 imperator,
1155 1707 1290 1782 sempev
1311 1696 1498 1780 augustus,
1516 1688 1702 1760 Jerusalem
1721 1697 1757 1759 et
1771 1689 1884 1762 Sicilie

474 1835 551 1888 rex.
569 1815 667 1886 Tunc
683 1811 855 1883 exaltatur
871 1810 1062 1882 Romanum
1082 1810 1266 1906 imperium
1289 1833 1368 1883 curn
1392 1811 1587 1906 supplicum
1609 1811 1771 1906 praeibas
1794 1833 1883 1885 eon-

472 1933 669 2023 desoendit‚
699 1943 782 2004 tunc
806 1930 969 2005 dilatatur
992 1934 1068 2026 ejus
1092 1933 1243 2027 potentis
1268 1955 1349 2006 cum
1375 1933 1413 2006 iu
1434 1935 1674 2008 severitatibus
1696 1943 1881 2026 coartatur,
1963 2003 1968 2012 .

473 2069 557 2132 tune
574 2057 682 2131 nobili
698 2077 794 2128 more
815 2076 853 2127 se
868 2055 1021 2128 vindicat
1043 2078 1122 2128 cum
1147 2056 1319 2151 indulgen
1338 2057 1401 2130 sed
1416 2057 1453 2129 in
1469 2059 1536 2131 illis
1555 2059 1731 2153 potissime
1746 2060 1881 2132 sereni-

473 2183 552 2256 tatis
572 2191 720 2271 auguste
746 2178 881 2252 claritas
909 2179 1015 2252 velud
1042 2179 1223 2273 quoddam
1249 2179 1348 2254 sidus
1368 2180 1529 2272 irradiat,
1553 2203 1642 2275 quos
1667 2182 1882 2276 abigentibus

472 2305 670 2400 aliquorum
690 2303 736 2375 ab
758 2301 900 2396 antique
923 2300 1116 2376 devotionis
1131 2310 1166 2373 et
1184 2300 1267 2373 fidei
1283 2301 1424 2397 pascuis
1438 2303 1639 2376 oberrantes
1657 2301 1704 2376 ad
1721 2305 1814 2378 ovils
1833 2304 1880 2401 (α)

473 2429 685 2504 dominicum
704 2449 783 2500 cum
803 2425 1079 2500 mansuetudinis
1096 2427 1220 2499 baculo
1234 2427 1355 2522 pocius
1368 2437 1526 2519 revocat,
1545 2451 1651 2523 quam
1669 2431 1768 2524 virga
1783 2451 1882 2503 seve·

471 2553 580 2628 nitatis
603 2551 766 2625 adducat.
787 2549 931 2623 Noverit
947 2551 1052 2644 igitur
1070 2559 1139 2623 am
1158 2571 1299 2645 prossus
1318 2559 1392 2623 etas
1413 2573 1519 2644 quam
1541 2573 1743 2625 successura
1761 2561 1880 2648 poste-

470 2677 571 2766 ritas,
599 2674 695 2771 quod
727 2695 805 2746 oum
838 2673 1014 2745 Mantuani
1039 2673 1135 2746 cives
1161 2671 1283 2746 ardore
1310 2695 1396 2768 pure
1419 2673 1593 2748 fidelitatis
1621 2687 1656 2747 et
1682 2675 1882 2748 devocionis

343 2807 346 2812 '
471 2799 625 2889 accensi,
646 2819 753 2892 qnam
777 2797 877 2870 nobis
896 2805 930 2868 et
950 2795 1094 2892 imperio
1109 2795 1330 2870 laudabiliter
1346 2797 1537 2870 exibebant
1555 2807 1624 2870 tam
1643 2806 1723 2872 ante
1738 2819 1883 2892 promo-

470 2925 597 2998 tionem
616 2941 753 2995 cesaree
769 2919 964 3014 dignitatis‚
986 2941 1090 3014 quam
1108 2929 1184 3014 post
1204 2931 1419 3019 assumptum
1436 2921 1570 3015 imperii
1592 2920 1768 3012 diadema,
1785 2931 1882 3015 grata

471 3058 505 3120 ei
527 3045 637 3120 ardua
661 3043 800 3117 servitia
819 3043 1029 3139 prostiterint
1052 3043 1161 3114 multa
1184 3042 1302 3136 nobis,
1327 3044 1405 3116 lieet
1430 3043 1648 3139 postmodnm
1672 3045 1800 3118 dolosis
1823 3067 1878 3119 se·

472 3169 567 3244 ducti
590 3167 753 3259 consiliis,
770 3167 886 3240 relicta
904 3168 962 3239 via
978 3166 1173 3240 devotionis
1192 3176 1330 3240 ostense
1348 3167 1409 3264 (i),
1431 3169 1599 3260 quosdam
1618 3169 1805 3264 aliquando
1822 3191 1881 3244 se·

470 3293 541 3366 cuti
566 3291 692 3366 inerint
709 3311 943 3387 perversores,
963 3289 1024 3382 qui
1041 3310 1110 3363 non
1129 3299 1210 3361 suut
1233 3289 1335 3362 veriti
1354 3311 1391 3362 se
1409 3289 1557 3363 rebelles
1574 3299 1690 3364 nostre
1709 3311 1884 3387 opponere

469 3415 651 3509 majestati,
664 3413 759 3488 unde
769 3435 839 3504 non
857 3413 1025 3486 immerito
1041 3412 1251 3487 videbantur
1263 3422 1413 3488 nostram
1427 3415 1666 3488 excellentiam
1676 3415 1879 3503 offendisse3

468 3561 532 3614 nos
557 3541 710 3636 ipsorum
724 3539 989 3612 Mantuanorum
1007 3539 1148 3633 pristina
1166 3549 1471 3612 commemorantes
1494 3538 1660 3628 servicia,
1686 3560 1756 3612 non
1772 3559 1882 3612 novos

467 3661 682 3736 attendentes
703 3683 886 3748 excessus,
904 3661 967 3734 sed
984 3671 1019 3732 et
1042 3648 1220 3754 antiquam
1237 3671 1272 3733 et
1294 3660 1493 3734 innovatam
1514 3659 1739 3734 devocionem
1761 3662 1881 3735 consi-

467 3785 630 3860 derantes
652 3807 789 3876 sorum,
808 3786 870 3880 qui
888 3785 1063 3858 humiliter
1087 3795 1297 3858 revertentes
1321 3785 1520 3859 fidelitatem
1549 3797 1664 3860 nostre
1685 3788 1879 3862 celsitudini

467 3909 619 3982 debitam
639 3911 863 4002 juraverunt,
891 3909 1132 3982 renunciantes
1156 3909 1347 4004 expressim
1371 3909 1531 3982 omnibus
1557 3910 1634 3983 aliis
1652 3911 1876 4005 juvamentis,

465 4054 536 4128 que
553 4033 589 4104 in
607 4033 839 4130 prejudicium
859 4033 947 4124 juris
964 4041 999 4104 et
1021 4032 1160 4106 honous
1179 4033 1314 4130 imperii
1333 4055 1394 4128 per
1410 4055 1470 4106 sos
1492 4033 1666 4108 luctenus
1689 4036 1777 4109 iacta
1800 4057 1880 4108 nos·

465 4165 607 4248 cuntur,
628 4164 663 4229 et
685 4156 878 4253 specialiter
898 4157 1104 4250 juramentis
1128 4157 1301 4230 societatis
1320 4157 1405 4232 inite
1424 4179 1505 4230 cum
1521 4157 1741 4249 Lumbardis;
1763 4181 1781 4228 «
1798 4157 1881 4254 quia

464 4281 702 4354 misericordia
737 4292 771 4356 et
802 4282 931 4356 veritas
963 4283 1227 4357 custodiremut
1266 4303 1383 4374 regem
1425 4292 1460 4356 et
1491 4284 1672 4358 roboratur
1701 4283 1881 4357 clementia

464 4405 608 4480 thronus
629 4406 722 4500 ejus,
741 4431 760 4476 n
779 4407 825 4481 de
840 4407 958 4481 innata
977 4407 1078 4481 nobis
1099 4407 1365 4481 mansuetudine
1390 4407 1482 4480 circa
1503 4429 1563 4482 eos
1585 4406 1773 4504 aperienda
1795 4427 1882 4502 pru·

504 4572 547 4655 (a)
569 4575 604 4635 In
619 4574 796 4636 chartulario
805 4570 887 4637 oliva
905 4539 910 4552 ⁸

505 4679 547 4761 (t)
568 4681 682 4742 lbldcm
695 4688 820 4762 opleulc.
