4226 5900
181 585 280 648 lsnrcr.
301 579 360 664 11]
629 575 823 638 urseolus
848 572 1139 634 nlrnoltanlctt.

410 883 955 908 n——m-nna—-n———b--t
964 885 1371 900 amn-.-.m

234 1214 456 1300 Mandatum
475 1215 525 1298 ad
543 1225 728 1298 secretum
750 1215 943 1299 Messanae
963 1223 1007 1296 ut
1030 1215 1080 1298 ad
1097 1215 1244 1298 curiam
1261 1212 1391 1298 omnia
1408 1239 1506 1324 quae
1523 1238 1592 1322 per
1651 1221 1764 1369 {W
1905 1307 1910 1322 ι

183 1373 322 1432 manus
354 1347 438 1457 ejus
474 1349 637 1432 transire
668 1346 868 1456 contigerit
897 1347 1058 1431 fideliter
1088 1346 1297 1458 significet,
1330 1373 1419 1430 oum
1449 1373 1592 1458 magna
1627 1327 1790 1424 ’111111

185 1480 362 1564 Matthaei
379 1480 614 1566 Marcalabae
631 1479 929 1589 praedecessoris
946 1479 1029 1590 ejus
1046 1479 1387 1564 commendatione.

266 1725 392 1808 (chut.
407 1726 511 1806 impar.
526 1721 644 1786 laeda.
657 1723 697 1802 11,
712 1723 765 1788 101.
786 1733 822 1788 ta
836 1740 935 1798 1010ος
950 1724 1067 1786 110111.
1081 1723 1314 1802 summan
1330 1723 1411 1804 251.)

234 1947 281 2016 De
298 1944 469 2038 imperiali
484 1923 643 2016 10001010
660 1947 749 2035 [octo
761 1966 825 2038 per
842 1945 1039 2036 mopistrom
1060 1945 1102 2016 ll.
1127 1943 1167 2016 dc
1183 1945 1443 2015 Petroatormr'ao
1460 1947 1595 2039 scripsit

186 2068 414 2140 Laurentius:

234 2190 453 2278 Frodericus‚
482 2199 567 2280 eta,
599 2185 719 2281 Maiori
749 2188 794 2261 de
818 2189 1023 2262 Planoatone
1044 2199 1173 2262 secreto
1203 2189 1376 2278 Messana,
1408 2197 1475 2262 etc.
1504 2189 1597 2262 Solet

188 2335 270 2410 sepe
285 2315 505 2407 contingere,
525 2313 677 2386 maxims
697 2333 776 2385 cum
794 2311 949 2384 officialis
965 2312 1092 2406 aliquis
1110 2315 1146 2384 in
1165 2313 1279 2386 officio
1300 2313 1397 2386 curio
1419 2323 1534 2389 nostre
1552 2314 1598 2388 de

188 2458 281 2512 novo
298 2437 470 2530 statuitur,
484 2446 525 2508 ut
536 2437 643 2530 aliqui
658 2457 679 2508 0
693 2437 793 2509 nobis
808 2437 864 2509 vel
881 2435 977 2530 quod
996 2445 1048 2509 est
1065 2437 1175 2529 gratia
1190 2437 1285 2509 velut
1294 2436 1425 2529 justitie
1440 2436 1598 2510 debitum

189 2562 352 2656 exigant,
372 2563 430 2634 vel
446 2581 645 2656 processum
669 2559 930 2654 precedentium
955 2559 1152 2632 officialium
1178 2559 1382 2651 injuriosum
1409 2581 1512 2654 super
1536 2561 1599 2632 ali·

189 2687 318 2781 quibus
339 2706 459 2758 sorum
478 2683 627 2778 negotiis
644 2693 810 2774 asserant,
830 2694 865 2756 at
886 2705 1043 2778 unquam
1065 2691 1257 2778 sperantes,
1277 2692 1417 2778 propter
1432 2684 1599 2777 ignoran-

190 2811 274 2884 tiam
287 2809 371 2882 novi
382 2807 536 2880 officialis
552 2806 707 2901 quicum
723 2805 826 2879 modo
841 2805 916 2903 (sic)
929 2805 975 2880 de
987 2805 1113 2878 nostris
1125 2805 1279 2901 ipsamm
1293 2805 1442 2900 partium
1454 2808 1600 2901 negotiis

190 2934 321 3027 quibus
342 2931 501 3005 statuitur
517 2928 704 3002 instructus
720 2951 790 3002 nou
811 2937 880 3020 est,
905 2949 948 3002 ea
970 2950 1040 3023 que
1064 2929 1161 3024 prius
1185 2949 1258 3001 non
1281 2937 1439 3023 poterant
1466 2931 1600 3005 facilius

191 3056 380 3128 obtineant.
401 3054 486 3127 Cum
506 3053 614 3145 igitur
632 3055 781 3125 velimus
805 3051 942 3124 malitiis
958 3051 1102 3125 obviare
1122 3051 1168 3124 ne
1186 3052 1265 3144 jura
1285 3061 1400 3124 nostre
1419 3054 1515 3126 curie
1539 3077 1602 3150 per

193 3179 432 3274 subreptiones
447 3177 557 3248 minui
576 3185 611 3248 et
628 3175 780 3248 fraudari
794 3173 987 3268 contingat,
1011 3174 1167 3248 fidelitati
1183 3183 1243 3247 tua
1259 3175 1485 3270 precipiendo
1503 3199 1602 3250 man-

195 3301 319 3375 damus
346 3309 517 3394 quatenus
535 3299 565 3370 si
584 3297 725 3392 quando
743 3298 804 3370 tibi
819 3297 866 3370 ad
885 3299 1030 3390 alicujus
1050 3299 1334 3394 supplicationem
1352 3300 1604 3374 commistimus

194 3423 415 3518 exequenda,
433 3422 616 3516 inquibus
638 3423 857 3516 aliquatenus
872 3431 989 3494 nostre
1008 3423 1104 3494 curie
1116 3422 1174 3512 jus
1192 3431 1362 3514 angatur,
1380 3425 1605 3518 personaliter

194 3547 349 3640 inquiras
364 3555 399 3618 at
418 3545 507 3619 scias
523 3547 624 3640 plene
636 3546 695 3637 jus
717 3546 852 3640 ipsum,
877 3566 919 3618 00
937 3545 1024 3618 illud
1041 3567 1251 3618 conservans
1264 3555 1299 3618 et
1312 3567 1520 3640 promovens
1543 3569 1606 3644 per

197 3668 312 3740 omnia
328 3677 398 3740 tam
416 3666 461 3740 de
479 3668 556 3763 ipso
578 3689 683 3761 quam
706 3667 752 3740 de
769 3668 931 3740 omnibus
949 3667 1026 3739 aliis
1046 3668 1192 3761 negotiis
1209 3689 1279 3761 que
1296 3668 1399 3740 etiam
1417 3671 1491 3743 sine
1508 3693 1607 3744 man-

199 3790 279 3864 dato
300 3801 416 3863 nostro
441 3811 504 3884 per
528 3790 665 3862 lieteras
687 3790 750 3862 tibi
777 3791 867 3862 lacto
890 3811 952 3884 per
971 3812 1095 3863 manus
1120 3800 1196 3864 tuas
1215 3791 1359 3864 transire
1380 3795 1608 3890 contingerint

198 3913 256 3987 vel
272 3913 319 3987 ad
343 3913 499 3985 notitiam
525 3922 620 3985 tuam
638 3913 874 4006 pervenerint,
898 3934 959 4008 per
982 3915 1133 4010 capitula
1151 3923 1186 3987 at
1205 3914 1339 3989 lioteras
1359 3926 1436 3990 tuas
1461 3917 1608 3994 fideliter

201 4046 235 4109 et
255 4035 414 4110 distincte
436 4058 499 4109 nos
516 4035 684 4122 instruas,
709 4044 749 4107 ut
771 4035 897 4128 injuste
916 4037 1207 4132 conquerentibus
1227 4038 1419 4112 seeundum
1440 4043 1607 4134 justitiam

202 4158 409 4253 respondere
441 4159 613 4254 possimus
648 4159 804 4230 instructi
831 4167 866 4231 et
890 4160 1011 4232 ceteris
1034 4161 1296 4236 adinventiones
1320 4164 1448 4237 malitie
1473 4167 1607 4260 preclu-

203 4281 343 4373 dantur,
367 4291 401 4354 te
426 4302 568 4375 quoque
589 4281 711 4355 mento
733 4282 1033 4373 commendemus3
1060 4284 1138 4357 licet
1164 4286 1247 4362 satis
1267 4286 1422 4362 studiose
1445 4311 1488 4362 ac
1509 4289 1609 4385 plene

202 4404 250 4476 11.
269 4401 491 4476 1101011οῑ010
504 4402 726 4499 predecessor
742 4414 823 4477 tuus
841 4406 954 4478 extitit
967 4417 1144 4500 executor,
1165 4410 1248 4504 quia
1266 4411 1382 4483 omnia
1399 4412 1499 4484 nobis
1521 4413 1609 4485 scri·

203 4528 285 4600 bere
302 4549 372 4600 non
390 4528 559 4617 cessabat,
582 4537 616 4600 et
636 4528 716 4620 jura
735 4549 776 4602 00
798 4529 961 4602 utilitates
983 4539 1097 4605 nostre
1123 4533 1220 4606 curie
1239 4533 1352 4606 taliter
1367 4535 1544 4610 zelabatur
1568 4559 1610 4611 ac

203 4651 232 4721 si
248 4671 439 4744 numquam
460 4651 504 4724 de
527 4651 603 4724 aliis
626 4652 804 4747 cogitaret,
823 4653 921 4746 cujus
937 4652 1110 4727 delectum
1130 4656 1166 4728 in
1184 4656 1344 4729 omnibus
1357 4657 1459 4731 bonis
1477 4659 1611 4733 actibus

281 4773 320 4834 V.
1411 4790 1447 4844 57
