4242 5904
1021 589 1235 652 volutatur
1261 593 1433 654 SECUNDI
1744 599 1823 678 [Ass.
1844 600 1928 665 1288.

573 1171 810 1278 Fridericus,
839 1169 1099 1254 Romanorum
1135 1169 1359 1280 imperator,
1393 1173 1544 1256 nuntiat
1578 1175 1767 1259 Richardo
1804 1179 1931 1262 comiti
2061 1251 2063 1257 Α

522 1303 736 1388 Comubiae
754 1303 899 1387 sororio
922 1329 992 1386 suo
1014 1311 1145 1384 natam
1170 1302 1243 1384 sibi
1261 1331 1307 1386 ex
1332 1315 1505 1389 consorte
1529 1332 1600 1389 sua
1621 1333 1760 1392 novam
1786 1310 1931 1417 prolem

519 1437 785 1540 masculinam,
813 1436 923 1545 cujus
940 1443 1047 1518 ortus
1065 1435 1115 1518 ad
1132 1436 1399 1519 exaltationem
1416 1439 1564 1548 imperii
1580 1449 1618 1522 et
1634 1439 1827 1523 affinitatis
1844 1469 1931 1525 arc-

518 1571 699 1654 tationem
717 1569 928 1678 plurimum
945 1568 1097 1652 valebit.

600 1789 697 1868 (Edit.
720 1804 769 1865 up.
791 1788 893 1848 Mirr.
908 1785 1017 1859 Psnrs,
1032 1786 1163 1846 Historia
1176 1787 1270 1866 major
1283 1783 1406 1866 Araplor.
1421 1785 1460 1847 ad
1481 1803 1549 1847 ann.
1575 1795 1663 1860 1²88,
1681 1804 1713 1864 p.
1737 1796 1793 1848 81⁵
1818 1789 1928 1868 (rurs,

642 1893 758 1972 sord.)

569 2079 778 2162 Fridericus‚
790 2079 850 2150 Dei
866 2079 976 2173 gratia
989 2080 1218 2152 Romanorum
1233 2079 1420 2174 imperator
1433 2099 1568 2174 semper
1575 2087 1757 2172 augustus,
1770 2080 1931 2153 Hierusa-

520 2207 587 2277 lem
609 2211 644 2275 et
662 2203 776 2275 Sicilie
795 2223 876 2290 rex,
897 2201 1069 2274 Richardo
1087 2203 1201 2274 comiti
1220 2202 1391 2276 Comubis
1410 2203 1535 2276 dilecto
1560 2203 1690 2276 sororio
1704 2225 1770 2276 suo
1786 2203 1929 2276 salutem

434 2347 436 2352 ·
520 2336 554 2400 et
580 2349 682 2399 omne
711 2327 854 2399 bonum.
882 2327 967 2400 Rem
988 2325 1176 2419 jocundum
1198 2335 1234 2399 et
1253 2327 1495 2400 communibus
1514 2327 1697 2401 desideriis
1717 2336 1929 2423 expectatam

521 2474 590 2546 que
606 2473 666 2546 pre
680 2451 803 2523 ceteris
820 2449 998 2522 hominum
1015 2451 1107 2522 votis
1123 2449 1249 2544 gratior
1263 2471 1310 2522 cx
1329 2447 1499 2523 beneficio
1517 2459 1639 2524 nature
1653 2450 1853 2545 suscipitur,
1871 2473 1930 2545 per

519 2597 626 2670 qnam
641 2583 775 2670 sceptra
791 2574 1007 2668 regnantium
1025 2582 1142 2669 optata
1164 2573 1384 2646 successione
1398 2574 1566 2666 beantur,
1583 2583 1678 2648 tanto
1699 2579 1868 2670 maturius
1884 2573 1929 2647 ad

521 2707 617 2772 tuam
636 2699 804 2772 duximus
820 2699 975 2772 notitiam
991 2698 1230 2794 perferendam
1252 2707 1382 2794 quanto
1403 2719 1534 2772 moram
1557 2720 1628 2774 non
1646 2701 1775 2794 patitur
1795 2701 1929 2774 novitas

519 2821 640 2916 gaudii
667 2821 896 2894 succedentis.
923 2819 1033 2894 Adest
1054 2822 1145 2894 enim
1174 2821 1274 2894 nobis
1303 2822 1447 2896 celebris
1472 2823 1713 2896 insinuationis
1733 2823 1930 2916 jocunditas

518 2968 623 3041 quam
650 2946 880 3041 expectationi
907 2955 1021 3018 vestre
1045 2946 1257 3040 presentium
1280 2945 1370 3020 serie
1394 2948 1594 3020 nuntiamus
1612 2947 1708 3042 quod
1729 2949 1929 3045 disponente

517 3070 739 3143 Providentia
758 3071 885 3141 summi
907 3071 998 3164 regis
1018 3071 1079 3164 qni
1103 3069 1294 3142 detortum
1317 3070 1458 3163 regibus
1479 3073 1760 3162 cessissemus
1785 3083 1929 3162 auguste

518 3195 683 3267 consortis
699 3206 815 3267 nostre
826 3194 949 3267 sororis
960 3205 1019 3267 tue
1036 3193 1185 3267 fecundo
1201 3195 1333 3285 mensio
1351 3195 1453 3268 datus
1468 3204 1520 3267 est
1535 3196 1636 3268 nobis
1655 3207 1778 3270 octavo
1795 3197 1928 3270 decimo

519 3318 578 3391 die
606 3319 735 3390 mensis
762 3317 925 3390 februarii
949 3339 1062 3390 novus
1084 3316 1176 3391 lilius
1200 3327 1234 3392 et
1254 3339 1362 3414 nepos
1389 3341 1502 3392 novus
1522 3328 1623 3392 natus
1643 3329 1696 3393 est
1722 3321 1798 3394 tibi.
1826 3323 1928 3417 Cujus

518 3451 615 3516 ortus
629 3442 717 3538 patri
731 3449 766 3514 et
782 3442 954 3515 avunculo
968 3441 1059 3515 cedit
1073 3443 1119 3516 ad
1131 3443 1288 3536 gloriam,
1307 3441 1407 3515 matri
1426 3453 1570 3516 renovat
1583 3445 1765 3538 gaudium,
1786 3455 1820 3518 et
1833 3467 1928 3542 spem
2008 3531 2012 3540 ¹

517 3567 714 3640 corroborat
730 3565 968 3659 subditorum
990 3567 1027 3638 in
1043 3589 1114 3661 quo
1132 3577 1253 3640 mutue
1272 3567 1551 3663 dilectionisque
1569 3567 1671 3642 simol
1687 3568 1828 3642 vinculo
1847 3571 1929 3642 affi-

517 3691 634 3764 nitatis
652 3691 891 3785 astringimur,
917 3689 1096 3764 roboratur
1122 3691 1300 3784 integritus
1327 3700 1361 3764 et
1384 3689 1430 3764 ad
1448 3691 1680 3787 prosperitatis
1705 3702 1928 3787 augmentum

517 3814 762 3890 desideriosius
782 3823 993 3910 propagatur
1008 3836 1050 3888 ac
1064 3817 1174 3887 virtus
1192 3835 1262 3909 que
1273 3815 1442 3908 contingit
1462 3825 1655 3908 prematura
1672 3815 1854 3889 Cesaribus
1867 3817 1929 3888 in·-

517 3937 631 4011 dolem
649 3959 748 4010 suam
765 3939 811 4012 ad
829 3959 1011 4010 commune
1026 3937 1193 4032 gaudium
1209 3949 1244 4012 ct
1262 3937 1427 4012 honorem
1444 3959 1604 4033 processu
1624 3939 1787 4035 temporis
1805 3940 1930 4034 gratis-

515 4062 638 4136 simam
654 4061 871 4158 repromittit.
891 4060 1072 4136 Accedunt
1088 4063 1192 4136 otiam
1211 4062 1312 4136 nobis
1329 4063 1485 4156 ejusdem
1505 4085 1596 4137 nove
1615 4063 1721 4159 prolis
1737 4085 1817 4136 oum
1833 4067 1930 4140 exal·

516 4187 646 4260 tatione
672 4185 866 4278 cunabula,
887 4207 995 4279 quum
1021 4187 1135 4260 felices
1154 4208 1336 4283 processus
1359 4196 1492 4261 nostros
1518 4187 1553 4260 in
1581 4171 1676 4262 ltalia
1702 4190 1774 4280 Jam
1805 4189 1930 4263 nostris

515 4310 622 4382 titulis
638 4309 825 4383 accedente
839 4331 880 4381 ac
893 4309 1036 4384 victorie
1050 4319 1166 4384 nostre
1184 4311 1362 4406 prostratis
1378 4311 1535 4386 hostibus
1546 4313 1701 4407 auspicis
1714 4314 1805 4388 sotici
1816 4313 1929 4388 sidero

516 4434 735 4508 comitentur.
756 4432 911 4528 Cumque
928 4435 1053 4507 nostris
1069 4434 1226 4508 felicibus
1244 4435 1450 4510 continuatis
1463 4437 1645 4510 eventibus
1662 4459 1703 4510 ac
1725 4437 1925 4534 triumphis,

514 4560 648 4633 soboles
668 4566 784 4654 optata
808 4559 1035 4644 concurrerit,
1057 4559 1092 4630 in
1111 4581 1153 4634 eo
1171 4557 1380 4634 confidimns
1396 4561 1460 4656 qui
1483 4573 1559 4657 post
1583 4572 1695 4635 ortum
1717 4559 1788 4636 filie
1807 4561 1853 4638 de
1871 4563 1927 4635 ls-

514 4679 628 4756 ounda
643 4692 799 4758 consorte
816 4692 932 4762 nostra
951 4703 1069 4757 sorore
1082 4691 1141 4758 tua
1154 4685 1285 4779 prolem
1304 4686 1448 4759 contulit
1468 4686 1710 4780 masculinam,
1731 4685 1928 4782 quodsuti·
