4278 5920
216 614 316 674 lrnrcn
336 609 396 693 lt]
664 605 864 666 ltlsrulttn
890 603 1184 667 utetottsllcll.
1581 607 1638 668 lus

217 768 296 820 men
316 743 509 831 attrahere,
537 751 577 813 ut
591 739 637 814 de
663 741 706 812 iis
727 741 831 812 simul
855 749 891 812 et
910 739 1016 812 semel
1032 750 1184 834 optatam
1207 737 1387 810 victoriam
1406 738 1634 836 haberemus,

217 870 403 944 casualiter
430 878 544 940 umen
571 865 716 938 feliciter
739 863 884 958 contigit
908 873 947 936 ut
967 863 1282 937 Mediolanensibus
1307 873 1485 937 eteorum
1513 887 1638 960 sequu-

218 994 320 1066 cibus
356 993 402 1065 ad
432 989 666 1062 brixiensium
696 987 893 1060 subsidium
923 987 1095 1078 evocatis,
1122 1007 1165 1058 uc
1196 986 1373 1080 interjecto
1401 987 1638 1064 internosci

218 1138 282 1190 ecs
309 1115 464 1188 fluminis
490 1112 674 1206 cujusdam
702 1111 899 1200 obstaculo,
926 1131 998 1205 quo
1025 1111 1132 1183 veluti
1160 1110 1313 1203 quodam
1340 1111 1533 1185 munimine
1561 1114 1638 1186 cin·

217 1238 416 1332 gebantur,
448 1236 538 1308 ultra
565 1235 695 1306 ssumen
725 1233 810 1305 Lolii
836 1243 946 1304 castra
972 1241 1087 1304 nostra
1110 1232 1318 1305 reduximus
1345 1255 1387 1306 ac
1414 1231 1542 1308 deinde
1566 1259 1637 1332 po-

217 1361 311 1456 pulis
337 1369 372 1432 et
398 1359 566 1430 militibus
584 1359 785 1446 civitatum,
804 1356 967 1430 fidelibus
983 1357 1127 1445 nostris,
1152 1357 1198 1428 ad
1220 1357 1357 1451 propria
1387 1357 1633 1450 redeuntibus,

217 1508 309 1580 quos
334 1487 508 1580 insperate
530 1504 629 1556 more
655 1481 788 1554 tedium
815 1491 849 1554 et
868 1481 1110 1576 importunitas
1134 1482 1297 1576 temporis
1324 1481 1480 1555 detinere
1504 1483 1637 1558 diutius

217 1631 289 1684 non
314 1609 493 1699 sinebant,
513 1629 593 1679 cum
619 1605 785 1702 expedita
805 1605 927 1676 militia
953 1615 1053 1676 tenus
1075 1605 1168 1699 ripas
1193 1627 1240 1678 ex
1263 1605 1332 1678 alia
1360 1617 1457 1700 parte
1484 1607 1636 1683 fluminis

216 1731 336 1806 festini
365 1731 561 1804 direximus
585 1751 725 1824 gressus
752 1737 886 1802 nostros
911 1728 957 1800 ad
981 1737 1122 1822 pontes,
1151 1751 1215 1822 per
1241 1749 1329 1822 quos
1359 1729 1426 1824 ipsi
1451 1730 1637 1806 redeuntes

216 1855 264 1930 ad
280 1856 421 1952 propria
443 1854 588 1926 transire
609 1851 796 1926 debebant.
815 1853 857 1924 Et
870 1852 921 1926 sic
934 1875 1014 1925 cum
1033 1853 1070 1924 in
1083 1854 1240 1925 cavernis
1255 1855 1379 1926 morari
1399 1853 1531 1928 diutius
1547 1859 1635 1930 ultra

215 1981 368 2068 flumen,
390 2001 507 2051 rerum
532 1979 626 2072 ipsos
648 1987 786 2050 arcente
811 1979 975 2072 penuria,
1003 1997 1071 2048 non
1097 1976 1271 2067 valerent,
1299 1978 1574 2054 Mediolanenses
1601 1995 1635 2056 et

215 2105 302 2177 socii
321 2126 384 2199 per
402 2111 523 2198 pontes
539 2111 573 2175 et
595 2100 687 2174 vada
705 2101 859 2173 fluminis
882 2101 956 2173 Olei
979 2110 1210 2192 transcuntes,
1227 2101 1263 2172 in
1280 2110 1434 2196 apertam
1453 2105 1634 2198 planiciem
1704 2127 1711 2140 ·

215 2227 418 2318 exiverunt,
437 2225 620 2299 credentes
631 2246 670 2297 ss
688 2225 789 2297 nobis
805 2247 865 2319 per
880 2223 1076 2296 subsidium
1092 2224 1226 2296 occulte
1241 2225 1324 2316 suge
1338 2225 1527 2319 subripere,
1549 2227 1633 2300 dum

216 2371 280 2422 nos
298 2349 389 2422 adeo
412 2371 520 2444 prope
546 2349 732 2422 consistere
757 2348 897 2421 forsitan
921 2369 989 2420 non
1017 2356 1189 2442 putarent.
1213 2347 1281 2420 Sed
1305 2369 1384 2419 cum
1408 2347 1454 2420 de
1478 2349 1632 2424 advento

215 2483 334 2545 nostro
359 2483 467 2546 terror
492 2483 527 2544 et
558 2473 714 2544 fremitus
732 2481 899 2566 tauquam
923 2471 968 2544 de
989 2473 1062 2544 celo
1085 2471 1274 2544 tonitruum
1298 2471 1383 2566 ipsis
1400 2473 1568 2564 intonuit,
1587 2475 1634 2548 ad

214 2597 402 2692 premissas
419 2607 533 2669 nostre
551 2596 769 2669 celsitudinis
786 2597 895 2683 acies,
916 2595 1014 2690 prius
1031 2597 1134 2668 ctiam
1152 2617 1258 2688 quam
1282 2596 1476 2689 aquilarum
1496 2599 1632 2693 imperii

214 2720 372 2792 victricia
388 2721 488 2812 signa
504 2720 756 2816 prospicerent,
775 2721 811 2790 in
826 2722 945 2812 lugam
961 2720 1012 2792 sic
1028 2720 1144 2792 subito
1160 2740 1182 2790 a
1203 2719 1291 2791 facie
1308 2730 1423 2793 nostra
1443 2723 1578 2794 contriti
1596 2745 1634 2796 se

214 2853 478 2936 converterunt,
496 2864 567 2938 quo
585 2842 758 2938 usquead
775 2865 895 2915 eorum
913 2844 1104 2928 carocium,
1126 2843 1220 2936 quod
1235 2843 1331 2937 apud
1354 2843 1489 2917 Curtem
1501 2847 1632 2919 Novam

214 2969 251 3039 in
269 2989 441 3062 equorum
456 2967 630 3040 celeritate
647 2967 884 3062 premiserant,
902 2959 1084 3059 fugientes,
1104 2966 1224 3037 iaciem
1236 2975 1430 3038 nostrorum
1446 2968 1632 3062 insequen-

214 3091 306 3163 tium
328 3101 483 3186 spectare
503 3091 701 3185 nequirent.
720 3091 766 3162 Et
783 3090 867 3162 dum
890 3090 1078 3162 auxiliares
1094 3090 1201 3179 acies,
1220 3099 1256 3160 ct
1281 3099 1358 3184 post
1385 3112 1446 3163 eas
1472 3114 1632 3166 nuscum

214 3225 411 3288 nostrorum
432 3215 609 3310 agminum
626 3215 766 3306 robore,
793 3214 967 3308 gressibus
991 3213 1174 3304 festinatis,
1196 3214 1264 3285 biis
1294 3215 1356 3308 qui
1379 3215 1415 3286 in
1434 3217 1503 3289 levi
1526 3239 1632 3290 manu

213 3348 455 3435 precesserant
489 3340 687 3411 necessario
716 3359 822 3410 cursu
849 3359 1049 3410 succurrere
1073 3339 1313 3428 crederemus,
1344 3361 1433 3434 quos
1463 3342 1633 3414 adversa·

213 3461 348 3534 riorum
370 3461 601 3556 pugnantium
628 3461 764 3534 viribus
783 3461 1010 3534 credebamus
1028 3461 1152 3552 arceri,
1171 3483 1340 3556 equorum
1365 3463 1498 3557 absque
1521 3487 1633 3539 sesso-

212 3585 314 3658 ribus
336 3585 575 3658 cursitantium
598 3586 773 3679 undique,
797 3585 1075 3680 precipitatorum
1102 3586 1248 3658 militurn
1272 3601 1307 3660 et
1329 3589 1521 3661 occisorum
1545 3599 1632 3663 stra·

212 3709 320 3804 gibus
351 3717 474 3780 stratas
503 3708 700 3782 invenimus
727 3708 921 3804 impeditas.
958 3709 1088 3780 Erectis
1119 3718 1235 3782 tamen
1267 3721 1302 3783 et
1334 3713 1449 3805 ligatis
1478 3714 1514 3784 in
1543 3722 1632 3787 terra

210 3832 411 3924 jacentibus
429 3834 491 3926 qui
505 3833 673 3906 vivebant
686 3854 749 3928 per
762 3833 952 3927 armigeros
964 3833 1110 3906 militum
1123 3835 1184 3928 qui
1198 3834 1357 3907 dominos
1377 3838 1630 3930 sequebantur,

212 3956 262 4030 ud
281 3956 495 4028 carruchium
514 3955 655 4030 tandem
672 3957 768 4052 quod
782 3959 884 4048 juxta
901 3979 1018 4029 murus
1038 3957 1218 4052 municipii
1240 3957 1352 4030 Curtis
1369 3960 1466 4032 Nove
1490 3962 1632 4034 fossato·

213 4101 295 4154 rum
319 4081 421 4152 vallis
440 4080 692 4152 circumdatum
717 4090 751 4152 et
774 4081 940 4154 immensa
965 4082 1113 4153 militum
1131 4083 1228 4176 copia
1252 4091 1286 4154 et
1306 4105 1450 4156 suorum
1476 4085 1632 4157 omnium

212 4203 374 4299 pediturn
396 4203 484 4276 mira
511 4205 711 4278 defensione
729 4205 958 4301 pugnantium
981 4205 1152 4275 munitum
1174 4205 1374 4278 invenimus
1400 4209 1630 4303 applicantes,

212 4327 261 4400 ad
280 4330 576 4423 expugnationem
595 4339 630 4402 et
644 4340 822 4425 capturam
837 4329 947 4424 ipsius
958 4328 1171 4400 memorabili
1184 4332 1385 4402 strenuitate
1400 4333 1630 4426 perstitimus3

213 4451 306 4524 adeo
328 4452 424 4546 quod
442 4455 593 4549 superbo
615 4455 729 4527 fossati
756 4454 939 4550 supercilio
957 4463 1135 4548 superato,
1158 4475 1269 4547 usque
1288 4453 1333 4525 ad
1349 4455 1543 4528 themoucm
1562 4458 1634 4529 lere

216 4575 345 4647 carccii
378 4598 424 4650 ex
455 4577 582 4649 nostris
612 4578 747 4672 aliquos
776 4577 931 4650 vidimus
961 4578 1173 4673 pervenisse.
1206 4579 1486 4672 Supervenientis
1517 4589 1633 4651 autern

216 4697 331 4772 noctis
352 4701 514 4776 umbrosa
528 4701 695 4796 caligine,
712 4723 818 4796 quam
832 4709 1025 4775 nostrorum
1043 4711 1125 4774 vota
1140 4703 1373 4796 longissimam
1392 4703 1629 4800 suspirabant,
