4224 5898
960 565 1173 624 uuluuulcl
1195 561 1367 625 suculam
1687 559 1768 640 [Aru.
1786 559 1872 622 1238.

672 851 1662 870 *manau-affl

255 1145 424 1244 sfffill’..
511 1149 745 1254 Fridericus,
775 1150 1035 1232 Romanorum
1071 1148 1294 1256 imperator,
1327 1146 1525 1230 Ezelinum
1551 1148 1599 1230 de
1624 1147 1798 1230 Romano
1824 1146 1872 1228 dc

457 1281 640 1366 fidelitate
662 1282 955 1388 commendans,
981 1281 1016 1362 ei
1034 1281 1237 1389 respondet
1263 1306 1304 1362 sc
1328 1280 1459 1362 mirari
1477 1279 1583 1390 quod
1601 1280 1679 1364 dzo
1701 1279 1872 1362 marchio

456 1413 625 1498 Estensis
644 1438 667 1493 e
685 1411 760 1494 lide
781 1421 939 1521 paterne
960 1436 1053 1520 erga
1075 1437 1115 1492 se
1132 1409 1311 1493 defecerit
1334 1411 1433 1493 sicut
1449 1421 1488 1492 et
1506 1409 1652 1494 nobiles
1682 1409 1871 1492 Merchiae

393 1551 397 1560 '
457 1545 688 1651 Tarvisinae,
704 1544 931 1652 nuntiatque
949 1568 990 1626 se
1007 1543 1108 1624 circa
1124 1541 1226 1624 diem
1245 1543 1501 1626 conversionis
1518 1542 1618 1625 beati
1636 1541 1744 1624 Pnuli
1765 1541 1871 1650 apud

456 1677 567 1760 istem
588 1675 793 1760 Murchiam
816 1699 888 1784 pro
905 1685 1007 1757 certo
1026 1671 1248 1756 offuturum.

537 1889 671 1968 (lldldcr.
686 1888 887 1948 Bounomos
901 1904 949 1964 ap.
964 1887 1145 1962 Maurour,
1160 1887 1281 1968 script,
1293 1893 1367 1948 tom.
1383 1886 1467 1960 Vlll,
1485 1903 1516 1964 p.
1534 1895 1600 1948 224.
1616 1917 1657 1932 -
1668 1886 1781 1960 Leuso,
1795 1881 1866 1946 Cod.

574 1993 643 2056 Ital.
659 1991 794 2075 diplom„
804 2001 877 2056 tom.
891 1994 948 2067 Ill,
958 2010 990 2071 p.
1008 2003 1097 2056 1959.
1108 1995 1263 2070 -Vsncr‚
1275 1997 1353 2054 διον.
1369 1991 1447 2076 decli
1454 1991 1563 2068 sed„
1575 2001 1649 2055 tom.
1664 1993 1721 2066 ΙΙΙ,
1730 2002 1764 2053 n⁰
1777 1991 1865 2067 CLI.)

502 2175 724 2267 Fredericus,
751 2157 813 2248 Dei
840 2176 950 2269 gratia
974 2175 1158 2270 imperator
1180 2177 1413 2248 Romanorum
1439 2185 1626 2267 augustus,
1656 2173 1866 2246 Hierusalem

453 2309 488 2372 et
506 2299 620 2372 Sicilie
640 2319 724 2386 rex,
749 2297 875 2370 dilecto
899 2295 994 2370 fideli
1017 2318 1082 2370 suo
1103 2297 1264 2370 Ecceliuc
1287 2297 1333 2370 de
1354 2299 1507 2370 Romano
1531 2296 1677 2390 gratiam
1702 2317 1800 2368 suam
1831 2305 1866 2368 et

452 2403 582 2493 bonam
603 2422 828 2493 voluntatem.
850 2420 886 2492 Si
904 2419 1064 2514 diligenti
1081 2441 1166 2492 cura
1181 2419 1414 2514 conspicimus
1431 2419 1626 2493 devotionis
1648 2429 1707 2492 tue
1725 2439 1865 2514 operam

453 2553 488 2617 ct
502 2543 677 2634 ellectum,
693 2544 859 2638 appellari
875 2543 984 2616 debes
999 2544 1121 2616 merito
1141 2545 1236 2616 illins
1250 2543 1425 2618 fidelitatis
1446 2545 1619 2638 legitimos
1640 2565 1816 2616 successor
1830 2554 1866 2618 et

451 2665 551 2738 heres
572 2687 679 2760 quam
702 2667 784 2738 olim
810 2665 915 2761 digne
941 2666 1187 2740 recordationis
1213 2675 1248 2738 et
1265 2667 1431 2739 memorie
1450 2675 1640 2762 patcrtuus
1659 2669 1865 2761 intempore

450 2809 515 2861 suo
539 2789 647 2882 gessit
673 2788 819 2883 imperio
848 2797 884 2861 ct
910 2810 1046 2862 corone.
1077 2790 1191 2874 Quare
1215 2787 1415 2865 fidelitatem
1440 2801 1532 2863 tuam
1560 2789 1675 2882 dignis
1700 2788 1865 2861 laudibus

450 2911 732 2984 commendamus
749 2921 784 2984 et
800 2911 1001 2984 curabimus
1016 2911 1120 2986 dante
1136 2915 1206 2984 Deo
1224 2913 1269 2985 de
1284 2934 1427 2986 munere
1448 2923 1563 2986 nostre
1579 2913 1688 3007 gratie
1705 2913 1775 2985 tuis
1794 2911 1864 2986 ob-

450 3035 582 3130 sequiis
599 3035 819 3130 respondere.
841 3036 1065 3130 Inspicientcs
1079 3058 1160 3109 vero
1175 3047 1310 3109 tuarum
1324 3038 1511 3109 litterarum
1526 3046 1678 3110 tenorem
1697 3059 1766 3110 uon
1782 3057 1862 3132 pos·

449 3181 570 3232 sumus
591 3181 663 3232 non
684 3161 801 3231 mirari
825 3161 992 3254 quoniam
1015 3160 1237 3234 recordemur
1257 3161 1353 3256 quod
1369 3161 1440 3234 Ano
1455 3161 1607 3234 Estends
1628 3161 1797 3251 marchio,
1817 3158 1864 3232 de

450 3283 576 3357 nostris
601 3281 762 3356 fidelibus
784 3306 892 3376 unus,
912 3296 1010 3379 pater
1032 3287 1240 3359 marchionis
1265 3287 1452 3382 presentis,
1469 3284 1617 3358 fideliter
1633 3285 1734 3356 nobis
1758 3284 1863 3358 astitit

450 3407 627 3501 quondam
646 3417 715 3481 tam
733 3408 869 3481 inbelli
888 3417 1042 3504 tempore
1063 3427 1169 3503 quum
1186 3411 1222 3482 iu
1238 3410 1334 3506 pacis
1355 3431 1420 3484 nec
1435 3431 1591 3504 unquam
1614 3408 1727 3482 deluit
1746 3419 1862 3482 nostre

449 3531 669 3626 imperatorie
689 3533 872 3624 majestati.
889 3533 925 3604 Si
945 3537 1038 3606 enim
1059 3535 1139 3606 licet
1155 3533 1346 3628 aliquando
1365 3534 1401 3604 in
1423 3533 1544 3628 primis
1561 3533 1663 3604 annis
1678 3533 1714 3604 in
1733 3531 1860 3627 Apulia

448 3655 592 3728 rebelles
614 3654 831 3743 domuimus;
850 3657 879 3728 si
907 3667 1059 3751 tempore
1083 3658 1291 3752 procedente
1308 3659 1344 3730 iu
1368 3658 1523 3753 partibus
1545 3657 1746 3730 Alamannia
1767 3655 1860 3751 passi

449 3799 571 3850 sumus
585 3779 685 3873 plura
700 3779 917 3869 discrimiua;
938 3780 967 3851 si
983 3780 1161 3853 civitatum
1175 3781 1252 3853 lites
1266 3791 1301 3854 et
1312 3782 1495 3853 schismata
1509 3779 1709 3852 sedavimus
1723 3779 1759 3850 ln
1776 3801 1860 3873 par-

449 3899 542 3973 tibus
556 3900 782 3994 Lombardie,
801 3925 905 3975 nemo
927 3903 992 3974 luit
1008 3915 1202 3976 nostrorum
1220 3905 1415 4000 principum
1434 3905 1491 3976 vel
1517 3903 1685 3976 baronum
1701 3902 1762 3995 qui
1780 3901 1859 3996 plus

448 4024 545 4097 lateri
572 4033 689 4096 nostro
709 4025 882 4097 assisteret
906 4047 1012 4119 quam
1040 4026 1134 4100 idem
1158 4028 1331 4115 marchio,
1359 4049 1464 4122 quern
1487 4037 1645 4100 nostrum
1663 4025 1763 4118 quasi
1790 4047 1860 4120 pa-

448 4161 585 4220 tronum
616 4147 802 4220 habuimus
836 4149 881 4221 ab
912 4149 996 4244 ipsis
1027 4151 1210 4224 cunabulis
1238 4162 1273 4224 ct
1302 4151 1505 4247 precipuum
1539 4149 1769 4222 defensorem.
1800 4149 1860 4220 Est

448 4272 565 4365 itaque
583 4272 666 4343 satis
687 4271 869 4362 absonum,
890 4273 919 4344 si
935 4273 1027 4345 filius
1042 4284 1110 4346 tam
1128 4275 1311 4348 enormiter
1329 4297 1350 4347 a
1368 4275 1520 4370 paternis
1538 4274 1671 4346 actibus
1689 4272 1808 4345 deviat
1824 4282 1860 4344 et

448 4394 537 4468 bene
551 4407 647 4488 gesta
666 4397 815 4489 parentis
837 4397 1095 4490 reprobabiliter
1110 4395 1325 4471 dehonestat.
1341 4401 1393 4471 De
1412 4399 1534 4471 ceteris
1549 4418 1690 4491 quoquc
1707 4393 1858 4468 Marcbie

445 4521 624 4593 Tarvisine
644 4520 819 4593 nobilibus
836 4541 899 4616 per
925 4541 988 4592 nos
1015 4522 1109 4594 nulla
1130 4523 1317 4596 acerbitato
1333 4524 1498 4618 gravatis,
1517 4521 1622 4595 etiam
1645 4519 1858 4593 admiramur

448 4645 477 4716 si
493 4643 668 4717 declinant
681 4644 726 4716 ab
745 4643 914 4740 imperiali
933 4644 1094 4736 servitio,
1120 4645 1268 4720 velutin
1292 4648 1362 4720 tuis
1382 4647 1504 4720 litteris
1519 4647 1708 4718 intuemur.
1728 4641 1797 4716 Sed
1810 4640 1858 4712 ad
