4224 5898
226 615 324 674 lantcr.
352 609 411 694 12]
678 609 875 670 HISTORIA
901 607 1194 668 uranontltrtce.
1579 609 1639 670 253

225 747 368 820 omniuo
383 745 578 818 subsidium
592 743 822 838 denegabant.
837 743 1044 816 trinomen
1061 742 1208 815 feudalia
1221 753 1255 814 et
1268 743 1484 835 burgasatica
1498 743 1640 817 dimissa

226 878 308 942 suut
328 869 380 940 eie
403 867 700 962 qualitercumque
719 890 760 942 ea
783 867 1025 962 adquisierunt
1040 876 1075 938 et
1091 875 1274 938 tenuerunt
1290 876 1370 938 aute
1388 877 1531 937 mortem
1549 869 1640 960 regis

225 991 402 1063 Willielmi
416 991 561 1063 secundi
579 1013 642 1063 sou
661 989 852 1086 dequibus
868 992 1035 1063 baberent
1053 989 1307 1062 concessionem
1321 989 1468 1082 alicujus
1486 1001 1639 1064 auteces-

225 1135 343 1187 sorum
357 1135 512 1186 suorum.
531 1114 703 1185 Nonnulla
717 1134 804 1186 veru
820 1112 1038 1206 burgasatioa
1056 1133 1125 1205 que
1142 1123 1299 1182 emerunt
1319 1109 1476 1182 revocata
1495 1122 1576 1184 sunt
1593 1115 1639 1184 ab

226 1239 279 1310 eie
304 1237 496 1310 secundum
522 1237 665 1308 formam
694 1237 836 1330 antique
861 1236 1112 1308 constitutionis
1137 1235 1232 1326 regni
1263 1236 1402 1306 Sicilie:
1429 1237 1524 1330 quod
1554 1239 1639 1308 nihil

227 1369 339 1456 potest
355 1361 407 1432 eis
422 1361 497 1432 sine
513 1381 682 1432 consensu
700 1360 864 1454 principis
885 1361 929 1431 de
946 1358 1173 1452 burgasaticis
1192 1359 1396 1430 interrivos
1420 1360 1562 1432 concedi
1581 1364 1637 1434 vel

225 1485 261 1555 in
278 1485 398 1557 ultima
415 1487 592 1557 voluntate
602 1485 706 1578 legari
725 1485 810 1576 quin
828 1493 904 1578 post
917 1505 1060 1573 annum,
1075 1505 1241 1566 mensem,
1256 1483 1482 1575 septimanam
1494 1495 1528 1555 et
1543 1485 1637 1557 diem

222 1609 301 1680 aliis
319 1609 550 1702 burgensibus
567 1609 784 1681 secularibus
802 1607 955 1680 vendere
974 1619 1007 1678 et
1024 1607 1212 1679 concedere
1228 1616 1409 1680 teneantur
1427 1606 1492 1702 (t).
1511 1609 1551 1679 Et
1571 1609 1637 1682 hoc

224 1741 406 1827 propterea
424 1734 488 1803 luit
506 1734 550 1804 ab
568 1733 711 1827 antiquo
728 1743 912 1822 statutum,
931 1731 1014 1825 quia
1032 1731 1061 1802 si
1077 1731 1183 1803 libere
1201 1731 1251 1802 eis
1269 1743 1303 1802 et
1324 1735 1490 1825 perpetuo
1507 1733 1637 1824 burga-

223 1856 330 1927 satice
349 1857 465 1927 liceret
482 1878 595 1929 emere
608 1856 684 1928 sive
699 1857 866 1950 accipere,
888 1855 1025 1927 modico
1041 1865 1193 1949 tempore
1210 1864 1318 1925 totum
1337 1873 1482 1945 regnum
1501 1856 1633 1944 Sicilie,

222 1978 320 2070 quod
340 1978 428 2050 inter
447 1981 606 2070 regiones
627 1979 748 2052 mundi
769 1981 836 2050 sibi
857 1979 1007 2050 habilius
1026 1987 1242 2072 reputarent,
1259 1987 1409 2049 emerent
1425 1987 1460 2049 et
1477 1981 1636 2073 acquire-

222 2111 313 2187 rent,
332 2113 365 2172 et
378 2101 443 2173 bec
459 2102 581 2174 eadem
594 2103 791 2175 constitutio
809 2104 938 2175 obtinet
951 2103 1039 2174 ultra
1054 2123 1160 2172 mare.
1178 2103 1364 2194 Propositio
1377 2103 1636 2177 Ecclesie.·ltem

220 2223 321 2318 quod
338 2245 407 2296 nou
424 2225 590 2320 permittit
604 2222 818 2298 cathedrales
835 2237 871 2298 et
885 2225 970 2296 alias
986 2235 1150 2295 vacantes
1163 2225 1326 2296 ccclesias
1339 2225 1508 2310 ordinari,
1523 2238 1558 2298 et
1572 2229 1636 2300 bae

222 2348 405 2420 occasione
423 2349 632 2442 periclitatur
647 2349 787 2420 libertae
801 2349 971 2437 Ecclesia,
990 2348 1077 2442 perit
1093 2345 1197 2437 fides,
1216 2350 1382 2440 quianon
1404 2353 1533 2443 estqui
1555 2374 1635 2445 pro·

183 2521 186 2526 -
221 2480 328 2564 ponat
340 2471 485 2542 verbum
502 2470 562 2542 Dei
577 2492 642 2543 nec
658 2471 719 2565 qui
737 2480 837 2562 regat
856 2471 989 2542 animas
1005 2468 1185 2542 deficiente
1203 2481 1351 2563 pastore.
1375 2473 1552 2566 Responsio
1570 2477 1635 2544 im·

215 2595 360 2688 periclis
376 2621 389 2664 .·
405 2593 623 2667 Catbedrales
639 2604 674 2666 et
689 2596 775 2668 alias
791 2603 954 2668 vacantes
969 2595 1131 2666 ecclesias
1147 2595 1309 2665 dominus
1327 2595 1510 2687 imperator
1525 2598 1636 2670 libeu-

219 2728 271 2790 ter
298 2719 374 2790 vult
406 2728 441 2790 et
473 2718 646 2793 desiderat
677 2719 850 2804 ordinari,
883 2719 990 2790 salvis
1024 2717 1216 2812 privilegiis
1250 2729 1284 2789 et
1312 2717 1538 2811 dignitatibus
1566 2744 1635 2816 que

218 2842 479 2938 predecessores
498 2844 551 2914 sui
572 2865 673 2934 reges
689 2865 800 2936 usque
820 2841 866 2913 ad
884 2863 949 2914 sua
969 2851 1121 2934 tempora
1143 2841 1340 2913 babuerunt
1360 2852 1395 2914 st
1414 2845 1545 2937 quibus
1560 2845 1635 2940 ipse

218 2965 409 3036 modestius
428 2987 533 3059 quum
551 2967 809 3062 prodecessores
824 2966 878 3036 sui
897 2966 1064 3037 hactenus
1083 2965 1137 3036 uei
1152 2975 1251 3052 sunt,
1272 2987 1337 3036 nec
1353 2977 1470 3038 contra
1490 2967 1634 3041 ordina-

136 3135 138 3140 -
218 3086 346 3159 tionem
365 3088 586 3160 ecclesiarum
605 3111 785 3182 nunquam
810 3087 884 3158 luit.
904 3089 1087 3180 Propositio
1099 3087 1241 3159 Emlesie
1260 3109 1269 3154 :
1288 3090 1338 3160 Da
1356 3091 1458 3161 talliis
1476 3101 1510 3161 et
1523 3113 1631 3164 exac-

217 3211 370 3283 tionibus
381 3233 451 3305 que
467 3223 582 3285 contra
596 3214 739 3285 lormam
753 3213 851 3308 pacis
864 3213 908 3284 ab
919 3212 1072 3284 ecclesiis
1087 3223 1123 3283 et
1138 3212 1354 3284 monasteriis
1369 3223 1628 3308 extorquentur.

218 3338 394 3429 Responsio
405 3337 591 3431 imperialis
604 3363 614 3406 ε
625 3337 732 3409 Tallie
746 3347 780 3410 et
796 3337 936 3409 collecte
949 3337 1080 3409 clericis
1096 3347 1132 3408 et
1145 3338 1299 3430 personis
1315 3337 1551 3409 ecclesiasticis
1563 3361 1633 3412 non

221 3481 285 3554 pro
305 3461 542 3533 ecclesiasticis
561 3462 685 3549 rebus,
702 3461 764 3533 sed
786 3482 848 3556 pro
867 3460 1062 3532 feudalibus
1076 3468 1111 3531 et
1129 3460 1425 3555 patrimonialibus
1444 3461 1633 3556 imponun-

222 3593 298 3672 tur,
319 3583 510 3656 secundum
526 3585 621 3678 quod
638 3596 690 3656 cst
699 3585 757 3676 jus
776 3605 959 3656 commune
973 3593 1007 3654 et
1027 3583 1157 3654 obtinet
1171 3583 1303 3676 ubique
1316 3605 1376 3678 per
1394 3584 1525 3655 orbam.
1551 3588 1634 3656 Pro-

218 3707 341 3800 positio
354 3708 515 3778 Ecclesie:
527 3709 575 3779 De
586 3707 651 3778 boc
664 3707 759 3800 quod
772 3707 890 3802 prelati
905 3729 973 3778 non
987 3706 1116 3778 audent
1128 3707 1313 3800 procedere
1326 3717 1443 3778 eontra
1457 3713 1633 3784 usurarios

221 3831 404 3903 occasione
428 3831 679 3902 constitutionis
697 3832 893 3926 imperialis.
924 3834 1100 3924 Responsio
1121 3831 1304 3924 imperialis
1321 3858 1331 3900 .·
1348 3830 1498 3925 Apparet
1521 3857 1633 3928 geue-

218 3955 300 4027 ralis
323 3964 358 4027 et
377 3975 469 4026 nova
490 3955 687 4027 constitutio
710 3965 827 4026 contra
845 3955 1019 4027 usurarios
1042 3954 1136 4026 edita
1156 3977 1216 4048 per
1238 3956 1476 4049 imperatorem
1497 3955 1550 4054 (Ξ)
1572 3981 1633 4052 per

218 4099 322 4172 quam
342 4079 378 4148 in
404 4079 566 4150 omnibus
589 4079 687 4158 bonis
706 4100 825 4150 eorum
848 4079 985 4173 publice
1002 4076 1276 4148 condemnantur
1294 4089 1328 4149 et
1346 4079 1431 4150 lecta
1450 4089 1502 4152 est
1518 4103 1633 4154 coram

219 4202 376 4295 prelatis,
397 4223 459 4296 per
480 4225 584 4296 quam
610 4203 713 4274 etiam
742 4223 811 4274 non
836 4201 1053 4273 interciditur
1076 4203 1213 4295 prelatis
1237 4201 1381 4274 audacia
1407 4203 1629 4298 procedendi.

219 4327 400 4420 Propositio
416 4327 581 4399 necesse.-
600 4327 701 4412 Quod
723 4327 836 4399 clerici
856 4327 1058 4421 capiuntur,
1080 4327 1353 4418 incarcerantur,
1374 4330 1634 4422 proscribuntur

762 4517 1249 4526 -—-----——--—-—-—-.--.-.--

256 4613 293 4686 ll)
312 4613 352 4671 Gi.
368 4615 458 4673 δοκεῖ.
473 4615 554 4687 repni
564 4613 657 4684 sicil,
671 4613 717 4672 lib.
731 4616 775 4686 lll,
793 4616 832 4672 tit.
846 4615 940 4672 XXlX
955 4615 984 4690 (t.
1001 4617 1046 4688 lll,
1062 4633 1088 4690 p.
1102 4619 1163 4688 227,
1181 4619 1232 4673 228
1249 4621 1276 4672 et
1289 4623 1346 4674 not.
1361 4617 1399 4690 l).

255 4710 290 4786 lt)
310 4711 349 4770 Cl.
363 4711 478 4769 Corolit.
493 4715 572 4785 repni
585 4713 678 4785 sicit,
693 4713 739 4770 lib.
755 4713 777 4784 l,
794 4713 835 4770 tit.
847 4714 891 4786 tv,
906 4730 934 4787 p.
948 4716 992 4769 lo.
