4246 5906
500 619 561 683 566
1001 627 1215 689 rnlnenlcl
1236 627 1408 689 ssconnl
1729 625 1810 710 [ιιι.
1829 628 1910 692 lm

500 757 663 831 videlicet
676 760 772 854 qood
787 783 868 834 cnm
882 765 1051 836 Henricns
1061 758 1208 836 dilectus
1223 761 1316 834 lilius
1329 771 1456 848 noster,
1473 783 1538 833 rex
1550 761 1709 834 anriom
1720 771 1755 834 et
1765 759 1910 854 Gallure,

499 883 562 953 tibi
580 885 771 979 preceperit
790 897 829 958 nt
847 889 1032 982 pecuniam
1051 886 1296 980 undecumque
1311 895 1348 958 ot
1359 893 1678 980 quantamcumque
1690 884 1835 958 haberoe
1848 885 1912 957 sibi

499 1027 562 1102 pro
587 1008 713 1080 nostris
739 1010 888 1082 servitiis
911 1009 1119 1097 destinares,
1139 1017 1174 1082 et
1197 1017 1235 1080 ιιι
1259 1008 1291 1080 ei
1316 1009 1470 1103 aliquam
1493 1029 1563 1080 non
1589 1007 1731 1098 misisti,
1753 1027 1796 1079 so
1818 1007 1912 1101 quod

497 1127 614 1202 adhuc
631 1129 720 1202 sicut
739 1133 864 1205 asseris
883 1155 953 1205 non
976 1133 1148 1222 habebas,
1173 1141 1209 1204 et
1231 1131 1262 1204 si
1282 1131 1467 1204 habuisses
1486 1137 1563 1204 ens
1585 1131 1725 1226 speciali
1751 1131 1911 1204 mandato

498 1253 639 1326 mictere
657 1253 841 1346 dubitasti,
861 1258 1023 1330 volomus
1047 1267 1083 1330 et
1102 1254 1309 1329 mandamns
1330 1265 1370 1327 ιιι
1391 1257 1491 1349 juxta
1507 1255 1604 1348 qnod
1621 1255 1717 1329 idem
1738 1275 1805 1326 rex
1823 1253 1912 1327 lilius

498 1383 613 1449 noster
631 1377 693 1448 tibi
705 1378 941 1468 mandaverit,
957 1399 1098 1452 omnem
1110 1379 1294 1474 pecuniam
1311 1401 1417 1474 ιιιιιιιιι
1431 1378 1539 1455 habes
1553 1379 1610 1452 vel
1624 1379 1754 1452 babere
1767 1379 1908 1473 poteris,
1932 1473 1938 1482 ,

498 1499 545 1572 ad
563 1521 669 1594 qnam
684 1503 788 1573 otiam
802 1503 1049 1578 inveniendam
1061 1525 1201 1578 omnem
1211 1503 1481 1578 sollicitudinem
1494 1504 1712 1599 precepimus
1726 1503 1908 1590 tebabcre,

497 1623 565 1695 sibi
589 1622 636 1696 ad
654 1625 912 1718 requisitionem
937 1649 1037 1700 snam
1056 1629 1134 1702 sine
1159 1627 1327 1701 dilatione
1347 1637 1382 1700 et
1399 1627 1617 1700 dubitatione
1640 1627 1757 1722 aliqua
1774 1627 1911 1700 studeas

498 1745 644 1819 fideliter
662 1747 844 1822 destinare.

545 1873 595 1944 De
611 1873 856 1946 commissariis
871 1885 907 1948 ct
927 1875 1133 1948 officialibus
1151 1875 1264 1972 ipsius
1288 1885 1415 1948 terrea
1436 1873 1566 1969 quibos
1585 1895 1749 1968 magnam
1769 1873 1911 1968 pecunie

496 1995 721 2090 quantitatem
742 1997 833 2069 sicut
849 1997 936 2071 dicis
957 1999 1127 2086 habuisti,
1149 1998 1327 2094 presertim
1347 2020 1426 2069 cum
1450 1998 1526 2093 ipsa
1544 1997 1693 2092 pecnnia
1710 2017 1771 2091 per
1790 1997 1910 2068 Hecto-

497 2141 570 2190 rem
589 2119 635 2191 de
657 2121 907 2194 Monteluscolo
925 2123 1102 2216 qnondam
1118 2123 1340 2215 justitiarium
1354 2121 1489 2216 Aprutii
1506 2119 1643 2194 fidelem
1666 2130 1821 2194 nostrum
1837 2120 1909 2192 eis-

496 2241 577 2315 dem
596 2227 838 2316 ccmmissariis
858 2255 893 2316 et
909 2245 1115 2320 officialibus
1137 2247 1240 2320 luerit
1263 2246 1424 2342 imposita
1447 2255 1482 2318 at
1506 2253 1623 2318 taxata
1638 2255 1673 2318 et
1697 2245 1813 2338 aliqua
1833 2265 1908 2338 pars

497 2379 638 2456 exacta,
655 2389 733 2438 oum
752 2369 860 2439 simus
879 2368 913 2440 in
932 2371 1111 2463 procinctu
1131 2370 1263 2442 itineris
1280 2391 1401 2442 versus
1415 2379 1529 2463 partes
1544 2370 1636 2462 ipsas
1648 2367 1905 2454 trinnlabiliter‚

493 2491 597 2582 juxta
626 2490 828 2562 mandatum
862 2503 1017 2565 nostrum
1046 2515 1157 2588 usque
1183 2493 1230 2566 ad
1261 2491 1451 2566 adventum
1482 2502 1638 2564 nostrum
1663 2511 1768 2586 snper
1791 2489 1908 2564 eadem

498 2615 729 2704 recolligenda
745 2617 974 2710 supersedeas
990 2628 1025 2689 et
1041 2619 1191 2714 amplius
1205 2639 1273 2690 non
1295 2617 1472 2712 procedas.

546 2741 597 2810 De
615 2739 804 2812 baronibus
822 2749 857 2812 et
882 2741 1049 2815 militibus
1076 2763 1165 2836 qnos
1189 2763 1409 2814 summouere
1435 2739 1563 2812 curasti
1583 2741 1685 2832 juxta
1709 2737 1909 2810 mandatnm

498 2873 654 2934 nostrum
673 2871 713 2933 ut
734 2862 840 2934 armis
855 2873 889 2935 et
906 2865 1007 2958 equis
1026 2865 1188 2937 decenter
1208 2865 1350 2956 muniti,
1368 2866 1472 2957 juxte
1489 2863 1586 2959 quod
1608 2865 1647 2936 P.
1668 2861 1782 2935 fidelis
1800 2872 1911 2936 nostor

498 2987 560 3058 tibi
573 2986 764 3074 mandavit,
778 2985 874 3081 apud
884 2987 1169 3078 Contraquerram
1178 3009 1242 3084 pro
1256 2989 1382 3061 nostris
1395 2988 1543 3059 servitiis
1553 3007 1592 3059 se
1604 2987 1811 3077 sentement,
1826 3004 1910 3079 qnos

497 3110 621 3184 asseris
635 3112 707 3202 jam
730 3110 871 3202 iecisse,
891 3113 1034 3184 culmini
1049 3121 1164 3184 nostru
1187 3113 1298 3207 placet
1318 3121 1353 3184 et
1369 3121 1467 3183 tuum
1489 3109 1620 3183 exinde
1643 3109 1799 3181 studium
1819 3131 1909 3180 com·

496 3233 719 3324 meudamus;
738 3235 893 3308 volentes
909 3246 946 3308 ut
958 3236 1060 3309 nobis
1073 3234 1249 3330 significes
1264 3235 1486 3330 singulariter
1502 3243 1538 3307 et
1556 3233 1715 3307 distincte
1732 3241 1819 3326 quot
1834 3243 1911 3303 sunt

497 3358 544 3429 illi
566 3358 868 3452 quiparatisunt,
889 3361 1052 3453 quisunt
1076 3369 1111 3432 et
1134 3359 1282 3454 qualiter
1304 3367 1386 3432 sunt
1407 3357 1535 3454 parati,
1556 3367 1590 3430 et
1613 3355 1788 3449 significes
1812 3355 1909 3427 nobis

495 3482 599 3553 etiam
622 3482 683 3574 qui
711 3491 793 3552 sunt
818 3483 867 3553 illi
892 3483 1023 3576 quibus
1047 3484 1242 3576 injunctum
1271 3483 1336 3554 luit
1361 3482 1458 3577 quod
1478 3503 1518 3555 se
1544 3501 1666 3578 parare
1689 3479 1856 3552 deberent
1877 3491 1910 3552 et

498 3605 606 3698 parati
627 3624 696 3676 non
718 3615 817 3692 sunt,
838 3615 873 3677 et
892 3615 961 3678 tam
988 3605 1033 3678 de
1053 3605 1216 3698 predictis
1236 3607 1398 3678 omnibns
1413 3625 1520 3699 qaam
1540 3602 1586 3676 de
1603 3623 1703 3699 posse
1723 3601 1779 3674 vel
1801 3601 1908 3694 impo-

497 3727 602 3799 tentia
621 3728 773 3821 ipsorom
790 3729 957 3800 rescribas
969 3729 1070 3802 nobis
1084 3729 1240 3823 plenarie
1254 3729 1449 3817 veritatem,
1466 3726 1553 3800 illud
1566 3726 1707 3800 omnino
1722 3745 1849 3798 cavens
1866 3745 1909 3794 no

496 3850 601 3923 lenda
619 3853 788 3924 associare
800 3853 874 3925 siva
890 3854 1102 3946 conjungere
1119 3874 1181 3947 pro
1199 3853 1318 3946 aliqua
1331 3861 1531 3947 paupertate
1548 3871 1737 3945 presumas.

546 3975 595 4046 Ile
617 3975 827 4048 relaxatione
849 3977 995 4070 pecunie
1020 3979 1109 4048 lacta
1133 3975 1323 4048 baronibus
1346 3987 1476 4070 perte,
1502 3974 1665 4048 videlicet
1686 3973 1732 4046 de
1753 3993 1796 4044 eo
1815 3968 1909 4064 qnod

496 4099 628 4171 ratione
651 4097 890 4170 denaniorum
916 4111 951 4172 et
973 4121 1187 4172 camerarum
1217 4121 1363 4171 suarum
1388 4101 1524 4172 solvere
1549 4098 1770 4184 tenebantur,
1797 4103 1910 4166 nostre

496 4223 655 4318 displicet
672 4221 862 4314 majestati,
881 4233 915 4296 et
933 4223 1096 4295 volumus
1116 4233 1156 4294 nt
1173 4221 1333 4296 eamdem
1350 4223 1452 4317 plene
1469 4221 1648 4316 recolligas
1665 4227 1701 4293 et
1719 4217 1766 4291 ad
1781 4215 1908 4290 canam

496 4355 647 4418 nostram
665 4345 802 4436 mistas,
822 4367 903 4418 cnm
922 4345 967 4418 sit
980 4346 1080 4418 nobis
1094 4347 1280 4441 plurimum
1294 4356 1475 4441 oportuna.

543 4471 594 4540 De
607 4471 772 4564 expensis
787 4471 1100 4543 commissariorum
1117 4491 1206 4564 qnos
1220 4470 1310 4542 sicut
1325 4471 1449 4544 asseris
1463 4489 1526 4565 pro
1538 4467 1687 4541 servitiis
1697 4467 1825 4539 nostris
1836 4475 1909 4538 sta-

495 4605 593 4664 tuere
611 4603 644 4665 te
661 4602 811 4688 oportet,
831 4615 911 4667 cnm
929 4593 974 4667 ad
994 4603 1110 4689 partes
1132 4595 1226 4688 ipsas
1250 4593 1468 4681 consumas,
1489 4592 1614 4688 dehps
1636 4589 1766 4664 stallis
1787 4597 1822 4662 te
1839 4589 1908 4682 ple·

496 4717 576 4790 nias
591 4717 813 4792 instruemus.
884 4725 890 4734 '
