4350 5922
494 571 534 634 'ld
991 569 1206 632 FlllDElllCl
1231 569 1403 632 securint
1712 569 1791 648 [dna.
1810 569 1896 632 123⁷.

491 707 596 780 eiam
612 705 867 800 Wollgisbusen
891 715 925 778 et
941 705 1033 779 bona
1055 727 1125 799 quc
1142 706 1236 778 tenui
1254 706 1292 778 in
1319 704 1460 779 feodum
1486 705 1531 776 ab
1556 705 1718 800 episcopo
1737 705 1898 778 Ilumber-

492 830 589 924 ge'usi
602 830 638 900 in
653 827 905 925 Biberaere(o),
918 839 952 903 et
969 829 1061 902 dicto
1079 828 1221 902 domino
1234 828 1423 902 Gottefrido
1437 826 1581 900 concedi
1594 829 1727 920 rogavi.
1744 829 1899 903 Preterea

492 951 632 1026 firmiter
640 953 672 1025 ei
687 953 828 1048 promisi
839 951 935 1048 qnod
947 953 1159 1047 ubicumque
1172 953 1238 1026 sibi
1254 951 1420 1050 placuerit
1434 949 1588 1024 debonis
1604 951 1693 1024 meis
1703 951 1737 1024 ei
1754 951 1899 1026 debeam

492 1074 576 1148 dure
586 1085 621 1148 et
637 1075 814 1170 assignare
831 1097 900 1171 que
911 1077 1049 1149 valeant
1059 1076 1236 1148 aunuatim
1249 1075 1372 1169 viginti
1385 1073 1490 1147 libras
1503 1074 1735 1171 llrbipclensis
1747 1085 1895 1150 monete.

491 1199 634 1294 Insuper
656 1220 817 1272 assecuro
837 1199 1015 1273 dominum
1034 1220 1149 1272 meum
1166 1199 1377 1272 Fridericum
1398 1199 1635 1294 imperatorem
1655 1198 1850 1295 predictum
1864 1209 1898 1273 el

490 1344 607 1418 regem
623 1322 820 1396 Cunradnm
840 1322 950 1396 lilium
965 1345 1065 1396 suum
1087 1321 1183 1418 quod
1196 1343 1375 1418 nunquam
1393 1321 1438 1394 ab
1456 1320 1608 1416 ipsorum
1627 1323 1899 1396 mandatisrece·

491 1445 572 1518 dam
590 1455 624 1517 et
640 1445 862 1540 beneplacitis
877 1455 912 1518 et
933 1445 1029 1540 quod
1047 1467 1225 1538 nunquam
1245 1446 1281 1516 in
1301 1444 1418 1538 aliquo
1435 1445 1626 1518 contrarius
1642 1448 1692 1519 eis
1706 1467 1779 1519 ero.
1796 1446 1897 1520 Aese-

442 1656 444 1662 ,
491 1588 573 1639 curo
588 1567 728 1666 insuper
741 1566 919 1639 dominnm
937 1565 1164 1638 Gottelridum
1179 1577 1214 1639 et
1230 1566 1428 1639 Conradum
1446 1568 1565 1640 fratres
1585 1565 1630 1640 de
1647 1567 1846 1640 liobenlocb
1863 1577 1897 1642 et

491 1689 579 1762 lilios
599 1690 749 1786 ipsorum
768 1689 814 1763 de
829 1690 921 1782 uita,
937 1691 1117 1782 membris,
1137 1691 1235 1762 terris
1257 1700 1292 1764 et
1307 1690 1401 1762 omni
1418 1689 1549 1763 honora
1563 1691 1736 1786 ipsorum,
1751 1701 1787 1764 et
1802 1691 1898 1786 quod

490 1836 668 1908 nunquam
687 1813 816 1885 mulum
833 1813 987 1909 ipsorum
1012 1813 1206 1910 procurabo
1228 1834 1292 1908 per
1311 1833 1367 1885 me
1385 1813 1441 1886 vel
1460 1812 1693 1908 interpositam
1715 1835 1897 1910 personam

491 1938 628 2033 publice
641 1937 698 2010 vel
718 1936 878 2032 privatim
894 1957 957 2033 per
969 1937 1201 2028 occasionem,
1221 1937 1346 2018 malam
1362 1935 1554 2031 captionem
1574 1937 1748 2013 ueletiam
1763 1939 1893 2012 securi·

491 2069 593 2134 tatem
616 2060 767 2155 aliquam
795 2069 914 2133 contra
936 2081 995 2134 eos
1017 2059 1158 2152 lactam3
1178 2057 1276 2155 quod
1296 2067 1416 2133 eouba
1433 2081 1489 2133 me
1513 2059 1667 2155 legitime
1683 2061 1792 2157 possit
1819 2083 1898 2158 pro·

489 2183 576 2257 bari.
597 2185 763 2276 obligans
778 2205 835 2256 me
851 2181 947 2278 quod
962 2183 991 2255 si
1005 2190 1123 2256 eontra
1139 2183 1255 2277 aliqua
1271 2182 1502 2278 predictorum
1518 2183 1651 2276 fecero,
1666 2205 1714 2258 ex
1731 2195 1814 2258 tune
1830 2185 1896 2258 sim

488 2309 594 2381 exlex
608 2307 705 2403 quod
722 2309 758 2380 iu
773 2307 909 2400 vulgari
922 2306 1050 2380 dicitur
1063 2307 1177 2380 Erloss
1188 2316 1223 2381 et
1235 2307 1412 2398 deltoton,
1426 2317 1461 2381 et
1474 2308 1570 2404 quod
1582 2307 1697 2381 omnia
1713 2307 1806 2382 bona
1818 2330 1897 2384 mea

487 2441 556 2506 tam
575 2432 715 2528 propria
738 2453 844 2527 quarn
868 2430 1016 2505 laodalia
1035 2441 1160 2506 uacent
1175 2431 1346 2505 collationi
1362 2431 1491 2506 domini
1509 2431 1722 2528 imperatoris
1738 2441 1773 2506 et
1795 2432 1897 2508 leode

487 2557 553 2630 alia
569 2579 639 2653 que
656 2557 702 2630 ab
719 2557 796 2630 aliis
818 2556 969 2630 dominis
985 2568 1084 2630 teneo
1111 2567 1328 2630 revertantur
1343 2557 1389 2630 ad
1410 2557 1522 2652 ipsos,
1546 2566 1581 2630 et
1598 2555 1753 2652 predicta
1778 2559 1896 2634 omnia

483 2684 679 2776 juramento
697 2701 812 2754 coram
825 2678 965 2753 domino
984 2681 1188 2776 imperatore
1204 2679 1419 2754 confirmavi.
1437 2679 1495 2753 Ad
1511 2682 1611 2776 cujus
1625 2681 1678 2752 rei
1694 2681 1896 2756 memoriam

485 2805 552 2880 hoc
569 2825 712 2903 presens
732 2805 896 2900 scriptum
921 2801 995 2877 fieri
1020 2803 1106 2892 leci,
1124 2803 1236 2898 sigillo
1258 2803 1395 2900 proprio
1416 2803 1628 2877 roboratum.
1652 2801 1709 2878 Ad
1732 2806 1895 2899 majorem

485 2937 602 3002 autem
622 2927 791 3001 cautelam
812 2935 848 2998 et
864 2924 1155 3002 confirmationem
1173 2925 1424 3022 predictorum,
1440 2927 1634 3025 supplicavi
1653 2927 1796 3003 domino
1817 2949 1896 3002 mec

485 3051 679 3148 imperatori
707 3058 747 3122 ut
774 3050 902 3121 lactum
933 3069 1050 3121 meum
1073 3049 1163 3122 sicut
1191 3049 1352 3145 superius
1380 3059 1434 3124 est
1456 3072 1655 3148 expressum
1684 3051 1895 3149 appensione

485 3174 588 3268 sigilli
604 3173 660 3245 sui
682 3171 885 3245 confirmare
902 3171 1023 3246 desua
1037 3172 1146 3265 gratia
1169 3172 1376 3268 dignaretur.

534 3295 658 3371 Actum
677 3297 795 3388 Ulme,
810 3317 921 3389 anno,
939 3317 1057 3370 mense
1071 3304 1106 3369 et
1125 3295 1311 3370 indictione
1326 3297 1537 3394 prescriptis.

1106 3511 1659 3523 --v--oonnoo-a-u-n-u—Q--n--n

302 3708 429 3816 affin
484 3695 489 3702 ·
539 3669 770 3779 Fridericus,
792 3669 1053 3755 Romanorum
1070 3671 1291 3781 imperator,
1314 3671 1536 3782 ingratiam
1558 3669 1723 3782 episcopi
1739 3671 1893 3758 Baben-

322 3797 444 3862 ”W
486 3803 708 3915 bergensis,
737 3801 931 3912 judicibus
967 3801 1152 3886 universis
1192 3801 1405 3912 interdicit,
1439 3831 1487 3887 ne
1515 3803 1695 3914 clericos,
1725 3803 1824 3890 cives
1855 3815 1893 3888 et

487 3933 751 4018 ministeriales
777 3933 956 4018 eeclesiae
972 3930 1297 4045 babenbergensis
1319 3936 1369 4019 ad
1391 3933 1519 4020 lorum
1545 3937 1736 4046 ipsorum,
1760 3947 1891 4022 contra

487 4067 699 4152 libertatem
717 4065 838 4178 ipsius
854 4065 1053 4176 ecclesiae,
1073 4067 1227 4176 proprio
1245 4077 1351 4152 motu
1370 4070 1597 4178 respondere
1613 4081 1764 4180 cogant.
1783 4067 1787 4075 ’

566 4243 704 4324 (Editurn
725 4245 757 4304 ln
779 4242 900 4304 modum
921 4245 1088 4320 speciminis
1108 4247 1140 4304 ln
1160 4241 1214 4306 der
1235 4243 1412 4328 caminus·
1433 4245 1585 4310 deductiori
1598 4245 1670 4310 ilar
1685 4245 1792 4329 lieth,
1816 4249 1888 4312 (lod.

604 4349 728 4427 diplom.
738 4365 824 4410 num.
836 4349 1187 4431 293-up.Ussnmunrr,
1197 4351 1295 4431 Epiro.
1306 4350 1408 4413 Baml.
1419 4351 1536 4433 rod.,p.
1553 4353 1888 4432 1513-etap.llcurrm‚

602 4455 696 4530 licie,
719 4463 794 4517 tom.
818 4455 921 4530 XXX,
945 4472 976 4534 p.
999 4465 1142 4532 260-261,
1162 4457 1417 4536 sumnonem,
1438 4476 1477 4520 ex
1498 4460 1633 4540 orlglnall
1655 4461 1734 4523 unde
1758 4461 1889 4540 sigillum

603 4561 731 4622 inactum
744 4560 889 4638 appendet
907 4577 945 4622 ex
957 4561 1017 4623 illis
1030 4563 1130 4625 scricis
1143 4564 1269 4624 caerulei
1282 4561 1413 4643 eoloris.)

525 4666 567 4748 (c)
588 4667 703 4730 Sellium
715 4663 866 4728 Bilcrcrn.
