4350 5922
242 599 416 684 lrnrtr.10.]
684 599 880 660 HISTORIA
906 599 1197 660 orvnottavtca
1603 601 1645 662 49

242 735 423 832 deposcere
438 733 589 806 videtur.
604 733 693 804 Huic
709 735 802 805 enim
820 743 983 806 consonat
996 743 1030 807 et
1047 733 1224 828 applaudit
1238 731 1334 826 qnod
1348 733 1474 806 dicitur
1490 759 1499 803 ε
1515 735 1588 805 aab
1604 757 1645 808 eo

241 861 317 954 plns
332 859 484 950 exigitur
496 858 552 929 cui
572 859 650 953 plus
667 859 878 930 contuitur.»
895 858 1147 931 Multitudinem
1163 879 1246 951 ergo
1266 855 1524 930 commissorum
1545 859 1646 930 nobis

242 983 370 1054 sincera
388 981 511 1053 mentis
529 981 718 1054 intentione
738 981 896 1074 diligenti
915 981 1185 1054 consideratione
1203 979 1452 1074 perpendentes
1471 989 1506 1051 et
1526 979 1645 1052 divina

242 1104 455 1176 revolventes
476 1103 773 1198 percunctatione,
792 1114 1009 1198 peccatorum
1031 1113 1223 1176 nostrorum
1244 1103 1447 1174 vulneribus
1465 1101 1644 1192 cujusdam

243 1227 477 1299 medicaminis
491 1228 681 1299 cauterium
699 1227 863 1300 adbibere
880 1229 977 1323 pium
994 1229 1188 1300 statuimus.
1208 1227 1271 1298 Pro
1291 1223 1443 1296 remedio
1457 1225 1550 1296 enim
1570 1226 1644 1296 ani·

244 1371 372 1421 marum
395 1347 558 1421 videlicet
576 1349 634 1444 pie
651 1349 896 1422 recordationis
915 1349 1021 1444 patris
1037 1349 1143 1420 nostri
1163 1347 1263 1420 ducis
1279 1346 1445 1441 Leupoldi
1465 1347 1646 1440 fratrisque

243 1471 346 1544 nostri
362 1469 465 1543 ducis
486 1471 649 1544 Friderici
672 1481 855 1566 nostreque
875 1472 994 1544 salutis
1013 1472 1161 1560 intuitu,
1180 1471 1340 1541 fratribus
1354 1471 1390 1540 in
1413 1469 1516 1540 domo
1530 1471 1645 1541 Sancti

243 1593 368 1666 Nicolai
386 1594 599 1667 Patavicnsis
616 1597 687 1667 Deo
705 1592 789 1666 inibi
815 1595 1059 1684 militantibus,
1078 1595 1123 1666 ob
1147 1593 1401 1664 venerationem
1422 1570 1645 1684 reliquiarum

245 1717 370 1790 ibidem
385 1717 652 1808 reconditarum,
665 1718 855 1792 libertatem
870 1741 930 1812 per
942 1727 1049 1790 terras
1062 1726 1194 1788 nostras
1208 1716 1360 1788 omnium
1376 1738 1490 1786 rerum
1505 1738 1645 1787 suarum

244 1840 418 1912 mobilium
433 1841 595 1912 transitus
611 1841 765 1913 omnium
782 1841 1003 1935 vectigalium
1026 1841 1206 1912 exactione
1221 1848 1350 1910 semota
1366 1837 1585 1910 contulimus.
1604 1841 1646 1912 Ut

244 1972 355 2034 antem
373 1963 439 2034 bec
456 1963 667 2036 liberalitatis
684 1973 800 2036 nostre
819 1963 957 2036 donatio
976 1971 1049 2034 rata
1067 1972 1101 2034 et
1112 1963 1314 2034 inconvulsa
1326 1971 1545 2054 permaneat,
1571 1985 1648 2056 pre-

243 2087 328 2158 senti
351 2085 478 2181 pagina
500 2087 673 2180 sigillique
694 2087 799 2158 nostri
820 2087 1015 2159 charactere
1031 2108 1073 2158 ac
1096 2085 1236 2157 testium
1261 2085 1480 2156 annotatione
1500 2107 1646 2178 quorum

244 2209 434 2302 subscripta
458 2209 595 2281 nomina
620 2219 701 2280 suut
726 2211 966 2282 roboravimus
986 2237 994 2280 r
1017 2209 1178 2282 dominus
1203 2208 1371 2280 Dietricus
1391 2208 1585 2301 prepositus
1611 2210 1648 2280 in

244 2329 473 2420 Neuubnrcb,
510 2329 671 2402 dominus
698 2329 908 2423 Sigebardns
934 2332 1126 2424 prepositus
1157 2330 1193 2400 in
1223 2330 1326 2400 domo
1354 2331 1468 2400 Sancti
1497 2331 1644 2424 Ypoliti,

245 2452 622 2525 dominnsWicbardus
640 2453 832 2548 prepositus
855 2453 890 2523 in
913 2453 1137 2542 llansboven,
1157 2452 1318 2525 dominus
1339 2452 1540 2524 Pcrtholdus
1564 2475 1649 2548 pre-

246 2573 374 2668 positus
390 2574 426 2644 in
440 2575 616 2665 Voranve‚
638 2575 800 2647 dominus
816 2573 963 2647 Wisinto
978 2577 1168 2670 prepositus
1187 2575 1223 2645 in
1237 2573 1340 2647 domo
1355 2576 1469 2646 Sancti
1492 2576 1645 2668 Georgii,

246 2695 403 2769 dominus
419 2697 579 2792 Syfridus
597 2698 765 2791 plebanus
779 2699 814 2768 in
828 2699 1087 2793 Helaenprunn;
1108 2699 1153 2770 de
1171 2697 1291 2770 ordine
1314 2699 1498 2770 liberorum
1515 2699 1648 2770 Ulricns

247 2819 287 2891 de
304 2821 496 2906 Pernecke‚
519 2821 681 2892 dominus
702 2821 901 2892 Wacbimus
924 2821 968 2892 de
991 2821 1265 2909 Waesenburch3
1286 2821 1330 2892 de
1354 2821 1476 2892 ordine
1496 2821 1649 2892 ministe-

247 2942 378 3013 rialium
397 2943 603 3015 Wicbardus
618 2943 750 3038 dapifer
763 2955 797 3015 et
816 2945 907 3016 filius
923 2947 997 3036 ejus
1013 2944 1186 3032 Catoldus,
1203 2945 1396 3016 Dietmarus
1410 2944 1454 3016 de
1468 2944 1649 3016 Chaernar·

248 3087 376 3158 prunn,
410 3066 578 3138 liudolfus
617 3066 662 3140 de
701 3067 900 3156 Potendorf‚
930 3068 1096 3140 Henricus
1127 3067 1171 3139 de
1197 3068 1439 3156 Tumbenane,
1475 3065 1649 3139 Gctlridus

246 3190 471 3280 camerarius,
498 3190 654 3262 Adoldus
676 3191 819 3286 dapifer.
849 3193 972 3264 Datum
996 3213 1059 3284 per
1081 3213 1204 3262 manus
1226 3191 1378 3262 Danielis
1405 3190 1526 3261 notarii
1554 3190 1649 3286 apud

246 3313 488 3404 Neucnburcb,
501 3335 593 3385 anno
609 3313 854 3387 incarnationis
866 3315 998 3402 MCCll,
1019 3313 1206 3385 indictione
1223 3314 1278 3400 VI,
1297 3313 1357 3384 Vll
1376 3311 1455 3384 idus
1466 3313 1596 3408 aprilis.

291 3437 362 3508 Nos
379 3437 485 3530 igitur
502 3438 658 3532 ipsorum
676 3439 983 3533 supplicationibus
1001 3437 1268 3509 misericorditer
1287 3447 1492 3526 annuentes,
1509 3438 1647 3530 predic·

248 3565 317 3625 tum
335 3555 503 3648 scriptum
518 3565 553 3626 et
569 3555 686 3627 omnia
702 3578 772 3648 que
787 3555 1007 3628 continentur
1021 3557 1057 3626 in
1072 3577 1114 3627 eo
1129 3555 1174 3626 de
1188 3555 1296 3627 verbo
1311 3555 1357 3626 ad
1378 3555 1525 3626 verbum
1544 3556 1647 3626 scribi

249 3685 280 3747 et
299 3677 458 3748 innovari
476 3678 680 3750 mandamus
701 3689 736 3750 et
758 3679 802 3752 de
825 3689 941 3750 nostre
961 3679 1174 3773 plenitudine
1193 3679 1303 3770 gratie
1328 3677 1494 3749 duximus
1514 3677 1648 3749 confir-

249 3799 425 3872 mandum.
448 3799 665 3896 Quapropter
682 3803 854 3875 universis
873 3803 1042 3896 presentis
1058 3801 1175 3894 scripti
1200 3800 1405 3872 mandamus
1426 3800 1539 3872 edicto
1560 3823 1647 3894 qua·

248 3931 345 3994 tenus
356 3925 456 4014 juxta
473 3921 619 4017 predicti
632 3923 731 3996 ducis
748 3923 968 3996 donationem
988 3935 1022 3996 et
1037 3921 1330 3996 confirmationem
1342 3931 1507 4012 nostram,
1518 3923 1648 3995 eisdem

249 4045 407 4117 fratribus
426 4045 591 4117 indultam
607 4047 756 4140 graciam
776 4048 1021 4121 inviolabiliter
1041 4048 1233 4120 observetis
1251 4070 1317 4120 nec
1341 4057 1461 4119 contra
1478 4048 1647 4141 presentis

248 4167 477 4240 innovationis
499 4179 533 4241 et
562 4169 833 4243 confirmationis
854 4180 1010 4244 tenorem
1035 4172 1155 4242 venire
1179 4172 1398 4265 aliquatenus
1426 4171 1643 4266 presumatis.

248 4289 345 4373 Quod
364 4293 425 4384 qui
448 4295 692 4388 presumpserit
717 4294 987 4385 indignationem
1004 4295 1112 4366 nostri
1135 4295 1294 4366 culminis
1311 4316 1349 4366 se
1368 4293 1506 4365 noverit
1528 4293 1645 4365 incur·

248 4433 375 4484 surum.
396 4413 450 4486 Ad
469 4417 569 4508 cujus
586 4415 635 4486 rei
653 4418 855 4488 memoriam
881 4428 915 4488 et
938 4419 1045 4489 robur
1063 4427 1228 4512 perpetuo
1248 4419 1433 4488 valiturum
1452 4425 1646 4510 presentem

247 4536 405 4628 paginam
419 4536 492 4608 lieri
508 4539 650 4610 lecimus
665 4547 783 4610 nostro
797 4539 910 4630 sigillo
925 4542 1105 4612 munitam.

292 4659 401 4750 Hujus
418 4669 533 4732 antem
554 4661 604 4732 rei
621 4670 724 4734 testes
746 4671 828 4734 sunt
845 4689 853 4732 r
869 4663 1082 4736 venerabiles
1100 4663 1358 4756 salzburgensis
1373 4671 1408 4734 et
1425 4660 1646 4754 Mogontinus

320 4779 359 4842 V.
1468 4793 1484 4842 v
