4262 5910
221 591 320 657 lunum.
341 593 404 672 lb]
671 595 865 656 HISTORIA
890 596 1181 660 ntenoltttulcn.

450 913 1406 930 „Qum-*affl

275 1205 497 1288 Mendetum
520 1206 569 1286 ed
597 1215 781 1288 secretum
808 1207 1000 1289 Messanae
1023 1229 1091 1313 pro
1114 1204 1286 1312 expensis
1312 1203 1391 1286 suis
1415 1203 1629 1311 judicisque

223 1347 262 1418 et
282 1337 534 1445 notariorum,
555 1349 593 1420 et
613 1348 659 1420 ut
684 1337 878 1420 moderate
903 1338 1047 1420 nuntiis
1075 1338 1124 1419 ed
1149 1336 1295 1419 ou1iem
1317 1335 1510 1418 mittendis
1528 1361 1627 1442 pro-

222 1471 360 1552 videet.

307 1693 430 1774 (ltaque.
447 1695 549 1771 imper.
565 1690 682 1753 Mede.
696 1693 735 1769 11,
751 1693 803 1753 fol.
824 1701 861 1754 ss
875 1709 974 1764 verso;
989 1696 1020 1753 in
1034 1693 1104 1752 edtt.
1120 1692 1255 1766 Cernen„
1267 1709 1298 1780 p.
1316 1691 1397 1770 teo.)

271 1887 355 1954 ltem
369 1886 525 1977 scripsit:

273 2007 494 2096 Frederious,
513 2017 595 2092 ete,
614 2007 735 2098 Majori
758 2006 801 2078 de
822 2007 1027 2078 Plancetone
1044 2015 1173 2077 secreto
1191 2005 1364 2094 Messene,
1387 2015 1452 2077 etc.
1473 2007 1628 2101 Capitule

225 2151 294 2224 que
322 2141 438 2203 nostro
462 2129 602 2201 culmini
627 2129 803 2201 destinasti
831 2129 979 2232 benigue
1005 2128 1199 2222 recepimus
1228 2137 1262 2199 et
1288 2129 1518 2201 intelleximus
1544 2128 1626 2201 dili·

226 2264 363 2348 gentem
383 2254 428 2326 de
443 2254 607 2348 expensis
625 2262 739 2325 autem
754 2253 837 2334 tuis,
853 2253 975 2324 salerio
991 2252 1118 2342 judicis
1131 2263 1166 2323 et
1182 2253 1391 2324 notariorum
1409 2275 1496 2348 quos
1514 2263 1628 2326 tecum

226 2377 261 2447 in
285 2377 407 2448 nostris
428 2377 576 2447 servitiis
597 2376 723 2448 hebere
746 2385 896 2470 oportet,
922 2396 1026 2468 super
1046 2375 1174 2468 quibus
1200 2385 1353 2446 nostrum
1379 2375 1628 2470 beneplacitum

225 2499 418 2593 postulasti,
433 2500 595 2571 volumus
611 2507 645 2570 et
663 2497 869 2571 mandemus
885 2507 923 2570 ut
940 2519 1111 2594 expensus
1129 2509 1206 2568 tues
1222 2507 1256 2569 et
1271 2499 1434 2569 solarium
1448 2498 1577 2588 judicis
1596 2509 1629 2571 et

225 2623 435 2695 notariorum
450 2643 538 2715 quos
555 2632 668 2693 tecum
685 2643 748 2716 pro
758 2623 883 2695 uostris
901 2621 1047 2694 servitiis
1065 2621 1256 2693 necessario
1272 2621 1402 2692 videris
1417 2621 1626 2708 retinendos,

226 2747 315 2820 sicut
332 2745 508 2839 quondam
522 2745 691 2818 Mattheus
708 2745 928 2818 Merobaleba
940 2753 1091 2816 secretus
1110 2744 1331 2838 predecessor
1345 2755 1425 2816 tuus
1442 2745 1631 2840 recipiebat

227 2891 288 2962 pro
308 2891 345 2940 se
361 2889 554 2962 expensas,
576 2879 611 2941 et
624 2867 735 2960 judici
750 2877 784 2940 et
805 2869 938 2941 noterio
954 2868 1027 2938 suis
1043 2865 1093 2963 (a)
1109 2869 1269 2939 salarium
1289 2867 1405 2956 debat,
1426 2879 1462 2939 tu
1483 2867 1527 2941 de
1550 2891 1629 2962 pro·

228 2991 388 3064 ventibus
406 2993 530 3063 nostris
546 2991 608 3084 qui
627 2999 708 3063 suut
725 3013 785 3085 per
798 3010 922 3062 manus
937 2999 1014 3062 tuas
1033 2991 1222 3084 recipisset
1236 2991 1433 3086 impendeS,
1453 2993 1500 3064 ita
1515 3001 1628 3064 temen
1656 2987 1660 2996 ’

227 3125 265 3188 ut
282 3115 490 3188 notariorum
505 3116 539 3187 et
549 3113 678 3204 judicis
692 3135 871 3186 numerum
884 3135 987 3207 quem
1001 3114 1112 3186 dictus
1126 3113 1301 3208 quondam
1317 3124 1466 3194 secretus
1482 3113 1629 3185 babebat

227 3239 366 3310 omnino
386 3237 514 3310 debeas
534 3253 672 3308 servare
694 3257 758 3308 nec
777 3236 940 3309 excedes.
962 3239 1013 3308 De
1035 3237 1198 3332 expensis
1218 3247 1333 3309 autem
1351 3237 1476 3310 dandis
1496 3237 1629 3309 nunciis

229 3362 297 3432 tuis
312 3382 399 3454 quos
414 3362 608 3452 frequenter
622 3357 668 3430 ed
687 3359 817 3430 curiam
837 3370 986 3431 nostram
1003 3381 1066 3453 pro
1081 3360 1279 3432 necessariis
1297 3359 1445 3434 servitiis
1458 3362 1583 3433 nostris
1596 3371 1630 3432 te

227 3485 366 3555 mictere
379 3481 564 3576 oportebit,
585 3482 747 3553 volumus
760 3491 799 3551 ut
814 3481 988 3554 moderate
1003 3491 1037 3552 et
1053 3492 1283 3578 competentes
1300 3503 1450 3576 expenso
1466 3503 1554 3576 ques
1567 3504 1629 3578 pro

227 3607 356 3679 nuntiis
375 3605 421 3678 ed
441 3605 573 3676 curiam
596 3598 748 3677 nostre'm
773 3626 834 3699 pro
856 3606 1057 3678 necessariis
1077 3607 1227 3679 servitiis
1249 3607 1373 3679 nostris
1397 3605 1575 3678 mictendis
1597 3616 1630 3678 te

227 3729 430 3822 contingerit
455 3731 581 3819 lacere,
607 3727 643 3798 in
667 3729 737 3800 tuis
759 3728 908 3800 debeant
931 3731 1121 3802 rationibus
1148 3731 1350 3824 computari.
1368 3722 1419 3800 Tu
1443 3739 1557 3801 umen
1579 3731 1631 3802 sio

228 3853 437 3946 ubicumque
458 3851 585 3946 poteris
607 3853 771 3945 expensis
796 3849 893 3923 curie
911 3861 1025 3924 nostre
1038 3867 1179 3946 parces,
1200 3851 1297 3944 quod
1317 3851 1353 3923 in
1378 3861 1411 3924 te
1426 3851 1580 3924 studium
1597 3864 1631 3924 et

229 3975 442 4069 diligentiam
467 3973 765 4055 commendemus;
788 3969 1042 4064 significaturus
1067 3971 1167 4046 uobis
1191 3983 1357 4068 quantum
1382 3985 1444 4069 'pro
1468 3975 1629 4070 expensis

228 4099 300 4170 suis
320 4098 433 4169 dictus
450 4093 627 4187 quondam
642 4095 813 4166 Mattheus
827 4095 1044 4168 Mercbeleba
1061 4105 1213 4168 secretus
1227 4097 1424 4192 recipiebat.

276 4221 400 4289 Datum
419 4217 577 4308 Serrani,
595 4217 671 4290 xv}
689 4215 897 4309 decembris,
914 4211 989 4288 Xlll
1005 4215 1213 4290 indictionis.

271 4417 312 4496 (a)
334 4395 370 4476 In
383 4419 526 4494 impresso
539 4417 609 4494 tuo,
624 4418 711 4480 mule.

308 4751 350 4810 V..

1692 1217 1795 1267 Sannoi,

1663 1269 1823 1312 tsdeeemoru.
