4224 5898
206 595 304 654 lsnrcr.
324 591 383 676 12]
664 593 863 656 lllsrolltlt
888 591 1186 660 burlouarlcll.
1559 597 1619 660 259

208 728 386 810 ecclesiae
410 737 448 811 et
468 727 719 838 tranquillum
744 729 906 812 civitatis
933 739 1095 835 statum,
1116 728 1324 838 approbata
1347 731 1621 814 consuetudine

208 859 386 944 ecclesiae
404 869 441 944 ct
458 859 618 944 civitatis
637 860 676 942 in
699 861 878 944 omnibus
896 861 1108 945 observata.

290 1071 391 1152 (Edld.
410 1073 589 1154 Somnum
603 1075 681 1137 lior.
697 1075 819 1154 episcop.
840 1075 962 1152 llloroa,
978 1081 1002 1137 t.
1016 1075 1046 1152 1,
1062 1091 1089 1152 p.
1109 1075 1191 1156 eti.)

259 1259 468 1351 Fridericus,
489 1260 552 1333 Dei
570 1261 681 1355 gratia
698 1262 929 1334 Romanorum
947 1261 1132 1356 imperator
1159 1283 1294 1358 semper
1319 1271 1506 1356 angustus,
1525 1265 1622 1336 lern-

212 1385 317 1457 salem
331 1393 366 1456 et
378 1382 495 1456 Sicilie
509 1405 586 1474 rex,
607 1383 733 1457 dilecto
749 1384 896 1481 principi
912 1405 976 1457 sno
997 1383 1160 1458 landolfo
1178 1385 1368 1458 venerabili
1383 1385 1625 1460 wormatiensi

213 1507 372 1604 episcopo
393 1508 538 1599 gratiam
563 1518 716 1582 suamet
737 1531 841 1582 omne
860 1509 1005 1582 bonnm.
1026 1509 1116 1594 Quia
1138 1510 1320 1604 tranquillo
1345 1510 1448 1582 statui
1464 1512 1626 1584 Worma-

212 1631 332 1705 tiensis
348 1632 493 1706 ecclesie
508 1641 543 1706 et
556 1633 706 1705 civitatis
722 1633 877 1725 ejusdem
897 1643 1013 1706 nostra
1031 1631 1250 1728 providentia
1266 1633 1477 1726 suffragante
1493 1635 1627 1708 consul·

212 1755 282 1827 tius
306 1755 468 1828 volumus
496 1755 692 1852 providere,
719 1768 836 1830 tenore
863 1757 1072 1854 presentium
1097 1756 1264 1830 duximus
1289 1757 1512 1832 statuendum
1533 1759 1627 1853 quod

215 1881 261 1953 lll
276 1879 322 1952 de
348 1879 629 1954 ministerialibus
651 1881 794 1953 ecclesie
816 1889 850 1953 et
867 1881 942 1954 Vlll
961 1879 1201 1976 circumspecti
1217 1881 1282 1952 viri
1298 1881 1343 1956 de
1364 1882 1502 1956 civibus
1516 1904 1577 1978 per
1596 1893 1629 1954 tc

214 2005 314 2076 annis
326 2005 474 2100 singulis
487 2001 757 2100 statuantur(l),
773 2004 835 2099 qui
854 2028 923 2078 nna
936 2013 1050 2078 lecum
1067 2005 1123 2078 vel
1137 2004 1194 2078 cui
1208 2006 1418 2079 commiseris
1428 2005 1522 2079 vices
1538 2016 1627 2098 tuas,

215 2126 377 2201 ordinent
401 2139 436 2200 et
457 2137 609 2202 statuant
633 2151 703 2223 que
729 2128 896 2202 honorem
920 2127 1063 2202 ecclesie
1080 2140 1115 2201 et
1129 2129 1352 2224 tranquillum
1371 2137 1497 2202 statum
1517 2129 1630 2226 respi-

215 2253 307 2325 ciant
330 2251 502 2339 civitatis,
534 2252 721 2348 approbata
745 2250 996 2327 consuetudine
1015 2253 1159 2326 ecclesie
1184 2263 1218 2326 et
1245 2253 1395 2325 civitatis
1415 2253 1451 2324 in
1471 2255 1632 2326 omnibus

214 2375 410 2450 observata.
435 2375 589 2448 Presenti
617 2398 758 2472 quoque
781 2377 964 2450 statuimus
988 2385 1023 2450 et
1048 2375 1255 2449 mandamus
1282 2377 1397 2450 edicto
1424 2386 1462 2448 ut
1487 2377 1631 2472 predicti

213 2497 276 2571 Xll
296 2499 361 2571 viri
379 2499 441 2595 qni
459 2499 576 2574 statuti
595 2499 719 2572 luerint
736 2499 782 2572 de
793 2523 887 2574 anno
904 2510 1079 2573 mutentur
1095 2500 1130 2570 in
1149 2523 1294 2590 annum,
1312 2501 1420 2574 etalii
1437 2497 1633 2596 pru'visione

215 2621 427 2696 consimilia
450 2631 484 2696 te
501 2625 556 2697 vel
584 2625 640 2696 cui
664 2623 875 2697 committere
898 2623 1049 2696 volueris
1075 2631 1289 2712 statuantur,
1314 2633 1353 2696 ut
1374 2646 1435 2720 per
1458 2625 1632 2699 vicissitu-

217 2745 334 2820 dinem
364 2757 399 2820 et
425 2747 677 2842 providentiam
706 2745 966 2820 succedentium
996 2757 1105 2820 status
1127 2747 1273 2822 ecclesie
1299 2758 1334 2822 et
1360 2749 1510 2822 civitatis
1539 2771 1633 2822 uom-

214 2868 361 2943 moditas
384 2869 430 2943 de
451 2870 544 2944 bono
566 2879 833 2966 promoveantur
856 2870 892 2942 in
914 2869 1037 2944 melius
1061 2881 1095 2943 et
1117 2872 1152 2944 in
1178 2893 1264 2968 pace
1285 2882 1320 2947 et
1342 2873 1477 2966 justitia
1494 2894 1632 2946 conser-

217 3003 355 3067 ventur.

266 3117 351 3192 Data
365 3117 548 3210 Cremone,
569 3119 615 3192 vl
631 3118 852 3208 novembris,
870 3117 1059 3193 indictione
1076 3119 1152 3192 Xll.

453 3423 1396 3436 Ἣο--Μο--σι--οο--οο-κ-

274 3692 506 3795 Fridericus,
527 3693 788 3778 Romanorum
806 3694 1027 3804 imperator,
1057 3694 1108 3777 ad
1133 3693 1447 3803 supplicationem
1469 3692 1634 3804 episcopi
1684 3723 1818 3820 03:535.

226 3823 534 3934 wormatiensis,
552 3827 663 3937 juxta
688 3828 807 3910 latam
836 3827 877 3909 in
907 3826 1013 3911 curia
1040 3853 1111 3910 sua
1139 3825 1366 3910 sententiam
1395 3825 1632 3936 principum,

224 3957 409 4068 quidquid
430 3959 479 4042 de
505 3957 673 4068 teloneo,
699 3969 853 4043 monete
883 3970 922 4043 et
952 3958 1112 4044 seculari
1126 3957 1272 4070 jndicio
1294 3984 1443 4043 necnon
1466 3969 1505 4043 et
1532 3986 1634 4043 con-

224 4087 410 4173 similibus
427 4115 451 4173 a
468 4089 739 4174 Wormaticnsi
763 4089 921 4175 ecclesia
947 4091 1029 4175 sine
1056 4117 1126 4176 suo
1154 4118 1312 4176 assensu
1341 4091 1548 4176 alienatum
1576 4094 1634 4176 vel

257 4405 292 4479 (4)
309 4405 394 4480 Igitur
408 4421 522 4465 erronee
535 4406 601 4464 dicit
618 4405 754 4464 annalium
766 4406 1007 4465 wormatiensium
1020 4420 1173 4480 anonymus
1184 4411 1279 4464 auctor
1292 4406 1350 4480 (ap.
1366 4408 1511 4478 Bonam,
1525 4409 1634 4481 Fontes,

223 4508 245 4561 t.
257 4504 291 4574 ΙΙ,
307 4521 337 4579 p.
353 4505 421 4575 idi)
433 4505 486 4562 boe
499 4509 632 4563 statutum
644 4505 680 4564 ab
692 4505 853 4564 adversariis
866 4504 986 4578 episcopi
1000 4504 1084 4562 luisse
1096 4510 1281 4578 procuratum,
1295 4504 1339 4562 cui
1351 4520 1382 4562 ss
1395 4505 1553 4565 submittere
1567 4526 1636 4581 per·

222 4599 342 4659 tinacitsr
358 4601 503 4661 bandellus
514 4602 642 4660 renuerit.
657 4602 725 4660 Cum
736 4603 808 4660 enim
826 4602 915 4661 adbuc
935 4602 962 4659 in
979 4603 1053 4658 curia
1066 4600 1198 4675 imperiali
1212 4601 1353 4676 episcopus
1372 4617 1470 4676 magno
1489 4615 1636 4664 exornatus

224 4695 310 4756 lavore
323 4705 486 4774 remaneret,
498 4715 557 4760 rem
570 4700 621 4776 ipsi
634 4717 684 4760 nec
695 4702 828 4775 ingratam
840 4715 890 4760 nec
902 4716 1045 4759 onerosam
1059 4700 1142 4759 luisse
1155 4698 1258 4758 lucilius
1273 4699 1444 4759 crediderim.
