4242 5904
230 614 329 678 111101.
347 617 409 696 11.]
678 613 875 688 HISTORIA
899 613 1192 677 n1rc0rtartca
1581 606 1636 668 161

229 751 398 847 probabili
409 749 665 846 presumptione
674 747 831 840 fidelem,
850 759 1016 823 rectorem
1031 759 1183 821 vestrum
1197 747 1279 820 anni
1294 744 1447 842 preteriti
1464 744 1510 819 de
1523 753 1639 816 nostra

232 875 361 948 lamilia
370 872 517 969 provide
526 872 715 968 recepistis.
730 873 785 946 Ex
798 875 928 968 quibus
943 873 1104 946 omnibns
1120 872 1338 946 laudabiliter
1355 868 1528 942 informati
1542 865 1638 962 qnod

230 1019 294 1072 vos
309 997 583 1094 inseparabiliter
599 996 754 1068 voluistis
767 998 868 1069 nobis
882 998 1015 1092 glutino
1030 996 1225 1071 devotionis
1243 1005 1278 1068 et
1292 994 1373 1068 fidei
1390 991 1572 1088 glutinari,
1594 989 1640 1064 ad

231 1143 294 1196 vos
317 1123 458 1194 oculum
476 1119 694 1216 pmvidentie
711 1131 827 1194 nostre
848 1143 948 1194 versa
970 1121 1050 1193 vice
1073 1119 1275 1212 dirigimus,
1297 1118 1342 1191 de
1364 1137 1527 1212 prospero
1548 1121 1640 1188 statu

230 1254 347 1318 vestro
359 1265 425 1316 nec
439 1264 508 1316 non
525 1251 561 1316 et
577 1242 622 1317 de
634 1243 763 1316 salubri
781 1243 949 1338 regimine
965 1245 1127 1338 precipua
1141 1241 1360 1315 solicitudine
1378 1239 1576 1334 cogitantes.
1598 1235 1641 1310 m

234 1389 313 1442 com
325 1367 413 1440 inter
430 1387 531 1438 coras
542 1365 771 1440 solicitudinis
783 1375 898 1439 nostre
910 1367 1122 1440 revolvimus
1133 1367 1281 1460 qualiter
1297 1385 1359 1459 per
1370 1385 1434 1436 nos
1449 1361 1550 1435 vobis
1565 1381 1641 1456 pos·

234 1499 284 1562 set
298 1491 333 1561 in
347 1490 423 1586 ipso
440 1487 615 1562 salubrius
629 1497 664 1561 et
678 1489 815 1562 cautius
830 1488 1024 1585 provideri,
1043 1488 1130 1563 illud
1143 1487 1282 1562 undam
1295 1486 1407 1560 tenaci
1421 1485 1642 1558 meditatione

233 1629 398 1707 tanquam
409 1611 690 1686 honorificentius
704 1613 804 1685 nobis
822 1623 858 1684 et
871 1613 972 1684 vobis
987 1613 1156 1684 duximus
1169 1608 1388 1704 eligendum,
1405 1607 1501 1704 quod
1515 1607 1561 1680 ad
1577 1607 1643 1680 boc

232 1737 325 1808 vires
339 1746 373 1808 et
385 1735 572 1831 potentiam
588 1743 740 1808 nostram
751 1735 875 1808 vestris
887 1736 1098 1830 profectibus
1113 1735 1263 1808 strictius
1278 1743 1313 1808 et
1330 1733 1539 1830 peculiarius
1553 1733 1643 1806 obli·

235 1861 336 1955 getis.
360 1857 417 1932 Ad
437 1858 551 1953 quod,
575 1869 677 1952 pmut
703 1859 941 1954 perspicaciter
969 1859 1095 1932 intueri
1122 1859 1279 1954 potestis,
1304 1859 1399 1930 nulla
1424 1879 1488 1930 nos
1511 1855 1644 1928 inducit

233 1983 375 2056 ambitio
397 1983 494 2077 qood
518 2003 636 2056 curam
662 1983 839 2077 regiminis
866 1984 1013 2056 civitatis
1038 1983 1161 2072 unius,
1193 1989 1512 2076 quantumcumque
1544 1979 1645 2052 nobis

234 2106 440 2202 synceritato
467 2115 613 2202 experta
641 2104 772 2195 tidelis,
804 2129 978 2180 assumere
1003 2107 1207 2202 cupiamus,
1237 2107 1298 2199 qui
1326 2107 1397 2178 tere
1424 2104 1528 2176 totius
1551 2103 1645 2175 orbis

236 2229 387 2302 habenas
405 2229 644 2302 universaliter
667 2230 906 2320 moderamur3
927 2231 990 2304 sed
1011 2239 1050 2301 ut
1072 2229 1259 2303 affectionis
1283 2237 1399 2302 nostre
1417 2229 1529 2300 zelum
1546 2227 1646 2300 vobis

240 2353 456 2447 singulariter
467 2352 703 2445 ostendamus,
720 2364 756 2426 et
766 2363 805 2426 nt
820 2352 867 2427 ad
880 2353 1190 2428 considerationem
1203 2354 1357 2426 omnium
1372 2351 1647 2425 manifestissime

239 2475 432 2550 deluatur
451 2476 549 2572 quod
568 2475 655 2550 dum
676 2476 830 2550 humeris
848 2478 971 2551 nostris
997 2479 1167 2550 sarcinam
1182 2475 1360 2570 regiminis
1376 2476 1482 2548 vestri
1499 2474 1647 2547 libenter

237 2601 463 2696 imponimus,
487 2601 561 2695 regi
581 2621 645 2674 vos
669 2600 815 2696 provide
839 2623 880 2674 ac
897 2601 1079 2673 salubriter
1101 2601 1317 2688 affectemus,
1336 2610 1375 2671 nt
1396 2600 1472 2673 sine
1487 2598 1647 2672 culminis

235 2725 343 2798 nostri
364 2724 493 2798 lesione
508 2724 577 2798 ledi
592 2746 654 2821 per
671 2726 822 2820 aliquem
838 2746 906 2798 non
922 2725 1073 2820 possitis.

451 3003 745 3017 ’.ο-’.μοι’
751 3005 1435 3018 -ι-ι-ο--ι-ι--ι-υιο--ικη--μ-ι-σ-σ-

290 3261 516 3369 Friderieus‚
535 3259 796 3344 Romanorum
822 3261 1041 3370 imperator,
1063 3259 1194 3342 scribit
1219 3259 1400 3344 Romanis
1428 3261 1534 3372 qnod
1559 3287 1650 3345 cum

238 3395 359 3480 Roma
391 3393 479 3476 fons
522 3392 671 3502 imperii
710 3393 969 3503 imperialibus
1007 3391 1209 3502 triumphis
1240 3393 1463 3477 associanda
1491 3395 1564 3502 sit,
1595 3396 1650 3480 cis

239 3528 355 3612 mittit
374 3527 608 3611 cemoecium
634 3527 674 3608 in
700 3537 826 3638 strage
844 3523 1182 3610 Mediolanensium
1204 3537 1381 3636 ceptum,
1401 3527 1652 3639 horteturque

240 3669 281 3742 ut
307 3659 411 3742 illius
438 3659 634 3743 custodiae
662 3685 795 3742 curem
818 3658 1044 3762 adhibeant,
1070 3657 1230 3741 aemulis
1253 3659 1320 3769 qui
1347 3685 1416 3768 per
1433 3659 1650 3744 incendium

240 3792 322 3902 ejus
340 3793 635 3876 destructionem
653 3793 886 3875 meditantur
907 3791 1041 3901 capitis
1059 3790 1263 3874 amissione
1284 3791 1505 3900 plectendis.

321 3977 452 4057 (amca.
467 3979 618 4040 mmmm
632 3984 662 4039 et
674 3979 831 4054 Dureau„
842 3975 980 4059 dmplr’rr.
995 3975 1118 4050 collect..
1133 3979 1257 4055 t.11‚p.
1274 3989 1454 4057 1100-1101,
1469 3991 1503 4042 1ο
1515 3981 1650 4046 LXXVI.

359 4081 478 4146 -colt
488 4085 660 4146 oumoodlc.
672 4084 752 4147 Blbl.
761 4085 860 4146 Cesar.
871 4082 1074 4166 Paris.,sondr
1086 4084 1240 4148 Sederat.
1251 4084 1352 4162 Harl,
1365 4095 1436 4162 4⁵5,
1449 4105 1481 4166 p.
1492 4088 1534 4165 li,
1544 4087 1650 4166 n⁰XL,

360 4197 471 4252 etcum
485 4191 552 4254 cod.
568 4191 656 4266 tbld.,
671 4187 871 4272 ancicnsondr
884 4187 971 4270 lotio,
987 4190 1093 4274 1011.)

563 4343 849 4354 mantuan——

244 4424 412 4484 uincendum
425 4428 481 4502 (ap.
492 4428 595 4499 Paros,
616 4430 692 4487 litut.
704 4429 794 4504 plan.
808 4428 840 4487 da
856 4431 998 4501 Pronum,
1012 4434 1033 4487 t
1048 4430 1094 4501 ΙΙΙ,
1107 4447 1136 4504 p.
1148 4433 1201 4488 000
1217 4436 1244 4488 et
1257 4432 1345 4506 seqq.)
1358 4447 1501 4506 perperam
1515 4433 1611 4493 racto
1623 4433 1655 4493 ds

244 4523 361 4580 Ferrato
374 4525 537 4584 nominatur.
554 4527 627 4586 ldem
641 4535 683 4585 ast
698 4529 744 4601 qui
758 4543 850 4585 menso
860 4528 984 4601 januario
998 4531 1067 4585 ⁴2³6
1083 4527 1118 4586 ab
1134 4528 1334 4604 archiepiscopo
1346 4530 1498 4589 viennense
1511 4547 1574 4589 cum
1590 4533 1655 4590 Bar·

244 4617 394 4678 tholomaeo
405 4621 439 4680 do
449 4623 547 4682 bareio
561 4626 806 4684 excommunicatus
820 4627 883 4696 tuit,
898 4641 931 4683 eo
944 4626 1016 4698 quod
1028 4631 1115 4682 terras
1125 4628 1257 4698 quasdam
1270 4629 1419 4686 Veoaissini
1432 4629 1574 4686 comitatus
1589 4646 1657 4703 quas

247 4713 297 4774 sibi
308 4717 429 4776 Romana
442 4720 561 4780 Ecclesia
572 4722 728 4782 vindicabat
741 4729 907 4798 usurpasset.
922 4722 961 4780 Cl.
977 4723 1078 4794 Paron,
1096 4723 1180 4797 Opere
1192 4726 1286 4796 citato,
1300 4731 1320 4781 t.
1336 4725 1370 4796 11,
1384 4741 1515 4800 preuves,
1530 4737 1563 4782 1ο
1574 4731 1619 4786 et.

326 4818 365 4879 v.
1054 4847 1056 4852 ·
1458 4835 1491 4887 11
