4262 5910
1007 531 1220 596 relocatur
1244 531 1415 595 secuso!
1728 529 1813 608 [Ass.
1830 530 1914 598 lm

569 1119 729 1202 Litterae
760 1120 996 1229 responsales
1025 1131 1063 1203 et
1092 1123 1319 1204 mandatum
1343 1123 1393 1204 ad
1415 1131 1600 1206 sacreum
1628 1121 1823 1204 Messanae
1850 1145 1916 1227 pro

516 1253 715 1334 statuendo
747 1277 824 1334 uno
855 1251 1003 1346 notario
1030 1251 1144 1334 siclae
1170 1253 1384 1360 Messanae,
1411 1279 1482 1362 pro
1506 1252 1733 1362 requirenda
1761 1251 1917 1360 pecunia

515 1384 727 1493 praedictae
746 1384 858 1467 siclae
884 1383 1031 1490 debita,
1051 1395 1089 1468 et
1110 1387 1159 1468 de
1178 1386 1347 1495 quadmn
1376 1386 1617 1470 bulzunullae
1642 1385 1855 1495 quantitate
1880 1383 1917 1464 in

514 1515 689 1600 fraudem
707 1515 834 1598 curiae
855 1516 1020 1600 vendita.

595 1716 722 1796 (liccat.
740 1717 844 1796 imper.
858 1713 978 1778 Fredrr.
992 1717 1037 1790 11,
1050 1716 1102 1778 tol.
1120 1727 1157 1780 88
1169 1735 1269 1793 verso3
1285 1721 1317 1780 lu
1334 1719 1404 1780 scat.
1419 1717 1556 1798 sarran,
1569 1735 1601 1796 p.
1617 1717 1700 1796 set.)

561 1889 644 1960 Item
662 1888 817 1982 scripsit:

560 2010 778 2101 Fradericus,
792 2020 876 2102 etc,
897 2019 1028 2086 secreto
1044 2011 1216 2102 Messene,
1227 2021 1297 2086 etc.
1312 2011 1466 2106 Benigne
1482 2011 1675 2108 recepimus
1693 2011 1829 2084 lieteras
1842 2019 1916 2084 tuas

512 2143 547 2208 et
568 2135 716 2229 capitula
738 2155 807 2230 quc
832 2133 973 2222 meleti,
1001 2143 1067 2208 etc.
1093 2135 1195 2220 Quod
1219 2143 1335 2208 autem
1361 2136 1450 2208 inter
1469 2137 1538 2208 alia
1562 2134 1711 2232 capitula
1732 2143 1794 2206 tua
1821 2133 1917 2206 uobis

512 2255 725 2348 significasti,
739 2255 835 2350 quod
851 2277 931 2328 cunr
948 2255 993 2330 de
1008 2255 1146 2330 duobus
1158 2257 1368 2352 nowiisqui
1384 2267 1482 2331 erant
1494 2257 1611 2332 statuti
1627 2257 1664 2328 in
1677 2257 1826 2330 servitiis
1837 2255 1916 2328 sicle

512 2389 626 2454 nostre
638 2381 790 2454 Messana
807 2403 897 2452 unus
912 2379 1109 2470 decesserit,
1129 2381 1217 2454 alius
1235 2381 1281 2455 ad
1297 2381 1455 2474 ejusdem
1468 2381 1551 2456 sicle
1565 2380 1746 2454 sevitium
1761 2379 1915 2452 sufficere

512 2523 581 2576 uon
597 2502 749 2594 videtur,
765 2513 904 2598 propter
916 2503 1013 2598 quod
1025 2503 1191 2598 scripsisti
1209 2504 1380 2576 notarium
1395 2503 1586 2578 Iohannem
1597 2503 1643 2576 de
1659 2503 1818 2576 Messana
1833 2503 1916 2575 lato·

513 2649 588 2700 rem
599 2628 937 2722 presentium,quem
948 2627 995 2702 ad
1005 2629 1136 2702 curiam
1150 2638 1303 2702 nostram
1312 2628 1447 2719 misisti,
1459 2628 1634 2724 ydoneum
1646 2635 1681 2700 et
1692 2627 1915 2698 sufficientem

514 2770 590 2824 esse
605 2749 650 2822 ad
667 2749 761 2824 idem
777 2750 957 2824 servitium
972 2750 1182 2842 laciendum,
1196 2751 1258 2824 tibi
1273 2751 1442 2825 duximus
1458 2750 1739 2847 respondendum
1757 2747 1854 2844 quod
1870 2769 1915 2820 ex

513 2894 584 2968 quo
602 2871 715 2946 tidelis
732 2886 847 2948 noster
863 2884 927 2966 est,
941 2874 1113 2970 ydoneus,
1127 2885 1161 2948 et
1176 2875 1350 2949 sufficiens
1363 2875 1400 2950 in
1414 2875 1491 2974 ipso
1501 2874 1658 2968 seruitio,
1676 2883 1715 2946 ut
1730 2873 1913 2968 scripsisti,

512 2998 625 3092 placet
644 2997 744 3070 uobis
769 3008 804 3072 et
827 2999 989 3073 volumus
1010 3008 1050 3070 ut
1072 3019 1152 3070 eum
1175 2999 1346 3071 notarium
1367 2999 1404 3070 in
1427 2999 1511 3072 sicle
1535 2998 1609 3092 ipsa
1633 2997 1820 3070 constituas
1842 2996 1915 3067 loco

513 3121 683 3212 defuncti,
711 3121 758 3194 ad
783 3123 947 3196 honorem
973 3133 1008 3194 et
1034 3120 1233 3194 fidelitatem
1262 3131 1431 3214 nostram,
1460 3130 1658 3215 recepturus
1685 3119 1731 3192 ab
1757 3140 1800 3192 eo
1816 3119 1915 3216 jura-

513 3253 667 3318 mentum
686 3243 861 3318 fidelitatis
876 3255 912 3318 et
924 3245 1028 3318 officii
1038 3247 1141 3336 juxta
1157 3267 1298 3318 morem.

563 3369 687 3440 Datum
704 3367 842 3440 Sunaui
851 3419 862 3462 ,
880 3368 956 3440 XVI
970 3369 1179 3460 decembris,
1196 3369 1273 3440 Xlll
1286 3365 1495 3440 indictionis.

562 3489 646 3562 Item
663 3492 821 3586 scripsit:

562 3613 776 3704 Fredericus,
790 3624 873 3702 etc,
891 3626 1021 3688 secreto
1036 3615 1211 3705 Messene,
1228 3625 1293 3690 etc.
1313 3613 1526 3710 Significavit
1538 3611 1680 3688 culmini
1699 3619 1816 3682 nostro
1831 3607 1918 3678 Gan·

517 3736 596 3808 dius
608 3737 744 3826 ebreus,
759 3737 912 3810 notarius
921 3740 1003 3812 sicle
1011 3748 1126 3812 nosue
1137 3740 1306 3830 Messene,
1318 3738 1429 3812 tidelis
1442 3745 1568 3824 nosw,
1581 3733 1676 3830 quod
1689 3755 1769 3808 cum
1786 3731 1917 3804 dudum

517 3857 562 3932 de
582 3857 798 3932 ordinatione
818 3859 994 3952 qnondam
1018 3861 1157 3932 Matthei
1182 3861 1399 3936 Marchataba
1421 3859 1542 3934 secreti
1563 3857 1674 3930 tidelis
1700 3855 1808 3928 nostri
1829 3871 1915 3924 nova

516 3989 656 4052 moneta
679 3981 760 4054 sicle
783 3991 896 4054 nostre
914 3982 1069 4054 Messene
1091 3985 1194 4056 missa
1212 3985 1315 4062 fuerit
1332 3981 1541 4078 imponenda
1559 4001 1620 4076 per
1638 3979 1793 4072 singulas
1815 3985 1918 4048 erres

517 4103 631 4176 Sicilie
652 4113 687 4176 et
703 4101 873 4194 Calabria,
894 4107 1010 4198 plures
1032 4106 1077 4180 de
1094 4107 1159 4180 illis
1178 4107 1238 4200 qui
1260 4106 1417 4180 eamdem
1434 4104 1614 4200 muniam
1632 4107 1852 4194 receperunt,
1876 4115 1918 4166 sc

518 4225 614 4318 quod
629 4225 742 4299 dictus
754 4227 929 4320 quondam
942 4238 1093 4302 secretus
1108 4229 1223 4302 medio
1242 4239 1394 4322 tempore
1407 4227 1574 4302 concessit
1590 4227 1626 4298 in
1640 4225 1722 4312 lata,
1736 4219 1918 4317 pecuniam

520 4349 629 4442 ipsam
647 4349 822 4444 assignare
836 4351 1001 4444 jamdicto
1025 4352 1108 4424 sicle
1127 4361 1241 4424 nostre
1257 4361 1409 4424 renuunt
1428 4351 1463 4422 in
1487 4349 1582 4422 curia
1597 4357 1711 4420 nosue
1727 4346 1914 4436 iacturam,

520 4493 598 4542 cum
616 4471 730 4544 adhuc
745 4473 837 4548 bona
853 4475 1026 4568 quantitas
1039 4473 1084 4547 de
1102 4473 1194 4547 dicta
1208 4475 1353 4568 pecunia
1372 4475 1418 4547 ab
1435 4474 1486 4546 eis
1500 4481 1614 4546 nostre
1627 4469 1721 4543 carie
1739 4468 1916 4540 debeatur.

520 4573 634 4678 Quare
661 4592 817 4668 fidelitati
842 4606 901 4670 tue
925 4596 1148 4693 precipiendo
1174 4597 1380 4670 mandamus
1403 4603 1574 4690 quatenus
1595 4609 1834 4688 quoscumque
1854 4583 1919 4656 tibi
