4242 5904
184 625 280 684 lsnvcr.
299 618 359 704 12]
629 618 824 680 HISTORIA
850 617 1142 680 olrnouarlcn.
1529 613 1590 672 22¹!

183 757 309 830 vestire
334 757 448 851 ipsum
472 751 518 826 de
542 764 657 826 nostra
676 754 786 847 gratia
805 753 1039 847 dignaremur.
1067 755 1136 828 Nos
1158 755 1263 848 igitur
1285 748 1592 848 supplicationibus

183 880 256 954 suis
275 877 507 952 favorabiliter
524 877 693 968 inclinati,
715 887 853 971 recepto
876 877 921 949 ab
939 900 981 950 eo
1002 878 1037 948 in
1059 877 1231 974 presentia
1257 887 1389 965 nostra,
1415 881 1517 970 prout
1541 881 1594 944 est

182 1003 271 1096 juris
284 1011 320 1076 et
336 1001 440 1074 moris
461 1000 617 1096 imperii,
631 1002 826 1093 iuramento
850 1009 920 1072 tam
946 999 1120 1074 fidelitatis
1139 1011 1174 1074 et
1198 1001 1341 1073 hominii
1361 1021 1466 1095 qnam
1490 1017 1594 1092 super

185 1127 331 1220 singulis
349 1124 503 1198 articulis
520 1123 582 1217 qui
599 1123 635 1194 in
647 1125 843 1214 juramento
862 1123 1038 1196 fidelitatis
1058 1125 1158 1197 nobis
1180 1125 1337 1198 exhibito
1362 1121 1591 1210 continentur,

186 1248 348 1322 eumdem
364 1247 661 1342 archiepiscopum
675 1245 719 1319 de
732 1248 906 1336 regalibus
925 1267 995 1340 que
1008 1248 1152 1320 ecclesia
1174 1269 1271 1321 suaa
1290 1247 1389 1318 nobis
1402 1257 1436 1318 et
1452 1243 1595 1340 imperio

187 1383 304 1446 tanam
324 1371 533 1458 dinoscitur,
555 1392 618 1466 per
637 1371 814 1466 imperiale
833 1379 1007 1466 sceptrum
1027 1372 1269 1446 investivimus
1289 1370 1334 1444 de
1354 1379 1469 1443 nostre
1487 1371 1596 1463 gratia

188 1496 393 1589 majestatis;
411 1495 459 1567 ita
474 1504 587 1568 mmen
606 1494 701 1588 quod
718 1495 812 1568 idem
828 1494 1106 1590 archiepiscopus
1119 1506 1153 1568 et
1170 1515 1386 1568 successores
1403 1493 1459 1566 sui
1473 1493 1596 1566 eadem

189 1621 317 1716 regalia
330 1629 464 1692 tantum
488 1642 509 1692 a
528 1619 628 1692 nobis
641 1629 677 1690 et
691 1619 836 1714 imperio
851 1629 991 1692 teneant
1007 1631 1042 1694 et
1055 1622 1156 1693 etiam
1170 1629 1414 1714 recognoscant
1427 1627 1462 1692 et
1476 1616 1596 1691 eadem

191 1743 234 1816 de
250 1743 404 1816 dominio
421 1751 538 1816 nostro
556 1751 591 1814 et
607 1741 741 1836 imperii
764 1742 881 1835 aliquo
899 1751 1053 1838 tempore
1078 1745 1281 1816 subtrahere
1301 1765 1371 1815 non
1393 1741 1595 1832 intendant,

191 1875 355 1940 consueta
371 1887 513 1960 queque
538 1874 572 1938 et
591 1864 708 1938 debita
731 1865 877 1938 servicia
900 1866 999 1938 nobis
1021 1876 1055 1938 et
1077 1866 1223 1961 imperio
1245 1865 1390 1940 fideliter
1407 1887 1448 1937 ac
1475 1865 1600 1939 devote

193 1990 341 2064 debeant
374 1989 553 2062 exhibere.
585 1989 792 2063 blandamns
823 1989 927 2080 igitur
951 2000 986 2062 et
1015 1989 1168 2063 districte
1198 1990 1406 2086 precipimus
1431 1997 1601 2084 quatenus

192 2114 309 2188 nubas
327 2114 372 2186 sit
387 2113 449 2208 qui
468 2112 674 2205 Jamdictnm
694 2113 991 2208 archiepiscopum
1016 2124 1051 2187 et
1065 2115 1245 2188 ecclesiam
1264 2137 1362 2186 suam
1383 2122 1443 2187 ant
1466 2133 1603 2186 succes·

194 2258 286 2310 sores
299 2238 455 2330 ejusdem
478 2245 596 2310 contra
612 2237 778 2330 presentis
802 2236 1005 2311 investitura
1024 2249 1137 2312 nostre
1157 2247 1308 2312 tenorem
1327 2247 1454 2311 temere
1470 2237 1604 2332 inquie-

195 2369 281 2451 tare,
310 2360 487 2434 offendere
505 2382 567 2434 seu
583 2361 764 2434 molestare
781 2372 970 2456 presumat.
992 2362 1094 2447 Quod
1110 2363 1171 2458 qni
1187 2362 1432 2458 presumpserit
1447 2360 1604 2455 indigna-

195 2485 322 2556 tionem
341 2485 501 2556 culminis
516 2485 622 2556 nostri
644 2507 682 2558 se
704 2487 840 2557 noverit
861 2486 1095 2560 incursurum.
1121 2487 1177 2559 Ad
1206 2489 1306 2580 cujus
1330 2486 1380 2558 rei
1405 2486 1604 2559 memoriam

196 2616 229 2678 et
244 2607 401 2680 stabilem
417 2606 632 2694 firmitatem,
651 2629 794 2704 presens
810 2610 973 2704 scriptum
996 2611 1070 2683 lieri
1095 2621 1130 2684 et
1148 2609 1260 2707 sigillo
1284 2611 1472 2706 majestatis
1492 2620 1606 2682 nostre

194 2731 358 2823 jussimus
374 2731 595 2804 communiri.

244 2855 368 2926 Datum
396 2854 579 2928 incastris
609 2855 646 2926 in
678 2855 857 2929 obsidione
879 2856 1016 2948 Brixie,
1043 2879 1134 2930 anno
1161 2857 1334 2932 dominice
1364 2858 1608 2932 incarnationis

199 2977 319 3050 lt⁰cc⁰
335 2977 506 3052 tricesimo
520 2987 655 3068 octavo,
681 3001 798 3054 mense
819 2983 1017 3077 septembri,
1043 2982 1251 3056 duodecima
1268 2983 1472 3077 indictione,
1492 2985 1607 3078 impe-

200 3111 296 3174 rante
310 3103 452 3176 domino
468 3112 584 3176 nestro
598 3103 791 3192 Fredcrico,
806 3105 868 3176 Dei
883 3107 993 3199 gratia
1011 3107 1238 3180 invictissimo
1256 3109 1487 3181 ltomanornm
1501 3108 1609 3201 impe-

202 3235 310 3298 ratore
326 3247 462 3320 semper
477 3237 637 3317 augusto,
656 3229 841 3301 lerosolimi
856 3239 892 3300 et
906 3231 1020 3304 Sicilie
1036 3255 1131 3326 rege,
1148 3233 1282 3329 imperii
1298 3233 1353 3306 sui
1368 3231 1606 3315 annoXVIl1⁰,

142 3364 147 3379 ‘
203 3350 296 3445 regni
310 3351 498 3426 Jerusalem
515 3355 621 3426 tercio
641 3353 792 3445 decimo,
813 3356 910 3449 regni
928 3377 1011 3429 vero
1028 3359 1143 3430 Sicilie
1167 3359 1239 3430 ΧΗ
1251 3360 1291 3451 1⁰,
1311 3357 1465 3430 feliciter.
1483 3357 1607 3429 Amen.

422 3683 943 3699 h-——n-m—-ut——u—-c---na
949 3691 1027 3699 nnn—..n—
1034 3687 1395 3700 *mu—m

258 3976 489 4084 Fridericus,
508 3977 768 4062 Romanorum
790 3981 1011 4090 imperator,
1031 3983 1225 4065 bernardo
1247 3982 1502 4067 Avenionensi
1524 3983 1613 4092 epi-

210 4133 319 4218 scopo
334 4123 489 4194 renovat
506 4121 543 4193 et
558 4113 758 4197 inserendo
777 4115 978 4197 confirmat
990 4115 1230 4226 privilegium
1249 4115 1476 4199 aFriderico
1490 4117 1615 4226 primo

210 4241 432 4350 imperatore
459 4269 529 4326 avo
569 4271 638 4326 suo
666 4246 850 4330 Ganlrido
881 4249 1132 4332 Avenionensi
1160 4249 1334 4358 episcopo
1364 4276 1465 4334 anno
1495 4253 1611 4352 1157,

212 4375 261 4455 25
279 4375 510 4483 novembris,
530 4377 735 4462 indultum.

292 4610 424 4688 (Edlder.
446 4611 630 4692 Gasnnnccr,
652 4614 752 4675 Storic
776 4613 966 4700 allicientem,
988 4625 1012 4679 t.
1029 4619 1074 4693 ll,
1096 4637 1127 4697 p.
1154 4627 1277 4682 tw.-
1290 4621 1471 4699 Novcmnn,
1493 4619 1618 4679 liutein

328 4715 455 4782 chronol.
470 4717 505 4780 da
519 4715 626 4801 t'lqlisc
640 4719 813 4806 d'rlcipnoa,
828 4742 859 4802 p.
876 4734 932 4786 150
946 4731 975 4786 et
991 4725 1073 4806 156.)
