4278 5920
228 579 403 664 lnntcr.10.]
676 579 870 648 sistente
896 580 1187 642 nll’LottAthn.
1583 579 1638 642 101

226 716 452 812 proprietates
466 724 501 788 et
515 715 584 788 alia
601 715 693 788 bona
714 737 785 810 que
809 717 911 790 irater
931 716 1143 788 Holmerlcns
1168 713 1261 786 filius
1278 713 1454 807 qnondam
1475 713 1641 788 Hartwici

227 839 382 932 magistri
396 839 546 931 coquine
564 837 740 911 offerendo
758 850 793 911 et
817 839 1008 934 profitendo
1030 840 1171 935 speciali
1189 849 1268 911 voto
1286 859 1465 932 personam
1483 859 1582 910 suam
1605 838 1641 910 lu

228 963 471 1034 fraternitatem
489 961 614 1034 domus
633 963 757 1055 optulit
778 962 893 1036 eidem
916 962 1052 1053 domui,
1072 973 1187 1036 nostra
1207 971 1346 1056 optenta
1370 961 1507 1034 licentia
1523 983 1641 1034 coram

228 1086 345 1174 nobis,
366 1085 451 1179 ipsis
471 1093 506 1156 et
522 1083 640 1156 domui
657 1085 861 1158 confirmare
877 1085 922 1158 de
940 1097 1054 1158 nostre
1072 1086 1183 1179 gretie
1202 1085 1436 1180 dignaremur.
1453 1085 1523 1156 Nos
1537 1085 1642 1180 igitur

227 1209 442 1281 attendentes
461 1209 611 1303 qualiter
633 1217 703 1280 tam
732 1209 928 1304 sollempnis
948 1209 1076 1282 oblatio
1104 1219 1139 1282 et
1156 1209 1314 1304 religiose
1332 1207 1497 1303 professio
1520 1207 1642 1282 divino
1725 1303 1728 1310 Ι

227 1334 334 1405 cultui
355 1332 521 1428 deputata
541 1332 610 1404 sint
625 1333 714 1405 votis
730 1325 904 1406 continuis
916 1332 1134 1406 observanda
1153 1353 1217 1404 nec
1233 1332 1365 1404 licitum
1383 1332 1428 1404 sit
1442 1331 1544 1404 alicui
1565 1343 1642 1426 post

225 1456 390 1528 emissum
409 1457 598 1552 sollempne
620 1466 739 1528 votum
761 1478 782 1528 a
807 1457 862 1530 via
886 1457 1022 1528 Domini
1048 1457 1197 1544 resilire,
1222 1455 1447 1551 proprietates
1473 1465 1509 1526 et
1525 1455 1641 1529 omnia

225 1579 316 1650 bona
345 1579 502 1671 ejusdem
525 1579 637 1650 fratris
662 1579 842 1652 Helmerici
870 1580 906 1652 iu
932 1581 1103 1675 presentis
1129 1588 1244 1652 nostra
1262 1578 1354 1652 dicte
1377 1577 1497 1650 domui
1518 1579 1642 1652 Sancte

225 1700 333 1774 blarie
348 1701 461 1774 oblata
473 1711 589 1774 nostre
603 1711 744 1798 optenta
767 1703 903 1776 lieentia
921 1703 1126 1796 majestatis,
1145 1701 1307 1798 predictis
1328 1701 1508 1793 magistro,
1531 1699 1640 1774 lratri·

226 1825 292 1897 bus
314 1847 357 1898 ac
378 1825 637 1898 suecessoribus
663 1847 782 1899 eorum
799 1837 835 1900 et
861 1825 975 1899 eidem
994 1811 1095 1900 sacre
1114 1825 1233 1900 domui
1255 1826 1379 1898 Sancte
1401 1824 1508 1898 blarie
1526 1825 1641 1899 oblata

225 1947 487 2040 confirmamus3
508 1971 579 2043 que
597 1948 760 2022 videlieet
779 1950 1004 2046 proprietatos
1025 1960 1060 2022 et
1083 1950 1176 2024 bone
1193 1949 1340 2044 propriis
1358 1949 1525 2022 duximus
1538 1971 1640 2024 voce·

225 2070 316 2141 bulis
332 2071 563 2166 exprimenda
578 2098 587 2142 z
602 2074 638 2145 iu
657 2071 779 2166 primis
791 2073 922 2144 curiam
936 2093 1006 2166 que
1018 2070 1145 2144 dicitur
1164 2071 1315 2166 magistri
1329 2072 1489 2166 coquine,
1509 2073 1639 2146 curiam

224 2215 296 2286 que
318 2194 445 2268 dicitur
471 2195 590 2268 divitis
617 2195 787 2287 Gerungi,
807 2195 938 2268 curiam
965 2217 1036 2292 que
1065 2195 1189 2269 dicitur
1211 2195 1343 2269 domini
1371 2171 1552 2269 Helmerioi
1572 2219 1641 2292 que

225 2315 322 2390 Nova
341 2318 443 2390 Curia
467 2320 676 2414 appellatur,
704 2319 835 2392 curiam
856 2330 936 2392 ante
958 2319 1136 2392 ecclesiam
1153 2321 1278 2393 Sancte
1300 2319 1500 2410 detherius,
1520 2320 1639 2396 desem

221 2443 343 2534 jugera
365 2443 546 2515 vinearum
574 2467 610 2515 ιιι
637 2445 704 2516 situ
733 2444 794 2538 qui
822 2443 949 2516 dicitnr
975 2445 1129 2532 Treuiro,
1160 2445 1280 2517 decem
1302 2444 1426 2537 jugera
1455 2445 1492 2518 in
1522 2459 1640 2522 monte

227 2565 445 2654 liobenbere,
465 2578 541 2640 octo
555 2567 677 2660 jugera
696 2568 731 2640 iu
753 2579 869 2640 monte
886 2567 1045 2659 Hsseler,
1070 2566 1142 2640 duo
1156 2569 1279 2662 jugera
1302 2567 1338 2638 iu
1361 2561 1645 2664 Tieffincliugeu,'

225 2689 412 2764 duodecim
436 2691 560 2784 jugera
586 2692 622 2764 in
655 2693 857 2786 mortequi
889 2691 1017 2764 dicitur
1049 2691 1280 2782 Obenbusen,
1308 2689 1428 2764 decem
1450 2693 1574 2786 jugera
1603 2695 1640 2768 in

227 2823 342 2886 monte
365 2813 426 2908 qui
454 2814 581 2887 dicitur
605 2815 840 2903 Wiutherlite‚
870 2813 992 2889 decem
1017 2815 1142 2909 jugera
1166 2815 1199 2886 in
1223 2815 1421 2908 Morsburg,
1453 2815 1545 2888 bona
1571 2839 1640 2912 que

225 2935 345 3009 babuit
367 2937 462 3033 apud
484 2939 728 3030 Gerbrunuen‚
754 2939 916 3012 universa
943 2940 1035 3012 bona
1059 2961 1129 3035 que
1153 2937 1249 3033 apud
1273 2937 1470 3011 llotenburc
1490 2948 1525 3012 et
1549 2941 1639 3018 circa

224 3061 417 3134 Rotenburc
431 3061 583 3155 legitime
601 3061 800 3160 possidebat
815 3071 850 3134 et
867 3063 936 3136 alia
957 3063 1074 3136 omnia
1092 3083 1161 3156 que
1173 3083 1253 3134 cum
1265 3062 1346 3154 jure
1362 3063 1590 3136 successionis
1603 3066 1639 3136 in

226 3183 326 3256 bouis
339 3185 501 3257 avonculi
518 3186 625 3280 patris
644 3187 699 3258 sui
721 3186 872 3259 lleiuriei
891 3186 1043 3279 magistri
1065 3185 1213 3278 coquine
1230 3185 1287 3279 pie
1305 3185 1551 3260 reeordationis
1570 3197 1639 3260 tam

226 3308 291 3380 sibi
309 3331 414 3402 quam
432 3309 538 3382 sonori
557 3331 620 3384 sue
635 3311 795 3402 religiose
812 3321 1028 3405 competunt,
1048 3308 1220 3382 divisione
1239 3309 1276 3380 iu
1293 3310 1404 3404 capita
1420 3332 1510 3405 eque
1527 3313 1637 3402 lecta,

227 3430 322 3504 salvo
343 3434 425 3525 jure
444 3455 506 3529 per
531 3433 647 3506 omnia
672 3433 702 3506 si
727 3433 822 3528 quod
848 3433 894 3506 de
918 3435 1023 3506 rebus
1049 3433 1213 3528 predictis
1232 3433 1389 3505 debetur.
1413 3435 1569 3507 Preterea
1593 3457 1640 3508 ex

227 3554 440 3628 habundanti
470 3557 579 3650 gratia
606 3567 721 3629 nostra
745 3579 849 3651 quam
873 3579 955 3652 erga
978 3557 1089 3652 ipsius
1116 3556 1241 3628 domos
1266 3557 1475 3628 incrementa
1499 3560 1640 3653 speciali

226 3679 344 3753 lavore
369 3681 522 3775 gerimus
546 3690 580 3753 et
599 3680 788 3762 babemus,
810 3683 888 3754 lieet
904 3682 1027 3754 eedem
1048 3681 1173 3754 domus
1197 3701 1301 3773 super
1324 3680 1486 3753 omnibus
1509 3705 1579 3776 que
1595 3685 1641 3758 ab

227 3801 371 3898 imperio
390 3804 469 3896 jure
484 3803 614 3876 feudali
640 3813 733 3877 tenet
755 3804 928 3898 siquando
945 3803 1059 3877 eidem
1072 3804 1191 3876 domui
1208 3803 1339 3875 collatis
1354 3804 1573 3899 privilegium
1596 3809 1642 3882 ab

227 3927 431 4000 excellentia
444 3939 560 4001 nostra
574 3929 728 4024 optineat
744 3929 920 4022 generale,
940 3929 986 4000 ad
998 3949 1052 3999 -ea
1068 3938 1180 3999 tamen
1197 3928 1397 4021 omniaque
1415 3927 1529 4000 dictus
1541 3932 1642 4003 irater

227 4051 438 4124 Helmerious
450 4052 563 4125 eidem
578 4053 699 4125 domui
714 4051 871 4139 contulit,
888 4051 976 4123 sicut
987 4049 1163 4146 qnondam
1178 4051 1360 4145 paterejus
1374 4051 1494 4147 etipse
1510 4055 1642 4127 anobis

228 4185 261 4245 et
280 4175 428 4270 imperio
456 4184 658 4268 tennerunt,
677 4175 931 4269 indulgentiam
951 4185 986 4247 et
1010 4175 1156 4268 gratiam
1182 4175 1247 4246 sibi
1271 4176 1416 4247 lecimus
1436 4177 1638 4271 specialem

227 4299 395 4394 presentis
409 4300 580 4396 privilegii
599 4303 801 4374 auctoritate
815 4299 1020 4374 mandantes
1032 4308 1204 4394 quatenus
1221 4300 1337 4372 nullus
1353 4298 1448 4391 dux,
1465 4303 1639 4399 princeps,

229 4425 393 4514 marchio,
411 4447 538 4514 munes,
556 4425 760 4516 advocatus,
772 4426 951 4516 scultetus,
965 4424 1052 4497 civis
1066 4425 1119 4497 vel
1134 4425 1259 4518 quevis
1273 4425 1340 4497 alia
1358 4445 1517 4519 persone,
1534 4427 1641 4498 eecle-

231 4546 362 4620 siastica
381 4551 435 4622 vel
449 4549 647 4642 mundane,
664 4550 821 4622 sublimis
838 4549 894 4621 vel
911 4548 1071 4636 humilis,
1092 4547 1265 4644 predictos
1287 4548 1503 4640 magistrum,
1526 4550 1642 4622 iratres

232 4679 263 4739 et
282 4671 428 4746 eandem
453 4671 593 4746 domum
610 4684 728 4747 contra
754 4673 922 4769 presentis
940 4670 1224 4758 confirmationis,
1251 4671 1463 4765 indulgentie
1484 4682 1518 4743 et
1534 4674 1643 4766 ‘gretie
