4350 5922
498 598 539 660 26
996 595 1208 655 FlllDElthl
1237 593 1410 656 sactum
1714 595 1794 672 [llus.
1814 593 1898 655 1237.

498 733 534 804 in
550 731 664 804 Welse
685 731 877 803 constitutis
899 738 1074 826 presentes
1100 729 1229 802 litteras
1252 728 1458 825 inspecturis
1482 727 1643 802 fidelibus
1666 729 1738 800 suis
1755 731 1900 822 gratiam

498 864 650 929 suamet
671 854 934 928 omnebonum.
959 857 1085 928 Notum
1105 855 1249 926 tacimus
1274 853 1488 926 universitati
1512 862 1626 926 vestre
1650 853 1746 948 quod
1768 876 1832 926 nos
1856 854 1901 928 ad

497 980 781 1075 supplicationem
799 979 1006 1051 venerabilis
1026 978 1160 1050 abbatis
1178 988 1212 1051 et
1232 988 1423 1052 conventus
1442 978 1486 1052 de
1499 978 1757 1069 Wilbaeringen
1777 979 1902 1052 Cister-

498 1099 623 1174 ciensis
639 1101 788 1194 ordinis,
816 1112 1008 1175 nostrorum
1037 1101 1210 1194 fidelium,
1231 1104 1386 1176 volentes
1403 1102 1453 1174 eis
1471 1102 1657 1175 observare
1673 1103 1902 1175 favorabiliter

498 1225 735 1299 inconcussam
751 1247 870 1298 eorum
892 1225 1023 1299 ordinis
1045 1227 1255 1316 libertatem,
1276 1226 1526 1298 immunitatem
1552 1234 1588 1298 et
1612 1227 1757 1319 gratiam
1780 1227 1817 1300 in
1837 1228 1901 1301 du·

498 1351 617 1424 caudis
639 1353 847 1425 victualibus
869 1362 907 1424 et
931 1351 1006 1424 aliis
1021 1353 1125 1443 rebus
1145 1351 1292 1448 propriis
1310 1351 1356 1424 ad
1380 1373 1466 1423 usus
1493 1371 1614 1424 eorum
1642 1373 1703 1446 per
1725 1352 1799 1424 loca
1824 1374 1901 1423 mn·

497 1485 609 1548 tarum
627 1484 779 1570 tempora
797 1475 897 1548 ducis
916 1475 1076 1570 Leopoldi
1096 1476 1204 1548 felicis
1220 1477 1384 1550 memorie
1412 1497 1475 1571 per
1497 1493 1579 1548 eum
1603 1473 1755 1548 habitam
1780 1485 1816 1547 et
1840 1475 1903 1548 ob-

497 1608 643 1690 tentam,
672 1599 723 1671 eis
749 1598 916 1672 duximus
943 1620 1005 1694 per
1031 1599 1180 1694 speciale
1209 1601 1431 1696 privilegium
1456 1598 1732 1688 concedendam,
1754 1600 1842 1672 sicut
1865 1599 1902 1672 in

497 1722 678 1818 privilegio
691 1722 849 1814 ejusdem
868 1723 1098 1795 concessionis
1113 1723 1179 1796 sibi
1197 1725 1382 1796 clementer
1396 1721 1531 1797 indulto
1547 1723 1686 1818 plenius
1698 1723 1895 1796 continetur.

496 1847 611 1932 Quare
641 1845 845 1918 mandamus
879 1856 912 1918 et
944 1848 1152 1942 precipimus
1180 1847 1393 1920 universitati
1423 1858 1536 1919 vestre
1560 1857 1732 1942 quatenus
1759 1846 1902 1920 eandem

495 1969 745 2041 immunitatem
777 1981 810 2040 et
837 1970 981 2061 gratiam
1010 1969 1304 2064 quemadmodum
1336 1970 1481 2066 predicti
1520 1971 1620 2044 ducis
1651 1981 1805 2066 tempure
1839 1969 1904 2041 luit

496 2093 636 2166 obtenta
659 2101 693 2164 et
709 2115 770 2187 per
790 2103 943 2165 nostrum
969 2095 1188 2189 privilegium
1208 2104 1262 2168 est
1283 2117 1447 2168 conomsa
1471 2104 1542 2168 tam
1560 2095 1596 2166 in
1618 2095 1717 2167 terris
1738 2117 1841 2189 quam
1867 2094 1903 2164 in

495 2218 596 2313 aquis
614 2217 649 2287 in
664 2238 808 2289 ascensu
823 2227 858 2290 et
871 2217 1039 2290 descensu
1052 2241 1114 2313 per
1130 2227 1243 2292 mutas
1257 2229 1291 2291 et
1304 2219 1462 2292 thelonea
1480 2218 1688 2291 conservetis
1704 2215 1851 2306 eisdem,
1866 2225 1905 2290 ut

495 2341 665 2415 indultam
680 2341 730 2412 eis
744 2343 886 2436 gratiam
906 2341 995 2414 lelici
1010 2351 1163 2438 tempore
1182 2353 1298 2416 nostro
1309 2345 1427 2438 quiete
1440 2343 1616 2437 gaudeant
1628 2342 1794 2416 obtinere.

543 2467 667 2538 Datum
685 2465 780 2560 apud
797 2467 996 2554 Wisnnam,
1022 2469 1143 2541 ultimo
1162 2469 1341 2562 fabruarii,
1362 2469 1496 2542 decime
1512 2467 1723 2541 indictionis.

327 3099 383 3182 οιι
407 3144 435 3188 ,0.
546 3057 782 3166 FridericuS,
818 3060 1078 3144 Romanorum
1113 3063 1340 3173 imperator,
1374 3066 1510 3150 domos
1545 3065 1692 3150 ordinis
1729 3065 1901 3148 'lbautc-

493 3189 666 3274 nicorum
686 3193 777 3274 sitas
795 3193 835 3273 in
862 3194 1063 3276 ducatibus
1082 3196 1257 3281 lustriae
1284 3209 1322 3281 et
1349 3199 1495 3310 Styriae
1521 3209 1560 3281 et
1587 3198 1774 3282 Marcbiae
1802 3199 1901 3281 Car-

492 3325 618 3408 niolae
635 3352 723 3407 cum
741 3325 961 3409 hominibus
986 3337 1023 3408 et
1045 3327 1155 3412 bonis
1173 3356 1305 3414 earum
1325 3332 1398 3414 sub
1416 3358 1487 3415 sua
1504 3333 1736 3440 protectione
1754 3331 1902 3442 speciali

492 3457 637 3566 recipit.

499 3665 517 3692 ’¹
575 3661 709 3743 (Edldur.
723 3662 894 3737 Daumius,
908 3663 1020 3726 Hister.
1041 3665 1144 3748 nquit.
1164 3665 1318 3747 Tamna,
1333 3685 1403 3746 pars
1416 3669 1479 3748 111,
1494 3687 1525 3747 p.
1542 3677 1592 3750 47,
1610 3680 1644 3730 u⁰
1661 3677 1689 3730 t.
1705 3701 1747 3716 —
1758 3671 1860 3731 Puscn
1873 3675 1903 3729 at

612 3769 780 3848 Fnonurca,
800 3767 961 3850 diplomat.
984 3789 1059 3834 ruer.
1083 3771 1218 3854 styriae,
1233 3791 1302 3852 pars
1316 3777 1362 3854 11,
1385 3793 1416 3854 p.
1444 3785 1512 3838 tat.
1527 3777 1718 3854 -nnrnrs,
1744 3773 1814 3838 ch.
1837 3771 1899 3836 ord.

617 3873 771 3955 Theclam,
786 3894 816 3954 p.
835 3885 908 3957 106,
920 3889 954 3937 n⁰
969 3881 1030 3955 96.)

543 4069 757 4163 Fridericus,
783 4072 846 4144 Dei
875 4073 983 4166 gratia
1009 4075 1237 4148 Romanorum
1265 4077 1466 4173 imperator,
1494 4087 1561 4151 etc.
1589 4080 1714 4152 Notum
1742 4077 1816 4152 lieri
1842 4099 1904 4150 vo·

495 4195 610 4267 lumus
625 4195 797 4268 universis
813 4204 883 4267 tam
902 4185 1118 4291 presentibus
1133 4223 1238 4295 quam
1256 4203 1378 4275 lutaris
1395 4203 1584 4298 quodcum
1596 4211 1750 4275 sanctam
1762 4202 1902 4276 domum

495 4319 618 4392 Sancte
648 4317 756 4392 Marie
791 4319 1078 4395 Tbeutonicorum
1111 4325 1412 4398 lerosolimitanam
1447 4335 1611 4422 tanquam
1645 4327 1902 4422 progenitorum

494 4451 690 4515 nostrornm
707 4463 795 4536 opus
811 4443 989 4516 lavorabili
1006 4448 1273 4543 complectamur
1293 4451 1417 4522 affectu
1441 4460 1475 4524 et
1493 4451 1624 4545 ubique
1642 4472 1704 4547 par
1721 4451 1902 4545 imperium

495 4577 650 4640 nostrum
674 4567 883 4662 protectione
906 4577 1021 4642 nostra
1045 4571 1195 4664 gaudeat
1215 4583 1250 4644 st
1273 4574 1407 4666 lavore,
1432 4575 1578 4647 similem
1602 4575 1669 4646 sibi
1693 4575 1837 4666 gratiam
1866 4574 1901 4644 in

373 4768 374 4772 Ἴ
496 4689 679 4764 ducatibus
712 4690 850 4764 Austrie
880 4700 914 4763 et
947 4693 1048 4766 Stirie
1073 4704 1107 4766 et
1142 4696 1294 4769 marchia
1332 4698 1487 4771 Carnicle
1526 4699 1751 4794 ampliantes,
1781 4695 1902 4770 domos
