4226 5900
173 672 174 675 ,
197 612 296 672 ιιιιιισι.
315 607 373 692 la]
626 608 822 670 HISTORIA
845 610 1138 676 btvnottartcn.
1548 609 1608 671 tat

196 745 243 818 de
259 747 384 818 Sancto
403 743 571 816 Germano
587 744 732 838 captivis
755 745 903 819 detentis
919 748 1084 823 hactenns
1100 749 1136 820 in
1154 757 1264 822 castro
1281 748 1441 843 Neapolis
1460 745 1607 819 manda·

196 890 278 940 mus
297 877 335 938 ut
358 868 451 962 ipsos
470 865 516 940 ad
533 868 756 940 castellanum
780 871 879 942 Sarni
895 870 1032 945 fidelem
1055 883 1210 947 nostrum
1231 870 1474 946 custodiendos
1493 881 1608 943 trans·

196 990 315 1063 mittas
332 985 417 1088 [cui]
433 997 472 1060 ut
485 988 579 1084 ipsos
596 987 642 1062 ad
656 990 705 1062 tui
723 993 979 1086 requisitionem
998 997 1141 1090 recipiat
1158 998 1283 1069 nostris
1298 996 1421 1069 damus
1435 995 1556 1068 litteris
1573 994 1610 1064 in

199 1113 385 1186 mandatis.
402 1115 452 1184 De
471 1112 577 1184 rebus
598 1134 682 1186 vero
698 1115 860 1208 pullamis
877 1115 931 1214 (l)
949 1127 984 1191 et
1003 1141 1111 1211 grano
1128 1120 1259 1192 ibidem
1279 1119 1427 1193 detentis
1444 1117 1611 1213 (ollarias

199 1237 297 1332 quod
314 1239 358 1309 H.
386 1236 431 1310 de
447 1238 558 1310 Morra
577 1237 672 1310 curie
691 1248 809 1312 nostre
827 1242 988 1334 magister
1001 1243 1206 1334 justitiarios
1222 1243 1269 1336 (ι)
1286 1244 1322 1314 in
1338 1263 1402 1315 sno
1418 1241 1530 1315 reditu
1548 1240 1611 1313 tibi

204 1361 310 1434 dicet.
325 1360 393 1446 Qui
409 1361 439 1432 si
453 1361 539 1434 forte
556 1383 687 1433 moram
705 1363 831 1436 laceret
847 1365 1049 1460 longiorem,
1062 1368 1177 1439 mittas
1189 1387 1251 1440 eos
1263 1365 1413 1439 lllelliam
1424 1365 1471 1439 ad
1483 1386 1612 1439 marra·

203 1495 358 1560 mentum
381 1486 510 1560 castelli
528 1486 635 1559 nostri
639 1539 1208 1563 ...............
1239 1491 1408 1564 Lucasino
1425 1489 1611 1563 castellano

203 1607 318 1682 Mellie
334 1617 372 1680 ut
385 1609 478 1704 ipsos
490 1609 646 1704 prisones
656 1611 816 1706 recipiat,
833 1635 914 1685 oum
933 1625 970 1685 tu
985 1613 1078 1708 ipsos
1092 1615 1124 1687 ei
1137 1615 1282 1687 duxeris
1295 1613 1508 1710 dirigendos.
1534 1668 1542 1685 .
1564 1667 1573 1685 .
1599 1667 1608 1684 .

207 1786 625 1805 ...........
653 1735 756 1806 castri
783 1737 891 1807 nostri
919 1737 1078 1832 Neapolis
1103 1747 1162 1810 tue
1189 1737 1358 1812 industrie
1381 1737 1538 1832 deputati
1563 1737 1613 1811 sic

206 1867 240 1928 te
266 1856 446 1928 sollicitum
471 1855 638 1931 exhibeas
660 1867 694 1930 et
720 1867 886 1932 attentum
911 1870 951 1932 ut
976 1861 1011 1932 in
1037 1870 1222 1956 conspectu
1242 1863 1400 1934 culminis
1424 1862 1529 1934 nostri
1551 1883 1614 1956 per

206 1980 367 2054 ellectum
384 1979 498 2074 operis
516 1980 778 2054 commenderis.

254 2105 393 2192 Datum,
413 2112 480 2176 etc.

255 2229 365 2299 Item:

255 2349 464 2439 Friderions,
479 2360 561 2440 etc,
583 2351 715 2443 Angelo
733 2350 778 2424 de
793 2351 920 2444 Marra,
937 2362 1004 2426 etc.
1021 2351 1106 2424 Cum
1122 2351 1169 2426 ad
1183 2353 1376 2428 custodiam
1393 2357 1493 2427 castri
1510 2357 1618 2428 nostri

208 2473 369 2568 Neapolis
397 2472 679 2546 mandaverimus
706 2474 880 2569 Diopnldo
908 2475 953 2548 de
977 2477 1136 2570 Dragone
1165 2475 1257 2549 lideli
1285 2487 1401 2551 nostro
1427 2487 1466 2548 nt
1492 2476 1618 2550 habeat

208 2597 396 2690 Xmilitee,
413 2597 471 2668 LX
488 2597 684 2670 balistarios
702 2608 737 2671 et
757 2599 845 2670 inter
858 2599 1069 2690 servientes,
1090 2599 1212 2693 vigiles
1229 2609 1264 2672 et
1278 2597 1440 2673 officiales
1456 2621 1619 2674 necessa-

209 2720 278 2793 rios
289 2721 378 2793 inter
392 2742 513 2794 omnes
527 2720 621 2812 CXL,
635 2731 675 2793 nt
691 2743 761 2794 una
776 2721 865 2794 inter
881 2743 1000 2795 ornnes
1013 2723 1219 2814 balistarios,
1231 2725 1431 2822 servientes,
1447 2725 1572 2818 vigiles
1585 2735 1621 2798 et
1671 2795 1674 2800 .

210 2843 295 2916 alios
312 2845 490 2933 officiales,
511 2844 664 2939 exceptis
684 2843 849 2939 predictis
871 2843 988 2918 de'cem
1010 2846 1194 2936 militibus,
1213 2847 1282 2919 sint
1299 2847 1362 2939 CC,
1387 2845 1542 2920 fidelitati
1560 2857 1619 2920 tue

211 2966 416 3040 mandamns
433 2975 604 3062 quatenus
626 2966 756 3068 solidos
784 2975 818 3039 et
843 2969 1110 3064 companagium
1137 2970 1359 3064 inquisitione
1386 2971 1476 3044 lacta
1502 2971 1619 3044 statuti

211 3089 281 3161 huc
304 3112 415 3184 usque
436 3090 568 3163 servitii
589 3091 640 3163 eis
658 3089 800 3164 studeas
820 3092 1025 3167 ministrare.
1048 3094 1205 3180 Preterea
1227 3093 1310 3187 quia
1332 3102 1482 3166 castmm
1504 3094 1619 3190 ipsum

213 3215 417 3288 cumomni
452 3214 630 3308 diligentia
664 3215 873 3288 custoditum
904 3205 967 3311 pro
995 3217 1116 3291 brevio
1152 3219 1314 3291 volumus
1344 3219 1416 3292 lore
1448 3219 1620 3293 munitum

213 3339 373 3412 omnibns
390 3339 610 3433 opportunis,
632 3339 840 3412 mandamus
858 3339 1036 3428 devotioni
1057 3351 1116 3414 tue
1139 3349 1178 3413 ιιι
1204 3340 1251 3414 de
1268 3342 1380 3430 milio,
1401 3344 1493 3432 sale,
1515 3343 1618 3437 ferro,

214 3463 364 3552 lomace,
384 3461 539 3550 terrario,
559 3463 784 3553 carbonibus,
807 3485 938 3558 canape
957 3473 992 3535 et
1009 3463 1213 3557 generaliter
1236 3465 1399 3537 omnibus
1421 3467 1622 3560 opportunis

214 3584 261 3658 ad
281 3584 507 3656 munitionem
523 3584 634 3679 ipsius
656 3587 758 3659 castri
781 3608 844 3681 pro
866 3587 987 3660 brevio
1006 3597 1155 3660 castrum
1177 3590 1292 3684 ipsum
1315 3587 1456 3662 studeas
1481 3612 1622 3684 promu-

215 3709 309 3800 nire,
335 3707 423 3781 dans
445 3706 617 3801 Diopuldo
639 3707 685 3782 de
707 3711 869 3804 Dragone
887 3709 980 3783 lideli
999 3721 1115 3784 nostro
1133 3713 1222 3786 ultra
1237 3711 1366 3785 solidos
1392 3720 1536 3786 statutos
1559 3736 1623 3810 pro

215 3829 379 3927 predictis
397 3831 551 3925 personis
574 3830 619 3905 de
644 3834 791 3927 pecunia
818 3833 913 3907 curie
938 3843 1055 3907 nostre
1074 3834 1196 3907 uncias
1220 3835 1295 3906 auri
1321 3834 1388 3924 CC,
1411 3833 1458 3907 ad
1475 3837 1624 3931 speciale

215 3955 392 4026 munimen
404 3962 439 4025 et
451 3953 561 4048 ipsius
571 3954 673 4026 castri
687 3955 880 4030 custodiam
893 3978 956 4052 pro
967 3957 1179 4030 necessitatis
1192 3957 1337 4030 articulo
1352 3959 1621 4050 conservandas,

217 4087 255 4149 nt
273 4098 335 4171 pro
355 4075 490 4149 delectu
510 4077 658 4171 pecunie
676 4078 792 4151 nullus
811 4079 847 4149 in
872 4079 982 4175 ipsius
1005 4081 1106 4152 castri
1122 4079 1280 4152 custodia
1296 4080 1340 4152 sit
1362 4079 1535 4172 delectus;
1566 4103 1625 4154 re-

218 4199 326 4293 cipias
345 4207 462 4271 autem
486 4197 532 4269 ab
555 4220 597 4271 eo
618 4198 664 4273 de
680 4199 749 4272 hiis
767 4221 837 4294 que
856 4200 923 4273 sibi
940 4200 1078 4274 dederis
1093 4202 1253 4275 idoneam
1270 4201 1472 4297 apodixem.
1493 4204 1625 4278 Milium

218 4343 302 4396 vero
319 4323 549 4418 comperimus
568 4321 675 4397 modo
692 4325 775 4397 satis
797 4345 873 4398 esse
890 4325 926 4397 in
947 4326 1084 4399 castello
1109 4335 1225 4400 nostro
1247 4325 1387 4400 Caracie
1411 4322 1472 4424 (c);
1494 4325 1540 4402 de
1554 4348 1625 4423 qno

262 4495 303 4576 (a)
324 4497 421 4558 Iocus
434 4497 578 4559 obscurus
588 4499 635 4559 vel
646 4501 783 4574 mutilus,
796 4479 866 4563 curn
877 4502 915 4564 de
926 4503 983 4564 reta
989 4548 999 4580 ,
1012 4520 1072 4564 non
1084 4504 1121 4565 de
1134 4501 1219 4565 retas
1229 4507 1278 4584 agl
1289 4505 1436 4567 videatur.

261 4600 303 4682 (ι)
325 4603 360 4663 ln
373 4603 439 4664 cod.
452 4601 619 4676 rationalia,
635 4607 722 4667 male.

261 4707 299 4789 (r)
324 4709 444 4770 Rectius
459 4710 583 4790 chacr'c.

299 4813 336 4877 V.
1451 4830 1488 4884 et
