<?xml version="1.0" encoding="UTF-8"?>
<!DOCTYPE html PUBLIC "-//W3C//DTD XHTML 1.0 Transitional//EN"
    "http://www.w3.org/TR/xhtml1/DTD/xhtml1-transitional.dtd">
<html xmlns="http://www.w3.org/1999/xhtml" xml:lang="en" lang="en">
 <head>
  <title>
</title>
<meta http-equiv="Content-Type" content="text/html;charset=utf-8" />
  <meta name='ocr-system' content='tesseract 3.04.00' />
  <meta name='ocr-capabilities' content='ocr_page ocr_carea ocr_par ocr_line ocrx_word'/>
</head>
<body>
  <div class='ocr_page' id='page_1' title='image "./historiadiploma02fredgoog_0488.png"; bbox 0 0 4226 5900; ppageno 0'>
   <div class='ocr_carea' id='block_1_1' title="bbox 229 557 1639 685">
    <p class='ocr_par' dir='ltr' id='par_1_1' title="bbox 229 557 1639 685">
     <span class='ocr_line' id='line_1_1' title="bbox 229 557 1639 685; baseline -0.007 -17"><span class='ocrx_word' id='word_1_1' title='bbox 229 601 409 685; x_wconf 63' lang='lat' dir='ltr'><strong>numana]</strong></span> <span class='ocrx_word' id='word_1_2' title='bbox 668 595 863 658; x_wconf 83' lang='lat' dir='ltr'><strong>nlsronm</strong></span> <span class='ocrx_word' id='word_1_3' title='bbox 887 557 1235 658; x_wconf 80' lang='lat' dir='ltr'><strong>ninnouarncn&#39;</strong></span> <span class='ocrx_word' id='word_1_4' title='bbox 1398 567 1408 584; x_wconf 91' lang='lat'>&#39;</span> <span class='ocrx_word' id='word_1_5' title='bbox 1578 596 1639 658; x_wconf 78' lang='lat' dir='ltr'><strong>ars</strong></span> 
     </span>
    </p>
   </div>
   <div class='ocr_carea' id='block_1_2' title="bbox 232 729 1640 956">
    <p class='ocr_par' dir='ltr' id='par_1_2' title="bbox 232 729 1640 956">
     <span class='ocr_line' id='line_1_2' title="bbox 279 729 1640 827; baseline -0.004 -17"><span class='ocrx_word' id='word_1_6' title='bbox 279 737 459 811; x_wconf 67' lang='lat' dir='ltr'><strong>floridante</strong></span> <span class='ocrx_word' id='word_1_7' title='bbox 478 732 606 805; x_wconf 82' lang='lat' dir='ltr'><strong>domino</strong></span> <span class='ocrx_word' id='word_1_8' title='bbox 625 732 818 826; x_wconf 80' lang='lat' dir='ltr'><strong><em>imperatore</em></strong></span> <span class='ocrx_word' id='word_1_9' title='bbox 833 753 895 826; x_wconf 82' lang='lat' dir='ltr'><strong>per</strong></span> <span class='ocrx_word' id='word_1_10' title='bbox 911 731 1101 822; x_wconf 70' lang='lat' dir='ltr'><strong>rncmstrom</strong></span> <span class='ocrx_word' id='word_1_11' title='bbox 1119 729 1320 801; x_wconf 85' lang='lat' dir='ltr'><strong>lliccordom</strong></span> <span class='ocrx_word' id='word_1_12' title='bbox 1337 732 1471 827; x_wconf 79' lang='lat' dir='ltr'><strong><em>scripsit</em></strong></span> <span class='ocrx_word' id='word_1_13' title='bbox 1486 735 1640 804; x_wconf 79' lang='lat' dir='ltr'><strong>notorius</strong></span> 
     </span>
     <span class='ocr_line' id='line_1_3' title="bbox 232 855 628 956; baseline -0.023 -21"><span class='ocrx_word' id='word_1_14' title='bbox 232 864 391 956; x_wconf 77' lang='lat' dir='ltr'><strong>Ropcrius</strong></span> <span class='ocrx_word' id='word_1_15' title='bbox 408 860 448 930; x_wconf 86' lang='lat' dir='ltr'><strong>dc</strong></span> <span class='ocrx_word' id='word_1_16' title='bbox 469 855 628 928; x_wconf 60' lang='lat' dir='ltr'><strong>Solem</strong></span> 
     </span>
    </p>
   </div>
   <div class='ocr_carea' id='block_1_3' title="bbox 232 1001 1650 2688">
    <p class='ocr_par' dir='ltr' id='par_1_3' title="bbox 232 1001 1650 2463">
     <span class='ocr_line' id='line_1_4' title="bbox 280 1001 1641 1099; baseline -0.005 -16"><span class='ocrx_word' id='word_1_17' title='bbox 280 1010 504 1099; x_wconf 84' lang='lat' dir='ltr'><strong>Fredericus,</strong></span> <span class='ocrx_word' id='word_1_18' title='bbox 521 1015 606 1096; x_wconf 89' lang='lat' dir='ltr'><strong>etc.‚</strong></span> <span class='ocrx_word' id='word_1_19' title='bbox 626 1005 753 1077; x_wconf 88' lang='lat' dir='ltr'><strong>Criscio</strong></span> <span class='ocrx_word' id='word_1_20' title='bbox 768 1003 975 1076; x_wconf 84' lang='lat' dir='ltr'><strong>Amalfitana</strong></span> <span class='ocrx_word' id='word_1_21' title='bbox 998 1002 1187 1076; x_wconf 85' lang='lat' dir='ltr'><strong>camerario</strong></span> <span class='ocrx_word' id='word_1_22' title='bbox 1203 1003 1355 1097; x_wconf 73' lang='lat' dir='ltr'><strong>Amulii,</strong></span> <span class='ocrx_word' id='word_1_23' title='bbox 1376 1011 1442 1074; x_wconf 90' lang='lat' dir='ltr'><strong>etc.</strong></span> <span class='ocrx_word' id='word_1_24' title='bbox 1463 1001 1641 1077; x_wconf 85' lang='lat' dir='ltr'><strong>Accedens</strong></span> 
     </span>
     <span class='ocr_line' id='line_1_5' title="bbox 232 1125 1642 1230; baseline -0.005 -22"><span class='ocrx_word' id='word_1_25' title='bbox 232 1136 278 1208; x_wconf 88' lang='lat' dir='ltr'><strong>ad</strong></span> <span class='ocrx_word' id='word_1_26' title='bbox 295 1133 509 1230; x_wconf 79' lang='lat' dir='ltr'><strong>presenciam</strong></span> <span class='ocrx_word' id='word_1_27' title='bbox 528 1139 679 1203; x_wconf 89' lang='lat' dir='ltr'><strong>nostram</strong></span> <span class='ocrx_word' id='word_1_28' title='bbox 697 1129 863 1222; x_wconf 80' lang='lat' dir='ltr'><strong>Rogerins</strong></span> <span class='ocrx_word' id='word_1_29' title='bbox 880 1127 925 1200; x_wconf 90' lang='lat' dir='ltr'><strong>de</strong></span> <span class='ocrx_word' id='word_1_30' title='bbox 942 1128 1092 1200; x_wconf 85' lang='lat' dir='ltr'><strong>Collntro</strong></span> <span class='ocrx_word' id='word_1_31' title='bbox 1109 1127 1273 1220; x_wconf 80' lang='lat' dir='ltr'><strong>exposuit</strong></span> <span class='ocrx_word' id='word_1_32' title='bbox 1285 1149 1398 1199; x_wconf 86' lang='lat' dir='ltr'><strong>eoram</strong></span> <span class='ocrx_word' id='word_1_33' title='bbox 1411 1125 1528 1218; x_wconf 90' lang='lat' dir='ltr'><strong>nobis,</strong></span> <span class='ocrx_word' id='word_1_34' title='bbox 1547 1129 1642 1221; x_wconf 93' lang='lat' dir='ltr'><strong>qnod</strong></span> 
     </span>
     <span class='ocr_line' id='line_1_6' title="bbox 233 1252 1644 1351; baseline -0.005 -20"><span class='ocrx_word' id='word_1_35' title='bbox 233 1261 269 1331; x_wconf 92' lang='lat' dir='ltr'><strong>in</strong></span> <span class='ocrx_word' id='word_1_36' title='bbox 285 1259 429 1330; x_wconf 89' lang='lat' dir='ltr'><strong>flumine</strong></span> <span class='ocrx_word' id='word_1_37' title='bbox 443 1256 535 1328; x_wconf 88' lang='lat' dir='ltr'><strong>Lelle</strong></span> <span class='ocrx_word' id='word_1_38' title='bbox 556 1253 606 1351; x_wconf 84' lang='lat' dir='ltr'><strong>(a)</strong></span> <span class='ocrx_word' id='word_1_39' title='bbox 619 1264 653 1327; x_wconf 90' lang='lat' dir='ltr'><strong>et</strong></span> <span class='ocrx_word' id='word_1_40' title='bbox 669 1255 803 1326; x_wconf 89' lang='lat' dir='ltr'><strong>Senelle</strong></span> <span class='ocrx_word' id='word_1_41' title='bbox 821 1275 890 1347; x_wconf 90' lang='lat' dir='ltr'><strong>que</strong></span> <span class='ocrx_word' id='word_1_42' title='bbox 903 1252 1022 1324; x_wconf 85' lang='lat' dir='ltr'><strong>vicina</strong></span> <span class='ocrx_word' id='word_1_43' title='bbox 1040 1261 1121 1324; x_wconf 88' lang='lat' dir='ltr'><strong>sunt</strong></span> <span class='ocrx_word' id='word_1_44' title='bbox 1135 1253 1251 1324; x_wconf 84' lang='lat' dir='ltr'><strong>Penne</strong></span> <span class='ocrx_word' id='word_1_45' title='bbox 1268 1252 1313 1324; x_wconf 89' lang='lat' dir='ltr'><strong>de</strong></span> <span class='ocrx_word' id='word_1_46' title='bbox 1326 1253 1419 1324; x_wconf 89' lang='lat' dir='ltr'><strong>Voce</strong></span> <span class='ocrx_word' id='word_1_47' title='bbox 1434 1252 1483 1347; x_wconf 86' lang='lat' dir='ltr'><strong>(b)</strong></span> <span class='ocrx_word' id='word_1_48' title='bbox 1499 1264 1644 1348; x_wconf 89' lang='lat' dir='ltr'><strong>possunt</strong></span> 
     </span>
     <span class='ocr_line' id='line_1_7' title="bbox 233 1375 1644 1454; baseline -0.004 0"><span class='ocrx_word' id='word_1_49' title='bbox 233 1381 385 1454; x_wconf 82' lang='lat' dir='ltr'><strong>construi</strong></span> <span class='ocrx_word' id='word_1_50' title='bbox 401 1378 600 1452; x_wconf 87' lang='lat' dir='ltr'><strong>molendina</strong></span> <span class='ocrx_word' id='word_1_51' title='bbox 616 1375 663 1449; x_wconf 87' lang='lat' dir='ltr'><strong>ad</strong></span> <span class='ocrx_word' id='word_1_52' title='bbox 680 1375 899 1448; x_wconf 89' lang='lat' dir='ltr'><strong>commodum</strong></span> <span class='ocrx_word' id='word_1_53' title='bbox 911 1376 1006 1447; x_wconf 89' lang='lat' dir='ltr'><strong>curie</strong></span> <span class='ocrx_word' id='word_1_54' title='bbox 1022 1383 1137 1447; x_wconf 89' lang='lat' dir='ltr'><strong>nostre</strong></span> <span class='ocrx_word' id='word_1_55' title='bbox 1150 1383 1184 1448; x_wconf 88' lang='lat' dir='ltr'><strong>et</strong></span> <span class='ocrx_word' id='word_1_56' title='bbox 1195 1396 1265 1447; x_wconf 96' lang='lat' dir='ltr'><strong>non</strong></span> <span class='ocrx_word' id='word_1_57' title='bbox 1279 1375 1451 1448; x_wconf 86' lang='lat' dir='ltr'><strong>modicam</strong></span> <span class='ocrx_word' id='word_1_58' title='bbox 1464 1375 1644 1449; x_wconf 77' lang='lat' dir='ltr'><strong>utilitatem</strong></span> 
     </span>
     <span class='ocr_line' id='line_1_8' title="bbox 233 1498 1645 1596; baseline -0.005 -19"><span class='ocrx_word' id='word_1_59' title='bbox 233 1505 414 1577; x_wconf 91' lang='lat' dir='ltr'><strong>hominnm</strong></span> <span class='ocrx_word' id='word_1_60' title='bbox 430 1513 521 1575; x_wconf 88' lang='lat' dir='ltr'><strong>terre</strong></span> <span class='ocrx_word' id='word_1_61' title='bbox 534 1501 656 1596; x_wconf 89' lang='lat' dir='ltr'><strong>ipsius.</strong></span> <span class='ocrx_word' id='word_1_62' title='bbox 674 1500 759 1571; x_wconf 90' lang='lat' dir='ltr'><strong>Cum</strong></span> <span class='ocrx_word' id='word_1_63' title='bbox 772 1500 877 1593; x_wconf 80' lang='lat' dir='ltr'><strong>igitur</strong></span> <span class='ocrx_word' id='word_1_64' title='bbox 896 1499 1045 1571; x_wconf 89' lang='lat' dir='ltr'><strong>velimus</strong></span> <span class='ocrx_word' id='word_1_65' title='bbox 1061 1498 1245 1570; x_wconf 88' lang='lat' dir='ltr'><strong>comodum</strong></span> <span class='ocrx_word' id='word_1_66' title='bbox 1258 1499 1352 1572; x_wconf 89' lang='lat' dir='ltr'><strong>curie</strong></span> <span class='ocrx_word' id='word_1_67' title='bbox 1368 1509 1484 1572; x_wconf 87' lang='lat' dir='ltr'><strong>nostre</strong></span> <span class='ocrx_word' id='word_1_68' title='bbox 1497 1509 1531 1571; x_wconf 90' lang='lat' dir='ltr'><strong>et</strong></span> <span class='ocrx_word' id='word_1_69' title='bbox 1546 1499 1645 1570; x_wconf 92' lang='lat' dir='ltr'><strong>utili-</strong></span> 
     </span>
     <span class='ocr_line' id='line_1_9' title="bbox 233 1621 1645 1718; baseline -0.005 -17"><span class='ocrx_word' id='word_1_70' title='bbox 233 1637 338 1701; x_wconf 87' lang='lat' dir='ltr'><strong>tatem</strong></span> <span class='ocrx_word' id='word_1_71' title='bbox 368 1634 562 1699; x_wconf 92' lang='lat' dir='ltr'><strong>nostrornm</strong></span> <span class='ocrx_word' id='word_1_72' title='bbox 590 1622 745 1696; x_wconf 91' lang='lat' dir='ltr'><strong>fidelium</strong></span> <span class='ocrx_word' id='word_1_73' title='bbox 769 1622 962 1717; x_wconf 87' lang='lat' dir='ltr'><strong>procurari,</strong></span> <span class='ocrx_word' id='word_1_74' title='bbox 987 1621 1142 1694; x_wconf 84' lang='lat' dir='ltr'><strong>fidelitati</strong></span> <span class='ocrx_word' id='word_1_75' title='bbox 1166 1633 1226 1695; x_wconf 91' lang='lat' dir='ltr'><strong>lue</strong></span> <span class='ocrx_word' id='word_1_76' title='bbox 1247 1623 1454 1695; x_wconf 90' lang='lat' dir='ltr'><strong>mandamus</strong></span> <span class='ocrx_word' id='word_1_77' title='bbox 1473 1634 1645 1718; x_wconf 87' lang='lat' dir='ltr'><strong>quatenus</strong></span> 
     </span>
     <span class='ocr_line' id='line_1_10' title="bbox 234 1745 1646 1843; baseline -0.002 -20"><span class='ocrx_word' id='word_1_78' title='bbox 234 1753 265 1824; x_wconf 85' lang='lat' dir='ltr'><strong>si</strong></span> <span class='ocrx_word' id='word_1_79' title='bbox 282 1761 334 1823; x_wconf 86' lang='lat' dir='ltr'><strong>est</strong></span> <span class='ocrx_word' id='word_1_80' title='bbox 352 1751 398 1822; x_wconf 87' lang='lat' dir='ltr'><strong>ita</strong></span> <span class='ocrx_word' id='word_1_81' title='bbox 420 1748 517 1843; x_wconf 90' lang='lat' dir='ltr'><strong>qnod</strong></span> <span class='ocrx_word' id='word_1_82' title='bbox 541 1749 578 1818; x_wconf 91' lang='lat' dir='ltr'><strong>in</strong></span> <span class='ocrx_word' id='word_1_83' title='bbox 600 1746 802 1818; x_wconf 91' lang='lat' dir='ltr'><strong>llnminibns</strong></span> <span class='ocrx_word' id='word_1_84' title='bbox 820 1746 905 1840; x_wconf 89' lang='lat' dir='ltr'><strong>ipsis</strong></span> <span class='ocrx_word' id='word_1_85' title='bbox 923 1745 1123 1818; x_wconf 89' lang='lat' dir='ltr'><strong>molendina</strong></span> <span class='ocrx_word' id='word_1_86' title='bbox 1147 1747 1327 1819; x_wconf 90' lang='lat' dir='ltr'><strong>commode</strong></span> <span class='ocrx_word' id='word_1_87' title='bbox 1349 1745 1423 1820; x_wconf 88' lang='lat' dir='ltr'><strong>fieri</strong></span> <span class='ocrx_word' id='word_1_88' title='bbox 1446 1747 1578 1842; x_wconf 88' lang='lat' dir='ltr'><strong>possint</strong></span> <span class='ocrx_word' id='word_1_89' title='bbox 1600 1748 1646 1820; x_wconf 89' lang='lat' dir='ltr'><strong>ad</strong></span> 
     </span>
     <span class='ocr_line' id='line_1_11' title="bbox 236 1868 1647 1964; baseline -0.003 -16"><span class='ocrx_word' id='word_1_90' title='bbox 236 1872 455 1948; x_wconf 91' lang='lat' dir='ltr'><strong>commodum</strong></span> <span class='ocrx_word' id='word_1_91' title='bbox 467 1875 565 1944; x_wconf 88' lang='lat' dir='ltr'><strong>curie</strong></span> <span class='ocrx_word' id='word_1_92' title='bbox 576 1881 692 1943; x_wconf 89' lang='lat' dir='ltr'><strong>nostre</strong></span> <span class='ocrx_word' id='word_1_93' title='bbox 705 1878 740 1943; x_wconf 88' lang='lat' dir='ltr'><strong>et</strong></span> <span class='ocrx_word' id='word_1_94' title='bbox 753 1869 934 1942; x_wconf 86' lang='lat' dir='ltr'><strong>utilitatem</strong></span> <span class='ocrx_word' id='word_1_95' title='bbox 949 1869 1129 1940; x_wconf 89' lang='lat' dir='ltr'><strong>hominum</strong></span> <span class='ocrx_word' id='word_1_96' title='bbox 1139 1868 1383 1964; x_wconf 86' lang='lat' dir='ltr'><strong>predictorum,</strong></span> <span class='ocrx_word' id='word_1_97' title='bbox 1398 1881 1435 1940; x_wconf 88' lang='lat' dir='ltr'><strong>tn</strong></span> <span class='ocrx_word' id='word_1_98' title='bbox 1450 1869 1647 1944; x_wconf 84' lang='lat' dir='ltr'><strong>molendina</strong></span> 
     </span>
     <span class='ocr_line' id='line_1_12' title="bbox 236 1992 1648 2086; baseline -0.003 -16"><span class='ocrx_word' id='word_1_99' title='bbox 236 1999 365 2071; x_wconf 91' lang='lat' dir='ltr'><strong>ibidem</strong></span> <span class='ocrx_word' id='word_1_100' title='bbox 386 1997 448 2086; x_wconf 90' lang='lat' dir='ltr'><strong>ubi</strong></span> <span class='ocrx_word' id='word_1_101' title='bbox 471 1997 533 2068; x_wconf 92' lang='lat' dir='ltr'><strong>tibi</strong></span> <span class='ocrx_word' id='word_1_102' title='bbox 552 1996 677 2068; x_wconf 85' lang='lat' dir='ltr'><strong>melius</strong></span> <span class='ocrx_word' id='word_1_103' title='bbox 699 2005 733 2067; x_wconf 90' lang='lat' dir='ltr'><strong>et</strong></span> <span class='ocrx_word' id='word_1_104' title='bbox 758 1992 973 2066; x_wconf 87' lang='lat' dir='ltr'><strong>commodius</strong></span> <span class='ocrx_word' id='word_1_105' title='bbox 986 1993 1032 2064; x_wconf 90' lang='lat' dir='ltr'><strong>ad</strong></span> <span class='ocrx_word' id='word_1_106' title='bbox 1052 1993 1275 2064; x_wconf 90' lang='lat' dir='ltr'><strong>commodum</strong></span> <span class='ocrx_word' id='word_1_107' title='bbox 1292 2003 1326 2064; x_wconf 94' lang='lat' dir='ltr'><strong>et</strong></span> <span class='ocrx_word' id='word_1_108' title='bbox 1350 1993 1529 2066; x_wconf 83' lang='lat' dir='ltr'><strong>utilitatem</strong></span> <span class='ocrx_word' id='word_1_109' title='bbox 1553 1995 1648 2066; x_wconf 91' lang='lat' dir='ltr'><strong>curie</strong></span> 
     </span>
     <span class='ocr_line' id='line_1_13' title="bbox 236 2115 1649 2212; baseline -0.004 -16"><span class='ocrx_word' id='word_1_110' title='bbox 236 2131 350 2196; x_wconf 87' lang='lat' dir='ltr'><strong>nostre</strong></span> <span class='ocrx_word' id='word_1_111' title='bbox 371 2121 548 2194; x_wconf 89' lang='lat' dir='ltr'><strong>videbitur</strong></span> <span class='ocrx_word' id='word_1_112' title='bbox 565 2118 779 2206; x_wconf 86' lang='lat' dir='ltr'><strong>redundare,</strong></span> <span class='ocrx_word' id='word_1_113' title='bbox 803 2125 980 2191; x_wconf 87' lang='lat' dir='ltr'><strong>construas</strong></span> <span class='ocrx_word' id='word_1_114' title='bbox 998 2125 1032 2189; x_wconf 92' lang='lat' dir='ltr'><strong>et</strong></span> <span class='ocrx_word' id='word_1_115' title='bbox 1045 2115 1197 2190; x_wconf 77' lang='lat' dir='ltr'><strong>edificari</strong></span> <span class='ocrx_word' id='word_1_116' title='bbox 1214 2117 1320 2188; x_wconf 83' lang='lat' dir='ltr'><strong>facias</strong></span> <span class='ocrx_word' id='word_1_117' title='bbox 1337 2118 1454 2211; x_wconf 89' lang='lat' dir='ltr'><strong>qualia</strong></span> <span class='ocrx_word' id='word_1_118' title='bbox 1470 2127 1504 2190; x_wconf 88' lang='lat' dir='ltr'><strong>et</strong></span> <span class='ocrx_word' id='word_1_119' title='bbox 1520 2129 1649 2212; x_wconf 90' lang='lat' dir='ltr'><strong>quanta</strong></span> 
     </span>
     <span class='ocr_line' id='line_1_14' title="bbox 237 2241 1650 2340; baseline -0.003 -22"><span class='ocrx_word' id='word_1_120' title='bbox 237 2245 441 2340; x_wconf 83' lang='lat' dir='ltr'><strong>cognoveris</strong></span> <span class='ocrx_word' id='word_1_121' title='bbox 456 2244 581 2317; x_wconf 87' lang='lat' dir='ltr'><strong>nostris</strong></span> <span class='ocrx_word' id='word_1_122' title='bbox 598 2241 899 2316; x_wconf 82' lang='lat' dir='ltr'><strong>commoditatibus</strong></span> <span class='ocrx_word' id='word_1_123' title='bbox 916 2241 1096 2336; x_wconf 86' lang='lat' dir='ltr'><strong>expedire,</strong></span> <span class='ocrx_word' id='word_1_124' title='bbox 1116 2241 1161 2313; x_wconf 89' lang='lat' dir='ltr'><strong>de</strong></span> <span class='ocrx_word' id='word_1_125' title='bbox 1179 2241 1327 2335; x_wconf 89' lang='lat' dir='ltr'><strong>pecunia</strong></span> <span class='ocrx_word' id='word_1_126' title='bbox 1345 2243 1441 2313; x_wconf 88' lang='lat' dir='ltr'><strong>curie</strong></span> <span class='ocrx_word' id='word_1_127' title='bbox 1454 2251 1569 2314; x_wconf 90' lang='lat' dir='ltr'><strong>nostre</strong></span> <span class='ocrx_word' id='word_1_128' title='bbox 1581 2264 1650 2336; x_wconf 89' lang='lat' dir='ltr'><strong>que</strong></span> 
     </span>
     <span class='ocr_line' id='line_1_15' title="bbox 237 2377 609 2463; baseline -0.016 -20"><span class='ocrx_word' id='word_1_129' title='bbox 237 2379 289 2443; x_wconf 80' lang='lat' dir='ltr'><strong>ost</strong></span> <span class='ocrx_word' id='word_1_130' title='bbox 300 2391 363 2463; x_wconf 92' lang='lat' dir='ltr'><strong>per</strong></span> <span class='ocrx_word' id='word_1_131' title='bbox 380 2390 504 2440; x_wconf 90' lang='lat' dir='ltr'><strong>manus</strong></span> <span class='ocrx_word' id='word_1_132' title='bbox 520 2377 609 2440; x_wconf 83' lang='lat' dir='ltr'><strong>tuas.</strong></span> 
     </span>
    </p>

    <p class='ocr_par' dir='ltr' id='par_1_4' title="bbox 236 2487 1649 2688">
     <span class='ocr_line' id='line_1_16' title="bbox 286 2487 1649 2584; baseline -0.001 -22"><span class='ocrx_word' id='word_1_133' title='bbox 286 2495 410 2564; x_wconf 84' lang='lat' dir='ltr'><strong>Datum</strong></span> <span class='ocrx_word' id='word_1_134' title='bbox 438 2493 473 2562; x_wconf 94' lang='lat' dir='ltr'><strong>in</strong></span> <span class='ocrx_word' id='word_1_135' title='bbox 500 2490 621 2562; x_wconf 89' lang='lat' dir='ltr'><strong>castris</strong></span> <span class='ocrx_word' id='word_1_136' title='bbox 643 2487 738 2584; x_wconf 90' lang='lat' dir='ltr'><strong>apud</strong></span> <span class='ocrx_word' id='word_1_137' title='bbox 764 2496 904 2584; x_wconf 84' lang='lat' dir='ltr'><strong>pontem</strong></span> <span class='ocrx_word' id='word_1_138' title='bbox 931 2487 1124 2575; x_wconf 79' lang='lat' dir='ltr'><strong>Placentia,</strong></span> <span class='ocrx_word' id='word_1_139' title='bbox 1151 2488 1180 2558; x_wconf 98' lang='lat' dir='ltr'><strong>ll</strong></span> <span class='ocrx_word' id='word_1_140' title='bbox 1206 2487 1423 2577; x_wconf 89' lang='lat' dir='ltr'><strong>novembris,</strong></span> <span class='ocrx_word' id='word_1_141' title='bbox 1444 2489 1521 2560; x_wconf 90' lang='lat' dir='ltr'><strong>Xlll</strong></span> <span class='ocrx_word' id='word_1_142' title='bbox 1540 2489 1649 2562; x_wconf 92' lang='lat' dir='ltr'><strong>indic·</strong></span> 
     </span>
     <span class='ocr_line' id='line_1_17' title="bbox 236 2603 653 2688; baseline -0.005 -2"><span class='ocrx_word' id='word_1_143' title='bbox 236 2615 351 2688; x_wconf 91' lang='lat' dir='ltr'><strong>tionis.</strong></span> <span class='ocrx_word' id='word_1_144' title='bbox 646 2603 653 2618; x_wconf 81' lang='lat'>&#39;</span> 
     </span>
    </p>
   </div>
   <div class='ocr_carea' id='block_1_4' title="bbox 290 3058 1751 3172">
    <p class='ocr_par' dir='ltr' id='par_1_5' title="bbox 290 3058 1751 3172">
     <span class='ocr_line' id='line_1_18' title="bbox 290 3058 1751 3172; baseline -0.009 -22"><span class='ocrx_word' id='word_1_145' title='bbox 290 3063 512 3150; x_wconf 86' lang='lat' dir='ltr'><strong>Mandatum</strong></span> <span class='ocrx_word' id='word_1_146' title='bbox 530 3063 580 3146; x_wconf 89' lang='lat' dir='ltr'><strong>ad</strong></span> <span class='ocrx_word' id='word_1_147' title='bbox 593 3062 842 3172; x_wconf 85' lang='lat' dir='ltr'><strong>justitiarium</strong></span> <span class='ocrx_word' id='word_1_148' title='bbox 860 3060 971 3144; x_wconf 89' lang='lat' dir='ltr'><strong>vallis</strong></span> <span class='ocrx_word' id='word_1_149' title='bbox 990 3060 1116 3144; x_wconf 86' lang='lat' dir='ltr'><strong>Gratis</strong></span> <span class='ocrx_word' id='word_1_150' title='bbox 1133 3071 1172 3142; x_wconf 88' lang='lat' dir='ltr'><strong>et</strong></span> <span class='ocrx_word' id='word_1_151' title='bbox 1197 3071 1320 3142; x_wconf 81' lang='lat' dir='ltr'><strong>terrae</strong></span> <span class='ocrx_word' id='word_1_152' title='bbox 1336 3058 1521 3142; x_wconf 85' lang='lat' dir='ltr'><strong>Jordanae</strong></span> <span class='ocrx_word' id='word_1_153' title='bbox 1539 3083 1653 3167; x_wconf 89' lang='lat' dir='ltr'><strong>super</strong></span> <span class='ocrx_word' id='word_1_154' title='bbox 1711 3086 1751 3118; x_wconf 66' lang='grc' dir='ltr'><strong>ιο</strong></span> 
     </span>
    </p>
   </div>
   <div class='ocr_carea' id='block_1_5' title="bbox 239 3161 1848 3306">
    <p class='ocr_par' dir='ltr' id='par_1_6' title="bbox 239 3161 1848 3306">
     <span class='ocr_line' id='line_1_19' title="bbox 239 3161 1848 3306; baseline -0.009 -27"><span class='ocrx_word' id='word_1_155' title='bbox 239 3196 456 3279; x_wconf 79' lang='lat' dir='ltr'><strong>camerariis</strong></span> <span class='ocrx_word' id='word_1_156' title='bbox 480 3197 548 3306; x_wconf 91' lang='lat' dir='ltr'><strong>qui</strong></span> <span class='ocrx_word' id='word_1_157' title='bbox 577 3195 810 3280; x_wconf 83' lang='lat' dir='ltr'><strong>marescallis</strong></span> <span class='ocrx_word' id='word_1_158' title='bbox 837 3196 966 3280; x_wconf 87' lang='lat' dir='ltr'><strong>curiae</strong></span> <span class='ocrx_word' id='word_1_159' title='bbox 991 3193 1204 3278; x_wconf 82' lang='lat' dir='ltr'><strong>necessaria</strong></span> <span class='ocrx_word' id='word_1_160' title='bbox 1226 3193 1443 3277; x_wconf 87' lang='lat' dir='ltr'><strong>ministrare</strong></span> <span class='ocrx_word' id='word_1_161' title='bbox 1471 3218 1550 3276; x_wconf 95' lang='lat' dir='ltr'><strong>non</strong></span> <span class='ocrx_word' id='word_1_162' title='bbox 1575 3219 1652 3274; x_wconf 93' lang='lat' dir='ltr'><strong>cu-</strong></span> <span class='ocrx_word' id='word_1_163' title='bbox 1716 3193 1793 3226; x_wconf 60' lang='lat' dir='ltr'>&#39;&#39;m&#39;‘</span> <span class='ocrx_word' id='word_1_164' title='bbox 1834 3161 1848 3226; x_wconf 62' lang='lat'><strong>⁹·</strong></span> 
     </span>
    </p>
   </div>
   <div class='ocr_carea' id='block_1_6' title="bbox 239 3338 386 3411">
    <p class='ocr_par' dir='ltr' id='par_1_7' title="bbox 239 3338 386 3411">
     <span class='ocr_line' id='line_1_20' title="bbox 239 3338 386 3411; baseline 0.007 -2"><span class='ocrx_word' id='word_1_165' title='bbox 239 3338 386 3411; x_wconf 89' lang='lat' dir='ltr'><strong>rarnnt.</strong></span> 
     </span>
    </p>
   </div>
   <div class='ocr_carea' id='block_1_7' title="bbox 320 3524 1429 3608">
    <p class='ocr_par' dir='ltr' id='par_1_8' title="bbox 320 3524 1429 3608">
     <span class='ocr_line' id='line_1_21' title="bbox 320 3524 1429 3608; baseline 0.001 -23"><span class='ocrx_word' id='word_1_166' title='bbox 320 3527 448 3608; x_wconf 74' lang='lat' dir='ltr'><strong>(llcoort.</strong></span> <span class='ocrx_word' id='word_1_167' title='bbox 463 3528 568 3607; x_wconf 82' lang='lat' dir='ltr'><strong>imper.</strong></span> <span class='ocrx_word' id='word_1_168' title='bbox 583 3524 703 3587; x_wconf 80' lang='lat' dir='ltr'><strong>Frcdcr.</strong></span> <span class='ocrx_word' id='word_1_169' title='bbox 719 3527 760 3601; x_wconf 88' lang='lat' dir='ltr'><strong>ll,</strong></span> <span class='ocrx_word' id='word_1_170' title='bbox 776 3525 828 3588; x_wconf 79' lang='lat' dir='ltr'><strong>fol.</strong></span> <span class='ocrx_word' id='word_1_171' title='bbox 847 3535 883 3587; x_wconf 80' lang='lat'><strong>16</strong></span> <span class='ocrx_word' id='word_1_172' title='bbox 896 3541 998 3602; x_wconf 83' lang='lat' dir='ltr'><strong>verso3</strong></span> <span class='ocrx_word' id='word_1_173' title='bbox 1014 3529 1046 3586; x_wconf 86' lang='lat' dir='ltr'><strong>in</strong></span> <span class='ocrx_word' id='word_1_174' title='bbox 1060 3527 1130 3588; x_wconf 87' lang='lat' dir='ltr'><strong>edit.</strong></span> <span class='ocrx_word' id='word_1_175' title='bbox 1146 3524 1281 3602; x_wconf 80' lang='lat' dir='ltr'><strong>Curcum,</strong></span> <span class='ocrx_word' id='word_1_176' title='bbox 1296 3543 1327 3604; x_wconf 87' lang='lat' dir='ltr'><strong>p.</strong></span> <span class='ocrx_word' id='word_1_177' title='bbox 1343 3525 1429 3604; x_wconf 41' lang='lat'>²565)</span> 
     </span>
    </p>
   </div>
   <div class='ocr_carea' id='block_1_8' title="bbox 239 3699 1656 4540">
    <p class='ocr_par' dir='ltr' id='par_1_9' title="bbox 239 3699 1653 3898">
     <span class='ocr_line' id='line_1_22' title="bbox 287 3699 1653 3796; baseline -0.001 -22"><span class='ocrx_word' id='word_1_178' title='bbox 287 3703 338 3774; x_wconf 87' lang='lat' dir='ltr'><strong>Do</strong></span> <span class='ocrx_word' id='word_1_179' title='bbox 360 3701 529 3796; x_wconf 83' lang='lat' dir='ltr'><strong>imperiali</strong></span> <span class='ocrx_word' id='word_1_180' title='bbox 545 3701 702 3772; x_wconf 80' lang='lat' dir='ltr'><strong>mandato</strong></span> <span class='ocrx_word' id='word_1_181' title='bbox 726 3702 815 3796; x_wconf 82' lang='lat' dir='ltr'><strong>scoto</strong></span> <span class='ocrx_word' id='word_1_182' title='bbox 834 3723 898 3794; x_wconf 82' lang='lat' dir='ltr'><strong>per</strong></span> <span class='ocrx_word' id='word_1_183' title='bbox 921 3703 964 3773; x_wconf 88' lang='lat' dir='ltr'><strong>ll.</strong></span> <span class='ocrx_word' id='word_1_184' title='bbox 991 3701 1032 3772; x_wconf 88' lang='lat' dir='ltr'><strong>dc</strong></span> <span class='ocrx_word' id='word_1_185' title='bbox 1059 3703 1273 3772; x_wconf 82' lang='lat' dir='ltr'><strong>Trootoocria</strong></span> <span class='ocrx_word' id='word_1_186' title='bbox 1297 3701 1434 3793; x_wconf 82' lang='lat' dir='ltr'><strong>scripsit</strong></span> <span class='ocrx_word' id='word_1_187' title='bbox 1457 3701 1499 3770; x_wconf 84' lang='lat' dir='ltr'><strong>G.</strong></span> <span class='ocrx_word' id='word_1_188' title='bbox 1524 3699 1564 3772; x_wconf 84' lang='lat' dir='ltr'><strong>do</strong></span> <span class='ocrx_word' id='word_1_189' title='bbox 1585 3702 1653 3772; x_wconf 80' lang='lat' dir='ltr'><strong>Cu·</strong></span> 
     </span>
     <span class='ocr_line' id='line_1_23' title="bbox 239 3827 369 3898; baseline 0 -2"><span class='ocrx_word' id='word_1_190' title='bbox 239 3827 369 3898; x_wconf 81' lang='lat' dir='ltr'><strong>coatia:</strong></span> 
     </span>
    </p>

    <p class='ocr_par' dir='ltr' id='par_1_10' title="bbox 239 3947 1656 4540">
     <span class='ocr_line' id='line_1_24' title="bbox 287 3947 1656 4040; baseline 0.003 -22"><span class='ocrx_word' id='word_1_191' title='bbox 287 3947 499 4038; x_wconf 84' lang='lat' dir='ltr'><strong>Fredericus‚</strong></span> <span class='ocrx_word' id='word_1_192' title='bbox 510 3947 790 4038; x_wconf 87' lang='lat' dir='ltr'><strong>etc.,Tholomoo</strong></span> <span class='ocrx_word' id='word_1_193' title='bbox 796 3947 981 4040; x_wconf 86' lang='lat' dir='ltr'><strong>justitiario</strong></span> <span class='ocrx_word' id='word_1_194' title='bbox 991 3948 1091 4021; x_wconf 87' lang='lat' dir='ltr'><strong>vallis</strong></span> <span class='ocrx_word' id='word_1_195' title='bbox 1104 3949 1206 4021; x_wconf 80' lang='lat' dir='ltr'><strong>Grato</strong></span> <span class='ocrx_word' id='word_1_196' title='bbox 1218 3955 1252 4020; x_wconf 88' lang='lat' dir='ltr'><strong>et</strong></span> <span class='ocrx_word' id='word_1_197' title='bbox 1264 3948 1521 4021; x_wconf 80' lang='lat' dir='ltr'><strong>terretordane.</strong></span> <span class='ocrx_word' id='word_1_198' title='bbox 1532 3949 1656 4022; x_wconf 84' lang='lat' dir='ltr'><strong>Nostra</strong></span> 
     </span>
     <span class='ocr_line' id='line_1_25' title="bbox 240 4071 1656 4168; baseline 0.005 -27"><span class='ocrx_word' id='word_1_199' title='bbox 240 4091 352 4165; x_wconf 90' lang='lat' dir='ltr'><strong>nuper</strong></span> <span class='ocrx_word' id='word_1_200' title='bbox 381 4072 530 4143; x_wconf 90' lang='lat' dir='ltr'><strong>innotuit</strong></span> <span class='ocrx_word' id='word_1_201' title='bbox 558 4073 726 4164; x_wconf 85' lang='lat' dir='ltr'><strong>majestati</strong></span> <span class='ocrx_word' id='word_1_202' title='bbox 755 4072 850 4168; x_wconf 89' lang='lat' dir='ltr'><strong>qnod</strong></span> <span class='ocrx_word' id='word_1_203' title='bbox 876 4071 1027 4145; x_wconf 87' lang='lat' dir='ltr'><strong>obeunte</strong></span> <span class='ocrx_word' id='word_1_204' title='bbox 1058 4073 1236 4167; x_wconf 88' lang='lat' dir='ltr'><strong>quondam</strong></span> <span class='ocrx_word' id='word_1_205' title='bbox 1262 4072 1412 4146; x_wconf 87' lang='lat' dir='ltr'><strong>ldattheo</strong></span> <span class='ocrx_word' id='word_1_206' title='bbox 1438 4073 1656 4148; x_wconf 86' lang='lat' dir='ltr'><strong>Marcbalaba</strong></span> 
     </span>
     <span class='ocr_line' id='line_1_26' title="bbox 239 4193 1655 4292; baseline 0.004 -27"><span class='ocrx_word' id='word_1_207' title='bbox 239 4203 369 4266; x_wconf 87' lang='lat' dir='ltr'><strong>secreto</strong></span> <span class='ocrx_word' id='word_1_208' title='bbox 383 4194 552 4288; x_wconf 79' lang='lat' dir='ltr'><strong>Messana,</strong></span> <span class='ocrx_word' id='word_1_209' title='bbox 573 4193 668 4268; x_wconf 87' lang='lat' dir='ltr'><strong>fideli</strong></span> <span class='ocrx_word' id='word_1_210' title='bbox 686 4203 819 4288; x_wconf 89' lang='lat' dir='ltr'><strong>nostro,</strong></span> <span class='ocrx_word' id='word_1_211' title='bbox 841 4195 1020 4270; x_wconf 88' lang='lat' dir='ltr'><strong>camerarii</strong></span> <span class='ocrx_word' id='word_1_212' title='bbox 1037 4196 1137 4268; x_wconf 91' lang='lat' dir='ltr'><strong>vallis</strong></span> <span class='ocrx_word' id='word_1_213' title='bbox 1156 4195 1257 4268; x_wconf 85' lang='lat' dir='ltr'><strong>Grato</strong></span> <span class='ocrx_word' id='word_1_214' title='bbox 1274 4195 1415 4269; x_wconf 82' lang='lat' dir='ltr'><strong>et&#39;terre</strong></span> <span class='ocrx_word' id='word_1_215' title='bbox 1428 4196 1577 4270; x_wconf 79' lang='lat' dir='ltr'><strong>iordane</strong></span> <span class='ocrx_word' id='word_1_216' title='bbox 1594 4199 1655 4292; x_wconf 89' lang='lat' dir='ltr'><strong>qui</strong></span> 
     </span>
     <span class='ocr_line' id='line_1_27' title="bbox 239 4319 1656 4417; baseline 0.004 -29"><span class='ocrx_word' id='word_1_217' title='bbox 239 4328 322 4390; x_wconf 90' lang='lat' dir='ltr'><strong>tunc</strong></span> <span class='ocrx_word' id='word_1_218' title='bbox 331 4319 494 4414; x_wconf 87' lang='lat' dir='ltr'><strong>temporis</strong></span> <span class='ocrx_word' id='word_1_219' title='bbox 506 4327 602 4391; x_wconf 84' lang='lat' dir='ltr'><strong>erant</strong></span> <span class='ocrx_word' id='word_1_220' title='bbox 615 4319 651 4390; x_wconf 93' lang='lat' dir='ltr'><strong>in</strong></span> <span class='ocrx_word' id='word_1_221' title='bbox 665 4320 862 4393; x_wconf 88' lang='lat' dir='ltr'><strong>marescalis</strong></span> <span class='ocrx_word' id='word_1_222' title='bbox 876 4321 1001 4393; x_wconf 90' lang='lat' dir='ltr'><strong>nostris</strong></span> <span class='ocrx_word' id='word_1_223' title='bbox 1011 4320 1165 4417; x_wconf 88' lang='lat' dir='ltr'><strong>ipsarum</strong></span> <span class='ocrx_word' id='word_1_224' title='bbox 1178 4321 1341 4417; x_wconf 85' lang='lat' dir='ltr'><strong>partium,</strong></span> <span class='ocrx_word' id='word_1_225' title='bbox 1356 4321 1548 4396; x_wconf 87' lang='lat' dir='ltr'><strong>secundum</strong></span> <span class='ocrx_word' id='word_1_226' title='bbox 1558 4321 1656 4417; x_wconf 90' lang='lat' dir='ltr'><strong>quod</strong></span> 
     </span>
     <span class='ocr_line' id='line_1_28' title="bbox 239 4440 1652 4540; baseline 0.004 -27"><span class='ocrx_word' id='word_1_227' title='bbox 239 4440 459 4515; x_wconf 85' lang='lat' dir='ltr'><strong>ordinaverat</strong></span> <span class='ocrx_word' id='word_1_228' title='bbox 472 4443 585 4516; x_wconf 88' lang='lat' dir='ltr'><strong>dictus</strong></span> <span class='ocrx_word' id='word_1_229' title='bbox 599 4443 778 4538; x_wconf 89' lang='lat' dir='ltr'><strong>qnondam</strong></span> <span class='ocrx_word' id='word_1_230' title='bbox 792 4454 958 4538; x_wconf 87' lang='lat' dir='ltr'><strong>secretus,</strong></span> <span class='ocrx_word' id='word_1_231' title='bbox 973 4444 1167 4518; x_wconf 86' lang='lat' dir='ltr'><strong>ministrare</strong></span> <span class='ocrx_word' id='word_1_232' title='bbox 1184 4446 1376 4520; x_wconf 83' lang='lat' dir='ltr'><strong>necessaria</strong></span> <span class='ocrx_word' id='word_1_233' title='bbox 1390 4467 1459 4519; x_wconf 94' lang='lat' dir='ltr'><strong>non</strong></span> <span class='ocrx_word' id='word_1_234' title='bbox 1475 4456 1652 4540; x_wconf 88' lang='lat' dir='ltr'><strong>curarunt,</strong></span> 
     </span>
    </p>
   </div>
   <div class='ocr_carea' id='block_1_9' title="bbox 282 4584 729 4770">
    <p class='ocr_par' dir='ltr' id='par_1_11' title="bbox 282 4584 729 4770">
     <span class='ocr_line' id='line_1_29' title="bbox 282 4584 729 4665; baseline 0.011 -20"><span class='ocrx_word' id='word_1_235' title='bbox 282 4584 325 4665; x_wconf 85' lang='lat' dir='ltr'><strong>(a)</strong></span> <span class='ocrx_word' id='word_1_236' title='bbox 346 4589 382 4648; x_wconf 93' lang='lat' dir='ltr'><strong>In</strong></span> <span class='ocrx_word' id='word_1_237' title='bbox 395 4587 461 4648; x_wconf 82' lang='lat' dir='ltr'><strong>eod.</strong></span> <span class='ocrx_word' id='word_1_238' title='bbox 478 4587 632 4665; x_wconf 84' lang='lat' dir='ltr'><strong>Phllllpps.</strong></span> <span class='ocrx_word' id='word_1_239' title='bbox 648 4586 729 4650; x_wconf 67' lang='lat' dir='ltr'><strong>not</strong></span> 
     </span>
     <span class='ocr_line' id='line_1_30' title="bbox 285 4689 598 4770; baseline 0.003 -18"><span class='ocrx_word' id='word_1_240' title='bbox 285 4689 324 4770; x_wconf 79' lang='lat' dir='ltr'><strong>(b)</strong></span> <span class='ocrx_word' id='word_1_241' title='bbox 346 4692 458 4754; x_wconf 83' lang='lat' dir='ltr'><strong>Ibldam</strong></span> <span class='ocrx_word' id='word_1_242' title='bbox 473 4691 508 4753; x_wconf 82' lang='lat' dir='ltr'><strong>tr</strong></span> <span class='ocrx_word' id='word_1_243' title='bbox 527 4693 598 4754; x_wconf 80' lang='lat' dir='ltr'><strong>Vite.</strong></span> 
     </span>
    </p>
   </div>
   <div class='ocr_carea' id='block_1_10' title="bbox 0 0 2139 5892">
    <p class='ocr_par' dir='ltr' id='par_1_12' title="bbox 0 0 2139 5892">
     <span class='ocr_line' id='line_1_31' title="bbox 0 0 2139 5892; baseline 0 0"><span class='ocrx_word' id='word_1_244' title='bbox 0 0 2139 5892; x_wconf 95' lang='lat' dir='ltr'><strong> </strong></span> 
     </span>
    </p>
   </div>
  </div>
 </body>
</html>
