4278 5920
209 569 312 628 rme.
331 567 393 644 rt]
665 560 863 623 ursrosrn
889 557 1184 619 orruounrrcs.
1258 543 1261 552 '
1565 557 1622 618 rso

292 725 405 806 (modu
417 741 455 786 ex
468 723 589 786 archivo
606 722 745 801 praesset.
760 723 938 784 Mussillenu.
954 721 1009 782 sub
1022 719 1069 781 his
1082 719 1233 780 veteribus
1245 721 1347 779 notts:
1366 717 1444 779 Tonr
1462 715 1503 779 du
1520 719 1621 795 trecor,

332 833 474 910 mcum,
496 827 701 906 8⁸1iem,l!.
724 830 866 908 Orlgtnull
888 827 1019 907 stgtttum
1038 843 1155 888 weum
1178 826 1322 904 appendet
1344 825 1403 886 filis
1424 829 1525 888 sericis
1541 826 1624 886 ruhrt

329 939 490 1016 uiridisque
502 935 632 1016 coloris.)

217 1129 221 1139 '
258 1125 470 1214 Fridericus,
490 1124 554 1196 Dei
572 1121 681 1216 gretie
703 1124 932 1196 Romanorum
955 1121 1139 1216 imperator
1159 1140 1292 1213 semper
1313 1119 1625 1222 angustumleru-

210 1248 318 1320 salem
348 1257 382 1320 et
413 1247 529 1319 Sicilie
556 1267 633 1319 rex.
662 1245 727 1318 Per
756 1267 898 1342 presens
926 1245 1092 1338 scriptum
1120 1253 1238 1314 notum
1274 1243 1419 1316 iacimus
1452 1243 1624 1315 universis

211 1371 373 1444 fidelibus
392 1371 517 1445 nostris
539 1369 674 1466 imperii
700 1379 770 1442 tam
797 1370 1014 1468 presentibus
1041 1390 1147 1463 quam
1168 1367 1293 1438 futuris
1320 1367 1515 1460 quodcum
1544 1369 1625 1438 nni-

213 1495 359 1568 versitas
390 1495 538 1568 civitatis
568 1493 835 1584 Avenionensis,
870 1490 989 1564 fideles
1017 1491 1146 1582 nostri,
1176 1499 1303 1563 attente
1331 1500 1446 1562 nostro
1481 1491 1622 1563 culmini

211 1621 464 1715 supplicassent
480 1631 519 1690 ut
536 1619 732 1692 tholoneum
754 1617 830 1691 sive
851 1616 1038 1713 pedagium
1061 1605 1237 1709 quo'ddem
1258 1615 1511 1710 infrascriptum
1528 1615 1624 1708 quod

211 1744 276 1838 ipsi
299 1765 362 1839 pro
386 1746 545 1816 clausura
573 1744 722 1816 civitatis
747 1741 903 1834 ejusdem
933 1739 1112 1814 commode
1142 1738 1328 1812 reficienda
1351 1739 1563 1832 exigendum
1590 1750 1625 1813 et

215 1867 450 1962 recipiendum
471 1866 508 1937 in
534 1865 673 1938 civitate
686 1864 839 1960 predicta
861 1874 896 1936 et
917 1863 1074 1936 districtu
1089 1884 1153 1936 suo
1168 1871 1357 1935 statuerant
1375 1888 1384 1932 ε
1404 1863 1565 1937 videlicet
1580 1863 1625 1936 de

213 1989 329 2062 modio
346 1990 420 2061 vini
446 1988 575 2081 solidos
594 1997 795 2061 turonenses
811 1989 901 2062 duos
918 1996 952 2058 et
973 1985 1174 2077 dimidium,
1195 1986 1240 2059 de
1260 1985 1378 2059 modio
1393 1987 1476 2058 selis
1495 1987 1624 2060 solidos

213 2123 415 2186 turonenses
435 2111 542 2202 du0s3
569 2113 615 2187 de
631 2109 842 2204 manganilio
862 2109 914 2206 (t)
929 2131 1065 2184 annone
1086 2119 1288 2183 turonenses
1307 2131 1389 2195 sex;
1417 2108 1462 2182 de
1478 2131 1625 2204 manga·

212 2237 295 2308 nitio
312 2235 458 2330 siliginis
484 2245 686 2308 turonenses
701 2244 869 2330 quetn0r3
892 2234 936 2307 de
952 2234 1162 2326 mongenilio
1187 2232 1284 2306 ordei
1305 2243 1509 2306 turonenses
1533 2243 1621 2322 tres;

211 2361 256 2434 de
273 2361 419 2452 singulis
434 2329 593 2454 carrigis,
611 2361 758 2455 singulis
780 2359 879 2432 bullis
896 2369 931 2431 et
948 2359 1095 2452 singulis
1119 2358 1264 2430 torsellis
1284 2347 1434 2430 solidum
1459 2369 1623 2429 turonen·

211 2506 283 2556 sem
309 2507 440 2574 unum,
460 2484 505 2558 de
529 2484 674 2578 quintoli
703 2483 835 2578 plumbi
860 2493 1081 2555 turonensem
1107 2504 1237 2570 unum;
1265 2481 1309 2552 de
1337 2482 1484 2573 singulis
1505 2484 1624 2554 cannis

212 2607 280 2680 olei
307 2607 462 2680 medium
483 2617 723 2695 turonensem3
752 2606 797 2678 de
821 2607 967 2698 singulis
990 2604 1162 2677 duodenis
1178 2604 1278 2699 punis
1296 2615 1497 2676 turonenses
1513 2604 1621 2694 du0s;

212 2729 257 2802 de
285 2730 438 2824 quolibet
464 2729 597 2825 corrige
622 2729 785 2802 aluminis
813 2738 848 2802 et
873 2731 963 2823 glete
985 2727 1035 2822 (2)
1062 2737 1264 2800 turonenses
1291 2738 1376 2818 tres;
1409 2728 1454 2800 de
1479 2727 1625 2822 singulis

213 2863 351 2925 centum
367 2853 522 2926 solidatis
537 2855 627 2926 iuste
643 2853 793 2926 solidum
818 2862 1038 2924 turonensem
1060 2873 1188 2941 nuum3
1210 2860 1322 2922 ratum
1341 2851 1469 2924 hebere
1486 2863 1520 2923 et
1541 2875 1625 2924 oon·

214 2973 350 3048 firmare
364 2976 451 3049 illud
468 2976 637 3072 quamdiu
656 2978 742 3048 foret
765 2975 810 3048 de
829 2975 1041 3069 beneplacito
1066 2975 1253 3066 mejestatis
1278 2985 1410 3060 nostre,
1443 2975 1488 3048 de
1513 2976 1623 3069 gratia

215 3097 448 3192 dignaremur.
465 3101 534 3172 Nos
553 3099 776 3173 consideratis
792 3121 878 3194 pura
893 3097 963 3171 fide
984 3105 1018 3171 et
1034 3098 1168 3171 sincere
1190 3098 1373 3170 devotione
1390 3099 1624 3170 universitatis

216 3223 384 3316 ejusdem,
402 3234 596 3298 nostrorum
610 3223 777 3314 fidelium,
800 3245 906 3318 quem
919 3224 955 3294 in
973 3223 1098 3295 nostris
1114 3232 1149 3294 et
1163 3223 1296 3317 imperii
1313 3222 1463 3294 servitiis
1487 3245 1624 3317 semper

216 3345 412 3420 invenimus
428 3349 619 3432 efficacem
639 3347 856 3421 attendentes
871 3348 974 3420 etiem
993 3347 1089 3440 quod
1107 3369 1195 3442 opus
1210 3348 1368 3418 clausure
1383 3346 1537 3441 predicte
1549 3346 1622 3420 lieri

218 3471 400 3543 munitioni
416 3480 451 3543 et
462 3472 553 3545 bono
564 3445 673 3543 statui
686 3472 834 3543 civitatis
849 3471 957 3566 ipsius
971 3473 1116 3542 multum
1132 3470 1313 3564 expediat,
1329 3469 1527 3542 tholoneum
1549 3473 1624 3542 sive

218 3593 405 3690 pedagium
425 3595 537 3689 ipsum
554 3604 718 3667 statutum
728 3617 790 3690 por
809 3595 1066 3667 universitatem
1080 3594 1237 3666 eamdem
1256 3593 1468 3688 exigendum
1487 3603 1521 3666 et
1533 3596 1625 3666 reoi-

219 3717 386 3813 piendom
408 3741 470 3814 pro
492 3741 558 3813 ope
584 3719 740 3791 clausure
769 3719 941 3814 predicte,
971 3721 1060 3790 siout
1087 3719 1245 3812 superius
1271 3719 1483 3809 continetur,
1512 3729 1624 3790 retum

218 3841 386 3914 habemus
402 3851 436 3914 et
457 3841 613 3938 firmum
636 3841 877 3916 confirmantes
892 3842 979 3913 illud
997 3852 1031 3913 et
1049 3842 1181 3915 tamdiu
1199 3851 1313 3913 tenere
1328 3842 1482 3913 volentes
1502 3863 1624 3934 quam·

216 3964 277 4037 diu
291 3965 395 4037 fuerit
407 3965 452 4038 de
467 3975 581 4038 nostre
594 3966 809 4061 beneplacito
825 3967 1030 4058 majestatis,
1053 3966 1212 4038 theloneo
1229 3987 1290 4037 seu
1305 3965 1452 4060 pedagio
1467 3966 1541 4060 ipso
1557 3988 1625 4037 nou

216 4089 363 4182 emplius
380 4089 556 4163 duraturo.
576 4091 747 4163 Presentis
764 4089 869 4183 igitur
884 4089 1003 4184 scripti
1022 4090 1222 4161 auctoritate
1235 4089 1440 4161 mundemus
1455 4099 1626 4183 quatenus

253 4401 291 4474 (t)
310 4402 356 4460 Sic
371 4420 421 4478 pro
436 4406 631 4477 moupnnurs'e,
646 4419 772 4461 mensura
787 4403 930 4460 annonaria
945 4403 1017 4477 apud
1032 4403 1209 4475 Anemonem,
1227 4405 1304 4477 cujus
1317 4405 1493 4477 capacitatem
1507 4405 1627 4477 praecise

220 4497 330 4556 donnus
342 4500 531 4574 Carpenterius
549 4502 662 4559 dubitat.
677 4501 718 4560 Cf.
733 4517 830 4558 novam
844 4501 971 4573 Gangiani
990 4500 1110 4573 glossarii
1121 4501 1277 4573 editionem,
1294 4501 1329 4559 ud
1346 4517 1425 4560 voces
1439 4502 1627 4574 llonponorto

221 4601 248 4652 et
258 4597 465 4671 lluupenurr'ns.

256 4693 292 4767 (t)
311 4695 388 4754 utera
400 4711 450 4770 pro
463 4695 543 4770 plito,
558 4713 592 4756 ex
603 4696 688 4755 verbo
699 4693 873 4770 pltehumus
887 4701 976 4768 tenax,
992 4695 1085 4769 gallice
1097 4702 1164 4754 torre
1175 4695 1272 4769 elutos.
