4228 5892
497 576 558 638 344
995 569 1211 632 FlilDlllllCl
1235 573 1414 639 securint
1726 585 1808 669 [har.
1827 589 1909 655 1239.

496 707 636 792 curiae.
666 706 759 790 item
781 703 887 814 quod
911 711 1127 788 statuantur
1151 705 1412 816 exploratores
1438 736 1489 796 ne
1514 711 1602 824 quis
1627 719 1826 804 masculus
1855 725 1910 810 rel

497 840 640 926 lemine
662 836 841 922 intrando
862 861 1026 947 regnum
1052 847 1176 945 portet
1198 841 1358 950 papales
1391 843 1536 928 litteras
1560 858 1694 934 eontm
1720 851 1907 940 Cesaram.

497 975 591 1058 ltem
614 980 658 1055 nt
682 971 750 1082 qui
777 971 953 1054 inventus
980 969 1095 1053 luerit
1120 981 1253 1056 contra
1275 974 1454 1059 Cesaram
1470 977 1557 1062 illas
1585 992 1758 1092 portans,
1778 974 1910 1074 elimo

498 1105 683 1216 supplicio
700 1104 882 1213 puniatur
899 1127 1122 1212 suspensus,
1142 1113 1180 1188 et
1198 1105 1231 1188 si
1249 1109 1457 1214 portaverit
1473 1110 1618 1196 litteras
1635 1115 1684 1198 de
1703 1119 1908 1229 madentia

497 1247 657 1350 cogatur
679 1235 849 1320 confiteri
873 1235 1034 1318 modum
1064 1245 1102 1319 et
1133 1245 1309 1322 tenorem
1344 1243 1577 1350 credentiam
1604 1248 1700 1330 etsi
1727 1250 1911 1336 mulessio

496 1371 614 1456 laedit
634 1369 863 1479 principem,
886 1369 1020 1450 eodem
1038 1369 1184 1477 judicio
1206 1373 1389 1478 puniatur
1408 1375 1489 1458 sire
1505 1375 1665 1462 clericus
1689 1379 1768 1464 sire
1793 1382 1911 1468 laicus

497 1503 623 1588 luerit.
640 1503 740 1587 lircc.
758 1529 803 1582 ne
818 1501 859 1584 S.
878 1499 1045 1585 Garum.
1063 1503 1254 1612 Chromis,
1268 1506 1319 1588 ad
1336 1532 1450 1615 ann,
1465 1533 1528 1618 ap.
1545 1509 1751 1622 Macaron,
1772 1517 1911 1628 Scrip-

499 1650 591 1740 tor.,
613 1645 643 1718 t.
665 1633 805 1743 V11,p.
831 1634 947 1716 1041.

306 2181 457 2291 impu
550 2165 742 2273 [ilbertus
765 2167 814 2252 de
839 2166 999 2275 Behaml
1023 2170 1083 2276 (1)
1109 2168 1293 2281 Gregorio
1315 2195 1437 2280 papae
1462 2169 1593 2254 scribit
1616 2173 1721 2282 quod
1745 2173 1909 2259 calendis

492 2300 591 2413 junii
624 2301 852 2387 Chunradus
888 2327 955 2385 rex
982 2301 1231 2385 Alamanniae
1257 2313 1295 2384 et
1334 2301 1640 2414 archiepiscopus
1668 2305 1908 2416 lloguniinns

495 2460 585 2521 cum
602 2434 707 2516 mille
724 2433 910 2517 militibus
932 2443 1117 2518 venerunt
1133 2433 1293 2544 ligram,
1313 2433 1533 2518 laborantes
1552 2433 1717 2519 miiitum
1737 2447 1781 2520 ut
1796 2438 1907 2547 prin-

495 2569 598 2686 cipes
630 2565 778 2676 imperii
806 2563 878 2649 sibi
908 2565 1057 2674 possint
1080 2565 1233 2675 placare
1265 2565 1432 2675 pecunia
1461 2565 1651 2676 pollicita3
1674 2567 1816 2677 quibus
1846 2595 1909 2653 rer

495 2699 699 2786 Bohemiac
728 2709 767 2784 et
797 2699 877 2783 dux
904 2699 1099 2784 Bawariee
1124 2723 1249 2808 usque
1279 2699 1501 2810 Elenpogen
1530 2711 1777 2786 occurrerunt
1802 2707 1909 2810 [euml

495 2843 662 2944 quatuor
696 2831 867 2915 millibus
895 2831 1111 2914 bominum.
1152 2831 1348 2915 Advenere
1384 2833 1624 2917 marchiones
1658 2833 1908 2920 Brandebur-

497 2991 647 3075 gauses,
676 2965 846 3049 mnrcbio
871 2965 1044 3071 Misniae,
1066 2963 1192 3073 llaspo
1210 2964 1460 3073 landgravius
1478 2965 1709 3078 lhruingiae
1726 2965 1804 3077 (2).
1825 2969 1910 3053 Post

469 3199 476 3214 Ι
497 3097 619 3181 multe
635 3125 703 3208 per
721 3099 948 3182 mediatores
969 3097 1198 3181 Chunradus
1223 3097 1264 3178 in
1287 3121 1399 3180 suam
1418 3099 1645 3181 sententiam
1663 3099 1779 3183 traxit
1804 3100 1911 3182 Thu-

497 3231 653 3342 ringum
673 3229 948 3340 Misniumque3
977 3253 1183 3340 quoscum
1200 3253 1268 3311 rex
1285 3227 1492 3313 Bohemiac
1515 3245 1554 3313 ei
1578 3231 1660 3316 dux
1687 3231 1910 3316 Barariaea

534 3533 572 3607 (tl
589 3531 716 3590 hibertus
728 3530 860 3588 bohemus
873 3527 995 3600 nomine,
1008 3527 1055 3586 sed
1067 3527 1175 3584 natione
1188 3527 1323 3598 Bararus,
1340 3525 1391 3584 sub
1406 3525 1560 3586 innocentio
1571 3527 1650 3586 tertio
1665 3535 1693 3586 et
1705 3529 1822 3588 Honorio
1835 3531 1911 3590 tertio

498 3647 568 3690 unus
586 3646 620 3688 ex
638 3627 783 3701 majoribus
800 3627 892 3684 cuiae
905 3639 1032 3683 romanae
1052 3623 1198 3693 advocatis,
1214 3623 1384 3680 reuviensis
1396 3621 1612 3696 archidiaconus,
1627 3641 1698 3682 anno
1714 3628 1794 3698 ⁴2³9,
1807 3643 1825 3684 a
1840 3627 1911 3686 Gre-

497 3729 572 3802 gorio
587 3743 657 3802 pape
673 3740 771 3782 munus
785 3728 925 3796 acceperat
937 3721 1243 3780 excommunicationem
1253 3727 1347 3778 metra
1365 3719 1531 3778 Fridericum
1545 3721 1736 3796 inperatorem
1756 3725 1840 3782 iatam
1859 3740 1911 3782 una

498 3843 562 3886 cum
572 3825 694 3898 Philippo
708 3824 743 3880 de
756 3822 854 3881 Amisia
866 3821 894 3877 in
908 3819 1065 3878 Alamannia
1078 3818 1244 3894 publicandi.

534 3924 569 3997 (a)
590 3923 675 3978 siloc
692 3937 760 3978 enno
775 3921 803 3976 in
819 3919 863 3975 die
879 3916 1029 3975 Palmerum
1045 3917 1168 3974 dominus
1189 3929 1261 3988 papa
1284 3913 1476 3987 imperatorem
1495 3913 1670 3972 denuntiarit.
1690 3915 1859 3990 Quapropter
1876 3917 1911 3973 ab

498 4020 557 4094 ipso
575 4019 735 4092 imperatore
751 4016 823 4073 circa
841 4014 970 4071 mendas
982 4013 1051 4086 junii
1064 4013 1092 4068 in
1108 4013 1180 4084 Egra
1202 4009 1355 4084 principum
1374 4015 1522 4068 conventus
1537 4019 1698 4084 procuratus
1710 4018 1761 4070 est.
1779 4014 1840 4084 Quo
1855 4013 1912 4087 ipse

498 4116 644 4192 imperator
657 4129 769 4170 manens
781 4113 809 4168 in
824 4111 1008 4184 longobardia
1017 4110 1125 4167 nuntios
1138 4107 1266 4182 dirigens,
1282 4107 1382 4164 illatam
1396 4105 1449 4164 sibi
1466 4122 1566 4180 epepa
1579 4109 1737 4166 mononem
1748 4109 1815 4183 ipsis
1829 4109 1912 4182 signi·

499 4213 599 4272 licerit.
617 4211 753 4284 Principes
767 4217 857 4267 autem
872 4213 1014 4282 praesente
1026 4207 1145 4264 Conrado
1162 4221 1225 4278 rege
1244 4204 1368 4262 sanione
1384 4203 1515 4277 juratoria
1531 4219 1562 4262 sc
1584 4205 1737 4279 imperatori
1750 4205 1911 4279 obligantes,

498 4325 597 4386 papam
608 4309 660 4383 ipsi
673 4307 842 4366 reconciliare
855 4305 1044 4380 promiserunt.
1058 4303 1126 4360 linio
1139 4307 1228 4360 tamen
1242 4301 1334 4358 curiae
1347 4315 1396 4357 mx
1410 4300 1534 4358 Bccmiae
1547 4307 1575 4358 et
1588 4302 1708 4360 marchio
1723 4303 1912 4361 brandenbur-

497 4407 589 4480 gensis
602 4423 656 4464 non
669 4405 873 4474 interessentes,
886 4403 937 4476 ipsi
950 4417 1004 4459 non
1017 4407 1081 4458 eunt
1094 4399 1211 4472 obligati.
1227 4417 1241 4452 ι
1256 4397 1384 4456 Obrorric.
1399 4396 1547 4471 Erpltcrd„
1558 4414 1704 4474 perperam
1714 4400 1821 4458 adanu.
1833 4403 1909 4473 ⁴2³0,

497 4522 542 4580 ap.
555 4505 699 4574 Βοιιιιιι,
711 4504 820 4572 Fontes,
833 4507 853 4558 t.
864 4502 896 4574 11,
911 4518 945 4574 pr
955 4503 1017 4558 lto.
1028 4529 1065 4544 -
1078 4518 1091 4554 a
1106 4499 1179 4571 Papa
1189 4495 1342 4554 mbiciiavit
1357 4495 1572 4570 archiepiscopos
1584 4502 1612 4555 et
1623 4498 1764 4572 episcopos
1781 4504 1814 4556 ut
1832 4499 1911 4572 impe

497 4611 614 4662 retorem
628 4601 823 4660 denuntiment.
846 4599 901 4658 Sed
918 4597 1037 4673 episcopi
1050 4595 1195 4656 renense
1209 4609 1245 4652 ne
1261 4593 1314 4653 hoc
1327 4593 1405 4653 tieret
1426 4593 1621 4670 supplicabant.
1642 4612 1657 4650 i
1676 4595 1797 4655 auur.
1817 4596 1908 4666 Scan..

500 4702 636 4774 como..
651 4699 686 4757 ad
697 4715 759 4756 ann.
775 4699 854 4757 titt.
