4246 5906
186 607 283 668 lrmtor.
302 600 362 684 la]
636 595 838 658 lllSTOlllll'
857 593 1147 657 otatouetlcrt.
1537 594 1594 656 551

236 737 372 812 Similes
390 756 451 832 per
465 734 581 808 omnia
597 743 668 806 tem
683 743 819 829 apertas
832 754 938 827 quam
953 732 1088 804 clausas
1101 727 1238 826 scripsit
1248 728 1398 802 lacobus
1413 729 1458 802 dc
1473 731 1598 803 Bantra

190 863 236 936 ad
259 860 423 936 eumdem
446 868 617 933 secretum
642 879 707 953 pro
728 856 911 932 Thomasio
944 855 1125 948 Sarsigna,
1153 855 1283 928 Ioanne
1306 852 1468 946 Sarslgna
1496 854 1599 926 fratre

191 987 286 1079 ejus,
317 994 353 1056 st
371 982 521 1056 'Nicolao
545 980 701 1054 Deuadei
726 979 772 1053 de
796 979 894 1051 libris
915 979 1178 1052 Venetianorum
1205 977 1399 1071 grossorum
1428 977 1597 1061 XLllllll,

191 1107 311 1182 solidis
328 1109 373 1180 lll
390 1116 426 1181 et
439 1105 591 1179 denariis
609 1104 688 1193 llll,
706 1125 768 1198 pro
781 1103 894 1175 unciis
911 1103 988 1176 auri
1004 1104 1161 1177 ducentis
1178 1103 1224 1175 ad
1242 1103 1402 1197 generale
1420 1102 1571 1197 pondus,

240 1231 379 1304 Similes
409 1239 481 1303 tam
512 1237 648 1324 apertas
677 1250 782 1322 quem
818 1228 953 1300 clauses
990 1227 1126 1322 scripsit
1159 1226 1251 1299 idem
1278 1226 1323 1299 ad
1351 1226 1512 1299 eumdem
1538 1247 1602 1320 pro

192 1354 387 1430 Senebaldo
409 1351 565 1436 terdeni,
588 1353 739 1426 Romano
764 1350 836 1424 lilio
860 1353 953 1449 eJus,
976 1349 1131 1424 Iohanne
1153 1351 1241 1424 Petri
1266 1359 1301 1422 et
1324 1349 1475 1422 Iordane
1500 1349 1603 1422 lratrc

193 1479 280 1569 ejus,
298 1477 345 1550 ds
357 1477 455 1550 libris
474 1476 741 1550 Venetianorum
760 1478 955 1570 grossorum
969 1474 1059 1546 XLll
1078 1484 1112 1546 et
1127 1473 1279 1547 donariis
1295 1473 1398 1562 Vllll,
1413 1493 1475 1568 pro
1492 1471 1604 1546 unciis

194 1602 271 1673 anri
288 1610 426 1676 centum
442 1601 533 1674 LXX
551 1608 585 1672 ot
603 1619 675 1672 nna
692 1599 739 1672 ad
757 1597 889 1672 dictum
903 1598 1062 1693 generale
1078 1596 1228 1692 pondus.

412 1957 1212 1971 ——nn-—n—-n-——u-——m--m--n—--u-——u-
1219 1955 1392 1965 --—---——

256 2215 478 2300 lllandatum
506 2218 556 2300 ad
591 2218 767 2302 custodes
794 2217 930 2300 aerarii
962 2216 1092 2300 Sancti
1128 2215 1333 2298 Salvatoris
1360 2214 1409 2296 ad
1434 2213 1535 2298 Mare
1566 2223 1610 2296 ut

200 2357 426 2432 mercatores
444 2350 636 2434 Romanos
655 2351 703 2434 de
721 2350 842 2433 unciis
861 2350 944 2432 auri
965 2347 1167 2432 CCCLXIV
1182 2371 1354 2432 camerae
1371 2347 1554 2429 mutuatis
1571 2355 1609 2428 et

201 2481 403 2591 assignatis
431 2490 510 2564 tam
528 2484 577 2565 de
595 2493 696 2566 sorte
713 2507 831 2591 quam
854 2483 903 2565 dc
920 2481 1100 2564 interesse
1122 2479 1292 2589 quietare
1315 2503 1393 2561 non
1415 2479 1604 2561 omittant.

282 2679 409 2762 (Repest.
425 2681 527 2762 imper.
543 2679 659 2742 diedo.
675 2681 715 2756 11,
731 2681 783 2742 iol.
802 2691 836 2742 31
854 2698 956 2756 verso;
971 2681 1003 2740 ln
1020 2682 1091 2742 edlt.
1108 2679 1243 2755 Gmccn„
1256 2696 1287 2760 p.
1304 2677 1386 2758 281.)

251 2852 301 2924 De
322 2853 487 2948 imperiali
507 2854 665 2926 mandato
680 2855 766 2946 sacto
783 2875 846 2950 per
865 2856 1061 2946 capistrum
1083 2851 1251 2924 attatum
1269 2851 1405 2946 scripsit
1419 2853 1459 2923 G.
1481 2851 1521 2923 dc
1544 2850 1613 2924 Cu·-

203 2976 335 3046 tentic:
1112 3049 1114 3052 .

252 3096 474 3190 Frederions,
499 3107 582 3190 etc,
607 3100 739 3174 lllarino
762 3097 807 3173 de
827 3099 938 3190 Valle,
964 3098 1096 3194 Angelo
1112 3099 1158 3173 de
1175 3101 1286 3173 Merra
1301 3109 1336 3172 et
1351 3098 1461 3191 judici
1484 3101 1614 3173 Eutra-

207 3222 303 3306 noni,
319 3221 521 3296 custodibus
537 3224 638 3296 erarii
656 3224 842 3296 Salvatoris
861 3222 908 3296 ud
926 3245 1041 3315 mare,
1067 3233 1133 3297 etc.
1151 3224 1277 3296 Notum
1296 3224 1442 3296 facimus
1460 3223 1615 3297 fidelitati

206 3355 321 3419 vestre
338 3345 434 3441 quod
450 3344 609 3420 Andreas
624 3345 670 3420 de
685 3347 844 3437 Cumara,
861 3347 989 3420 Paulus
1009 3357 1044 3420 et
1063 3347 1181 3420 Petrus
1198 3349 1320 3420 fratres
1338 3349 1393 3420 sai
1411 3359 1616 3421 mercatores

206 3467 352 3542 Romani
368 3466 488 3542 fideles
515 3471 622 3543 nostri
649 3470 686 3542 in
712 3471 831 3544 castris
855 3491 963 3567 prope
986 3468 1241 3562 Castellionem,
1268 3472 1313 3544 Vl
1337 3472 1396 3546 die
1415 3471 1617 3565 septembris

207 3592 308 3685 primi
324 3593 476 3687 preteriti
495 3593 600 3687 hujus
621 3595 699 3668 Xlll
726 3593 940 3687 indictionis,
968 3604 1217 3668 mutuaverunt
1240 3604 1276 3668 et
1296 3597 1558 3691 assignaverunt
1580 3595 1617 3666 in

209 3736 346 3790 camera
366 3727 483 3791 nostra
500 3717 546 3792 de
564 3718 762 3792 Venetianis
783 3719 912 3814 grossis
937 3720 1043 3792 libres
1066 3720 1253 3814 nonaginta
1269 3739 1393 3811 unam,
1422 3741 1485 3816 pro
1507 3719 1620 3794 uncis

210 3837 287 3912 auri
302 3839 514 3934 CCCLXllll,
532 3843 580 3917 ad
597 3844 759 3937 generale
774 3841 913 3938 pondus
924 3844 1042 3937 regni,
1063 3842 1108 3917 dc
1126 3843 1255 3938 quibus
1272 3841 1384 3914 unciis
1401 3843 1621 3939 promisimus

211 3964 262 4036 eis·
274 3963 368 4060 ipsos
378 3965 491 4038 lacere
504 3966 649 4060 quietari
665 3966 702 4038 in
716 3985 836 4060 regno,
855 3967 1047 4041 secundnm
1061 3967 1203 4040 formam
1222 3967 1412 4061 patentium
1427 3967 1623 4040 licterarum

212 4095 403 4160 nostrarum
414 4110 502 4183 quas
518 4088 601 4163 inde
612 4089 664 4162 eis
677 4088 751 4162 lieri
768 4089 927 4182 fecimus,
943 4089 980 4161 in
995 4091 1124 4185 quibus
1136 4091 1240 4163 etiam
1255 4089 1449 4164 continetur
1465 4090 1625 4163 distincte

213 4208 302 4303 quid
317 4211 354 4282 in
373 4221 474 4285 antea
490 4213 619 4288 debent
633 4213 761 4288 habero
774 4234 838 4310 pro
856 4214 1037 4306 interesse,
1064 4215 1095 4286 si
1115 4214 1294 4288 solutionis
1315 4215 1484 4288 terminus
1502 4213 1627 4288 ditior·

213 4342 325 4425 rotnr3
345 4344 379 4408 et
404 4335 647 4410 mandavimus
663 4359 724 4433 per
742 4339 877 4411 licteres
898 4347 1032 4410 nostras
1049 4336 1182 4432 Angelc
1204 4337 1250 4410 de
1270 4339 1380 4410 Merra
1398 4349 1437 4409 ut
1455 4336 1627 4433 predictos

214 4466 418 4532 mercatores
449 4458 493 4533 de
530 4463 676 4556 pecunia
704 4462 780 4557 ipsa
811 4460 1004 4534 secundum
1036 4461 1178 4534 sormam
1209 4461 1405 4533 lictararum
1430 4471 1628 4534 'nostrerum

215 4581 406 4673 patentium
433 4592 468 4655 ot
495 4603 726 4678 eorumquae
754 4583 821 4655 sibi
848 4583 1025 4676 misimus,
1056 4583 1092 4654 in
1120 4593 1246 4657 statuto
1271 4584 1417 4658 termino
1444 4586 1628 4679 quleteret.

216 4705 344 4778 Verum
370 4707 453 4800 quia
481 4709 595 4783 medio
627 4720 786 4806 temporo
811 4709 1004 4805 predictum
1033 4708 1203 4806 Angelum
1235 4709 1279 4785 de
1304 4712 1415 4785 lllerra
1444 4711 1490 4785 ab
1518 4713 1630 4786 officio
