4278 5920
197 638 291 696 luatur.
309 632 370 718 lo}
644 625 845 696 lll'sToulu
869 625 1164 692 orrnouurrcu
1569 618 1609 680 85

241 769 315 863 ligo
334 768 496 858 magister
511 767 726 840 llolandinus
740 766 793 864 (l)
811 765 964 840 notarius
984 762 1085 857 sigilli
1108 756 1266 833 comunis
1286 754 1404 828 Padus
1415 753 1516 846 jussu
1539 752 1610 827 do-

197 890 279 962 mini
294 888 445 986 Cipriani
459 889 523 962 hec
540 889 676 986 scripsi.

435 1181 865 1196 u--u-—o--n--s
872 1183 1034 1194 ‘nun—n—
1041 1177 1373 1194 -..ιιι-..σιμ

247 1455 275 1538 F
276 1455 485 1562 odericus,
526 1455 788 1541 Romanorum
830 1455 1057 1565 imperator,
1100 1453 1140 1534 in
1180 1451 1450 1563 protectionem
1497 1476 1606 1534 suam
1647 1451 1800 1558 &illim

197 1587 325 1697 recipit
357 1590 557 1698 specialem
598 1589 871 1674 monasterium
910 1587 1155 1671 dominarum
1196 1586 1406 1694 griseorum
1448 1583 1607 1666 Sanctae

196 1722 333 1806 Mariae
355 1731 461 1805 extra
486 1748 620 1806 muros
647 1723 808 1806 mutatis
834 1720 1048 1806 Northusen
1077 1745 1166 1803 cum
1193 1719 1371 1803 omnibus
1393 1718 1607 1828 possessio-

197 1851 329 1960 nibus,
349 1854 551 1936 confirmat
567 1855 671 1937 bona
692 1881 792 1964 quae
809 1854 932 1937 eidem
950 1853 1035 1936 loco
1052 1853 1239 1962 Ropertus
1257 1852 1462 1934 advocatus
1480 1851 1607 1960 depu-

195 1985 306 2092 tarit,
336 1987 518 2094 additque
548 1997 624 2068 tres
654 2013 762 2069 areas
784 1985 824 2067 in
845 1985 1019 2069 orientali
1041 1995 1148 2093 parte
1174 1983 1371 2090 eeclesiae3
1397 1983 1536 2093 jubens
1563 1995 1607 2067 ut

196 2115 235 2196 in
262 2117 368 2200 omni
394 2117 567 2200 libertate
593 2127 631 2202 et
657 2119 785 2228 quiete
814 2118 1086 2201 monasterium
1118 2116 1245 2226 ipsum
1272 2116 1461 2226 quidquid
1491 2115 1605 2226 justis

196 2251 315 2334 titulis
333 2245 489 2361 adipisci
506 2253 671 2361 potuerit
688 2253 893 2360 possideat.

1673 1559 1699 1601 21
1708 1559 1774 1611 lunii.

277 2479 405 2558 (Edlder.
421 2481 544 2556 iussn,
558 2482 636 2542 nor.
651 2479 761 2543 uuor.
775 2499 831 2542 von
842 2477 1043 2552 Nordtarueu,
1057 2496 1088 2557 p.
1107 2488 1174 2554 tut,
1189 2479 1242 2540 sed
1256 2480 1349 2554 malm
1363 2482 1606 2542 communalem

307 2587 528 2666 Formarum«,
546 2585 707 2650 camba
720 2605 775 2648 uon
788 2585 992 2660 Norddaruerr,
1012 2587 1042 2646 ll
1056 2601 1143 2664 pars,
1165 2603 1196 2664 p.
1214 2591 1281 2664 8-9,
1304 2601 1342 2646 ex
1363 2585 1517 2648 collatione
1535 2602 1605 2648 eum

312 2699 500 2772 transumpto
513 2695 648 2756 authent.
663 2697 734 2756 aunt
749 2692 853 2774 troc.)

245 2885 437 2962 innomine
453 2899 570 2964 sancte
587 2899 622 2964 et
645 2889 828 2962 individue
846 2889 1030 2961 Trinitatis.
1051 2887 1246 2961 Fridericus
1269 2888 1461 2976 secundus,
1486 2889 1605 2964 divina

194 3012 332 3084 invente
349 3014 530 3087 clementia
544 3015 776 3087 Rornanorum
802 3014 987 3110 imperator
1003 3033 1138 3107 semper
1157 3021 1327 3105 augustus
1345 3021 1380 3084 et
1405 3033 1469 3084 rex
1491 3013 1605 3088 Sicilie

195 3143 229 3207 et
252 3135 474 3210 lberusalem.
498 3137 711 3232 Imperialem
735 3137 837 3210 deoet
862 3134 1132 3208 munificentiam
1151 3135 1190 3208 ut
1211 3135 1247 3207 in
1274 3135 1340 3207 hiis
1367 3135 1500 3207 facilem
1519 3157 1606 3232 pre-

195 3258 274 3332 beat
299 3281 478 3332 assensum
502 3271 608 3355 atque
629 3263 782 3335 savorem
807 3281 876 3354 que
900 3259 946 3332 ad
976 3259 1140 3332 honorem
1165 3260 1226 3332 Dei
1253 3270 1357 3352 atque
1384 3260 1604 3333 eeclesiarum

195 3383 373 3456 utilitatem
401 3388 574 3481 pertinent
592 3397 627 3459 et
645 3385 809 3480 quietern.
830 3385 1015 3478 Eepropter
1030 3384 1113 3479 quia
1132 3383 1252 3456 divine
1267 3385 1428 3456 bonitatis
1449 3385 1605 3457 clemen-

195 3506 281 3576 ciam
301 3507 491 3602 propiciam
513 3509 640 3582 habere
657 3511 835 3595 volumus,
861 3507 1058 3580 venerabile
1075 3517 1108 3579 et
1125 3507 1289 3580 dilectum
1306 3509 1405 3582 nobis
1426 3519 1605 3582 monaste-

195 3627 280 3700 rium
314 3628 532 3704 dominarum
554 3636 744 3726 griseorum
767 3641 1007 3730 extramuros
1033 3631 1181 3704 civitatis
1202 3632 1395 3706 Northusen
1423 3633 1605 3706 fundatum

194 3751 285 3825 etad
304 3763 457 3827 montem
476 3755 599 3830 Sancte
615 3755 721 3829 llario
738 3767 898 3828 vocatum
917 3753 983 3851 (2),
1004 3755 1050 3826 ob
1068 3756 1295 3827 reverentiam
1314 3756 1470 3847 ejusdem
1489 3769 1606 3831 sancte

194 3882 229 3946 et
243 3875 442 3950 intemerate
454 3877 634 3952 Genitricis
647 3879 710 3951 Dei
723 3889 757 3952 et
769 3877 914 3972 virginis
929 3877 1049 3969 bieria,
1066 3899 1145 3950 cum
1159 3879 1319 3950 omuibus
1333 3879 1607 3974 possessionibus

194 4021 281 4092 quas
304 4021 399 4074 nunc
415 4001 519 4075 babet
537 4013 572 4076 et
590 4003 713 4075 futuris
730 4002 942 4096 temporibus
956 4003 1057 4094 justis
1079 4001 1191 4075 modis
1216 4003 1363 4096 potuerit
1381 4002 1545 4098 adipisci,
1570 4006 1606 4075 iu

197 4131 347 4195 nostram
374 4135 409 4197 et
436 4125 569 4221 imperii
602 4127 848 4223 protectionem
879 4135 914 4198 et
938 4125 1086 4221 speciale
1111 4126 1341 4221 patrocinium
1376 4128 1603 4224 suscipimus,

233 4419 269 4491 ll)
287 4422 348 4479 Non
362 4421 465 4496 absque
478 4423 603 4482 laudabili
622 4425 774 4498 conjectura
791 4424 863 4481 hunc
877 4425 1001 4482 eumdem
1016 4424 1177 4482 arbitramur
1194 4426 1240 4499 qui
1261 4425 1405 4485 chronicon
1421 4427 1455 4486 de
1473 4428 1555 4485 rebus
1572 4430 1607 4486 ab

197 4513 317 4576 Eucalim
334 4519 418 4590 gestie
434 4520 606 4593 conscripsit,
621 4521 673 4578 sub
693 4522 744 4578 boc
763 4523 840 4580 titulo
853 4523 890 4580 m
903 4522 987 4595 {sotir
1002 4524 1033 4578 ia
1046 4521 1173 4579 morelio
1189 4525 1351 4594 trevirum,
1367 4525 1439 4598 opud
1457 4525 1607 4598 Scriptores

199 4614 473 4688 rmmituticurum,
486 4624 551 4675 torn.
564 4619 632 4690 lllll,
649 4619 748 4692 typiaa
761 4619 907 4676 limatorio
919 4619 1064 4693 proditum.

235 4707 268 4781 (2)
287 4709 395 4769 Scilicet
407 4713 591 4787 Mauortem,
602 4716 733 4788 posterius
745 4723 835 4772 lamen
849 4715 985 4774 Nauwerlr
998 4716 1170 4790 appellatum.
