<?xml version="1.0" encoding="UTF-8"?>
<!DOCTYPE html PUBLIC "-//W3C//DTD XHTML 1.0 Transitional//EN"
    "http://www.w3.org/TR/xhtml1/DTD/xhtml1-transitional.dtd">
<html xmlns="http://www.w3.org/1999/xhtml" xml:lang="en" lang="en">
 <head>
  <title>
</title>
<meta http-equiv="Content-Type" content="text/html;charset=utf-8" />
  <meta name='ocr-system' content='tesseract 3.04.00' />
  <meta name='ocr-capabilities' content='ocr_page ocr_carea ocr_par ocr_line ocrx_word'/>
</head>
<body>
  <div class='ocr_page' id='page_1' title='image "./historiadiploma02fredgoog_0498.png"; bbox 0 0 4226 5900; ppageno 0'>
   <div class='ocr_carea' id='block_1_1' title="bbox 203 586 1627 678">
    <p class='ocr_par' dir='ltr' id='par_1_1' title="bbox 203 586 1627 678">
     <span class='ocr_line' id='line_1_1' title="bbox 203 586 1627 678; baseline -0.014 -10"><span class='ocrx_word' id='word_1_1' title='bbox 203 607 303 668; x_wconf 74' lang='lat' dir='ltr'>nnn.</span> <span class='ocrx_word' id='word_1_2' title='bbox 324 601 386 678; x_wconf 76' lang='lat' dir='ltr'>la]</span> <span class='ocrx_word' id='word_1_3' title='bbox 658 594 857 656; x_wconf 78' lang='lat' dir='ltr'>HISTORIA</span> <span class='ocrx_word' id='word_1_4' title='bbox 882 590 1176 655; x_wconf 78' lang='lat' dir='ltr'>ntruouurtcn.</span> <span class='ocrx_word' id='word_1_5' title='bbox 1566 586 1627 648; x_wconf 74' lang='lat'>485</span> 
     </span>
    </p>
   </div>
   <div class='ocr_carea' id='block_1_2' title="bbox 206 723 1628 1812">
    <p class='ocr_par' dir='ltr' id='par_1_2' title="bbox 255 723 1623 825">
     <span class='ocr_line' id='line_1_2' title="bbox 255 723 1623 825; baseline -0.01 -17"><span class='ocrx_word' id='word_1_6' title='bbox 255 741 303 808; x_wconf 80' lang='lat' dir='ltr'>Dr</span> <span class='ocrx_word' id='word_1_7' title='bbox 317 735 478 808; x_wconf 76' lang='lat' dir='ltr'>martimo</span> <span class='ocrx_word' id='word_1_8' title='bbox 492 733 580 824; x_wconf 75' lang='lat' dir='ltr'>sacto</span> <span class='ocrx_word' id='word_1_9' title='bbox 591 752 653 825; x_wconf 84' lang='lat' dir='ltr'>per</span> <span class='ocrx_word' id='word_1_10' title='bbox 670 733 869 824; x_wconf 62' lang='lat' dir='ltr'>magistrum</span> <span class='ocrx_word' id='word_1_11' title='bbox 893 732 1030 801; x_wconf 82' lang='lat' dir='ltr'>Petrum</span> <span class='ocrx_word' id='word_1_12' title='bbox 1054 729 1094 799; x_wconf 87' lang='lat' dir='ltr'>dr</span> <span class='ocrx_word' id='word_1_13' title='bbox 1114 729 1215 798; x_wconf 82' lang='lat' dir='ltr'>Vinea</span> <span class='ocrx_word' id='word_1_14' title='bbox 1231 725 1365 818; x_wconf 78' lang='lat' dir='ltr'>scripsit</span> <span class='ocrx_word' id='word_1_15' title='bbox 1381 724 1421 796; x_wconf 87' lang='lat' dir='ltr'>G.</span> <span class='ocrx_word' id='word_1_16' title='bbox 1443 723 1483 794; x_wconf 89' lang='lat' dir='ltr'>dc</span> <span class='ocrx_word' id='word_1_17' title='bbox 1501 725 1623 794; x_wconf 85' lang='lat' dir='ltr'>Tocco:</span> 
     </span>
    </p>

    <p class='ocr_par' dir='ltr' id='par_1_3' title="bbox 206 847 1628 1690">
     <span class='ocr_line' id='line_1_3' title="bbox 255 847 1628 947; baseline -0.009 -14"><span class='ocrx_word' id='word_1_18' title='bbox 255 859 478 944; x_wconf 85' lang='lat' dir='ltr'>Fredericns,</span> <span class='ocrx_word' id='word_1_19' title='bbox 500 865 584 946; x_wconf 75' lang='lat' dir='ltr'>etc,</span> <span class='ocrx_word' id='word_1_20' title='bbox 605 852 744 927; x_wconf 87' lang='lat' dir='ltr'>Andree</span> <span class='ocrx_word' id='word_1_21' title='bbox 766 853 811 928; x_wconf 89' lang='lat' dir='ltr'>de</span> <span class='ocrx_word' id='word_1_22' title='bbox 838 854 951 926; x_wconf 88' lang='lat' dir='ltr'>Cioala</span> <span class='ocrx_word' id='word_1_23' title='bbox 974 853 1173 947; x_wconf 86' lang='lat' dir='ltr'>capitaneo,</span> <span class='ocrx_word' id='word_1_24' title='bbox 1195 859 1263 923; x_wconf 83' lang='lat' dir='ltr'>etc.</span> <span class='ocrx_word' id='word_1_25' title='bbox 1286 848 1392 922; x_wconf 86' lang='lat' dir='ltr'>Solita</span> <span class='ocrx_word' id='word_1_26' title='bbox 1413 847 1628 938; x_wconf 78' lang='lat' dir='ltr'>benignitate</span> 
     </span>
     <span class='ocr_line' id='line_1_4' title="bbox 206 971 1627 1077; baseline -0.012 -19"><span class='ocrx_word' id='word_1_27' title='bbox 206 984 400 1077; x_wconf 83' lang='lat' dir='ltr'>recepimus</span> <span class='ocrx_word' id='word_1_28' title='bbox 417 981 555 1052; x_wconf 88' lang='lat' dir='ltr'>lieteras</span> <span class='ocrx_word' id='word_1_29' title='bbox 569 999 658 1072; x_wconf 88' lang='lat' dir='ltr'>quas</span> <span class='ocrx_word' id='word_1_30' title='bbox 674 987 734 1050; x_wconf 90' lang='lat' dir='ltr'>tua</span> <span class='ocrx_word' id='word_1_31' title='bbox 753 977 854 1050; x_wconf 92' lang='lat' dir='ltr'>nobis</span> <span class='ocrx_word' id='word_1_32' title='bbox 865 977 1005 1051; x_wconf 87' lang='lat' dir='ltr'>devotio</span> <span class='ocrx_word' id='word_1_33' title='bbox 1016 975 1214 1062; x_wconf 88' lang='lat' dir='ltr'>destinavit,</span> <span class='ocrx_word' id='word_1_34' title='bbox 1233 971 1488 1068; x_wconf 86' lang='lat' dir='ltr'>superbisque</span> <span class='ocrx_word' id='word_1_35' title='bbox 1505 971 1627 1042; x_wconf 90' lang='lat' dir='ltr'>misisti</span> 
     </span>
     <span class='ocr_line' id='line_1_5' title="bbox 209 1093 1628 1194; baseline -0.011 -15"><span class='ocrx_word' id='word_1_36' title='bbox 209 1105 255 1179; x_wconf 88' lang='lat' dir='ltr'>de</span> <span class='ocrx_word' id='word_1_37' title='bbox 277 1106 437 1178; x_wconf 83' lang='lat' dir='ltr'>tobanne</span> <span class='ocrx_word' id='word_1_38' title='bbox 464 1103 623 1192; x_wconf 85' lang='lat' dir='ltr'>Muritio,</span> <span class='ocrx_word' id='word_1_39' title='bbox 655 1122 762 1194; x_wconf 90' lang='lat' dir='ltr'>quem</span> <span class='ocrx_word' id='word_1_40' title='bbox 787 1101 1009 1174; x_wconf 86' lang='lat' dir='ltr'>castellanum</span> <span class='ocrx_word' id='word_1_41' title='bbox 1032 1096 1255 1170; x_wconf 85' lang='lat' dir='ltr'>statuendum</span> <span class='ocrx_word' id='word_1_42' title='bbox 1278 1095 1373 1192; x_wconf 88' lang='lat' dir='ltr'>apud</span> <span class='ocrx_word' id='word_1_43' title='bbox 1393 1093 1628 1166; x_wconf 86' lang='lat' dir='ltr'>Monticallum</span> 
     </span>
     <span class='ocr_line' id='line_1_6' title="bbox 207 1216 1625 1320; baseline -0.012 -17"><span class='ocrx_word' id='word_1_44' title='bbox 207 1239 328 1303; x_wconf 86' lang='lat' dir='ltr'>nostra</span> <span class='ocrx_word' id='word_1_45' title='bbox 353 1225 524 1299; x_wconf 87' lang='lat' dir='ltr'>celsitudo</span> <span class='ocrx_word' id='word_1_46' title='bbox 551 1225 768 1320; x_wconf 89' lang='lat' dir='ltr'>providerat,</span> <span class='ocrx_word' id='word_1_47' title='bbox 793 1224 907 1296; x_wconf 86' lang='lat' dir='ltr'>taliter</span> <span class='ocrx_word' id='word_1_48' title='bbox 926 1222 1188 1317; x_wconf 79' lang='lat' dir='ltr'>respondentes,</span> <span class='ocrx_word' id='word_1_49' title='bbox 1211 1219 1358 1315; x_wconf 91' lang='lat' dir='ltr'>quodsi</span> <span class='ocrx_word' id='word_1_50' title='bbox 1381 1216 1537 1290; x_wconf 89' lang='lat' dir='ltr'>infirmus</span> <span class='ocrx_word' id='word_1_51' title='bbox 1555 1225 1625 1304; x_wconf 72' lang='lat' dir='ltr'>sat,</span> 
     </span>
     <span class='ocr_line' id='line_1_7' title="bbox 211 1340 1626 1443; baseline -0.01 -19"><span class='ocrx_word' id='word_1_52' title='bbox 211 1361 247 1424; x_wconf 90' lang='lat' dir='ltr'>et</span> <span class='ocrx_word' id='word_1_53' title='bbox 265 1349 390 1423; x_wconf 88' lang='lat' dir='ltr'>baberi</span> <span class='ocrx_word' id='word_1_54' title='bbox 409 1370 479 1422; x_wconf 91' lang='lat' dir='ltr'>non</span> <span class='ocrx_word' id='word_1_55' title='bbox 503 1357 619 1443; x_wconf 88' lang='lat' dir='ltr'>potest</span> <span class='ocrx_word' id='word_1_56' title='bbox 639 1347 675 1418; x_wconf 94' lang='lat' dir='ltr'>in</span> <span class='ocrx_word' id='word_1_57' title='bbox 701 1347 777 1441; x_wconf 90' lang='lat' dir='ltr'>ipso</span> <span class='ocrx_word' id='word_1_58' title='bbox 794 1355 910 1420; x_wconf 92' lang='lat' dir='ltr'>nostro</span> <span class='ocrx_word' id='word_1_59' title='bbox 935 1347 1076 1420; x_wconf 88' lang='lat' dir='ltr'>servitio</span> <span class='ocrx_word' id='word_1_60' title='bbox 1092 1343 1315 1434; x_wconf 90' lang='lat' dir='ltr'>statuendus,</span> <span class='ocrx_word' id='word_1_61' title='bbox 1336 1343 1427 1416; x_wconf 89' lang='lat' dir='ltr'>siout</span> <span class='ocrx_word' id='word_1_62' title='bbox 1442 1340 1626 1436; x_wconf 83' lang='lat' dir='ltr'>scripsisti,</span> 
     </span>
     <span class='ocr_line' id='line_1_8' title="bbox 206 1463 1625 1551; baseline -0.009 -4"><span class='ocrx_word' id='word_1_63' title='bbox 206 1475 315 1547; x_wconf 87' lang='lat' dir='ltr'>alium</span> <span class='ocrx_word' id='word_1_64' title='bbox 332 1472 470 1546; x_wconf 86' lang='lat' dir='ltr'>fidelem</span> <span class='ocrx_word' id='word_1_65' title='bbox 490 1482 525 1544; x_wconf 92' lang='lat' dir='ltr'>et</span> <span class='ocrx_word' id='word_1_66' title='bbox 541 1471 705 1545; x_wconf 90' lang='lat' dir='ltr'>idoneum</span> <span class='ocrx_word' id='word_1_67' title='bbox 725 1472 950 1542; x_wconf 82' lang='lat' dir='ltr'>castottanom</span> <span class='ocrx_word' id='word_1_68' title='bbox 965 1478 1095 1542; x_wconf 83' lang='lat' dir='ltr'>statuas</span> <span class='ocrx_word' id='word_1_69' title='bbox 1120 1469 1164 1542; x_wconf 90' lang='lat' dir='ltr'>ad</span> <span class='ocrx_word' id='word_1_70' title='bbox 1184 1467 1377 1542; x_wconf 83' lang='lat' dir='ltr'>custodiam</span> <span class='ocrx_word' id='word_1_71' title='bbox 1400 1463 1483 1538; x_wconf 88' lang='lat' dir='ltr'>dicti</span> <span class='ocrx_word' id='word_1_72' title='bbox 1505 1463 1625 1551; x_wconf 90' lang='lat' dir='ltr'>castri,</span> 
     </span>
     <span class='ocr_line' id='line_1_9' title="bbox 206 1593 975 1690; baseline -0.005 -22"><span class='ocrx_word' id='word_1_73' title='bbox 206 1617 335 1670; x_wconf 90' lang='lat' dir='ltr'>nomen</span> <span class='ocrx_word' id='word_1_74' title='bbox 355 1595 466 1690; x_wconf 91' lang='lat' dir='ltr'>ipsius</span> <span class='ocrx_word' id='word_1_75' title='bbox 483 1603 600 1666; x_wconf 91' lang='lat' dir='ltr'>nostre</span> <span class='ocrx_word' id='word_1_76' title='bbox 618 1595 713 1666; x_wconf 88' lang='lat' dir='ltr'>curie</span> <span class='ocrx_word' id='word_1_77' title='bbox 732 1593 975 1688; x_wconf 82' lang='lat' dir='ltr'>rescripturus.</span> 
     </span>
    </p>

    <p class='ocr_par' dir='ltr' id='par_1_4' title="bbox 257 1716 1322 1812">
     <span class='ocr_line' id='line_1_10' title="bbox 257 1716 1322 1812; baseline -0.002 -22"><span class='ocrx_word' id='word_1_78' title='bbox 257 1721 385 1791; x_wconf 88' lang='lat' dir='ltr'>Datum</span> <span class='ocrx_word' id='word_1_79' title='bbox 402 1716 499 1812; x_wconf 87' lang='lat' dir='ltr'>apud</span> <span class='ocrx_word' id='word_1_80' title='bbox 512 1716 683 1810; x_wconf 81' lang='lat' dir='ltr'>Laudem,</span> <span class='ocrx_word' id='word_1_81' title='bbox 700 1718 775 1789; x_wconf 86' lang='lat' dir='ltr'>vttl</span> <span class='ocrx_word' id='word_1_82' title='bbox 794 1717 1003 1808; x_wconf 87' lang='lat' dir='ltr'>novembris,</span> <span class='ocrx_word' id='word_1_83' title='bbox 1020 1717 1096 1790; x_wconf 85' lang='lat' dir='ltr'>Xlll</span> <span class='ocrx_word' id='word_1_84' title='bbox 1114 1716 1322 1792; x_wconf 88' lang='lat' dir='ltr'>indictionis.</span> 
     </span>
    </p>
   </div>
   <div class='ocr_carea' id='block_1_3' title="bbox 461 2015 1378 2030">
    <p class='ocr_par' dir='ltr' id='par_1_5' title="bbox 461 2015 1378 2030">
     <span class='ocr_line' id='line_1_11' title="bbox 461 2015 1378 2030; baseline 0 -2"><span class='ocrx_word' id='word_1_85' title='bbox 461 2015 1378 2030; x_wconf 47' lang='lat' dir='ltr'>*effla—*nummum*</span> 
     </span>
    </p>
   </div>
   <div class='ocr_carea' id='block_1_4' title="bbox 208 2291 1633 2772">
    <p class='ocr_par' dir='ltr' id='par_1_6' title="bbox 208 2291 1633 2772">
     <span class='ocr_line' id='line_1_12' title="bbox 263 2291 1632 2403; baseline -0.003 -27"><span class='ocrx_word' id='word_1_86' title='bbox 263 2293 443 2376; x_wconf 88' lang='lat' dir='ltr'>Mandata</span> <span class='ocrx_word' id='word_1_87' title='bbox 461 2293 511 2375; x_wconf 87' lang='lat' dir='ltr'>ed</span> <span class='ocrx_word' id='word_1_88' title='bbox 534 2293 731 2376; x_wconf 90' lang='lat' dir='ltr'>notarium</span> <span class='ocrx_word' id='word_1_89' title='bbox 750 2293 982 2378; x_wconf 89' lang='lat' dir='ltr'>Mattbacum</span> <span class='ocrx_word' id='word_1_90' title='bbox 1000 2295 1049 2376; x_wconf 94' lang='lat' dir='ltr'>de</span> <span class='ocrx_word' id='word_1_91' title='bbox 1066 2293 1162 2403; x_wconf 84' lang='lat' dir='ltr'>Ripa</span> <span class='ocrx_word' id='word_1_92' title='bbox 1180 2292 1374 2376; x_wconf 87' lang='lat' dir='ltr'>Sulmonis</span> <span class='ocrx_word' id='word_1_93' title='bbox 1392 2302 1429 2375; x_wconf 86' lang='lat' dir='ltr'>et</span> <span class='ocrx_word' id='word_1_94' title='bbox 1449 2293 1498 2374; x_wconf 89' lang='lat' dir='ltr'>nd</span> <span class='ocrx_word' id='word_1_95' title='bbox 1512 2291 1632 2400; x_wconf 87' lang='lat' dir='ltr'>justi-</span> 
     </span>
     <span class='ocr_line' id='line_1_13' title="bbox 208 2423 1627 2536; baseline -0.001 -29"><span class='ocrx_word' id='word_1_96' title='bbox 208 2427 364 2509; x_wconf 86' lang='lat' dir='ltr'>tiarium</span> <span class='ocrx_word' id='word_1_97' title='bbox 388 2425 542 2532; x_wconf 84' lang='lat' dir='ltr'>Aprucii</span> <span class='ocrx_word' id='word_1_98' title='bbox 571 2428 677 2534; x_wconf 88' lang='lat' dir='ltr'>quod</span> <span class='ocrx_word' id='word_1_99' title='bbox 705 2435 795 2508; x_wconf 89' lang='lat' dir='ltr'>acta</span> <span class='ocrx_word' id='word_1_100' title='bbox 814 2427 1046 2536; x_wconf 86' lang='lat' dir='ltr'>judiciorum</span> <span class='ocrx_word' id='word_1_101' title='bbox 1074 2451 1173 2536; x_wconf 89' lang='lat' dir='ltr'>quae</span> <span class='ocrx_word' id='word_1_102' title='bbox 1200 2425 1397 2535; x_wconf 87' lang='lat' dir='ltr'>quondam</span> <span class='ocrx_word' id='word_1_103' title='bbox 1422 2449 1550 2506; x_wconf 86' lang='lat' dir='ltr'>coram</span> <span class='ocrx_word' id='word_1_104' title='bbox 1579 2423 1627 2506; x_wconf 91' lang='lat' dir='ltr'>H.</span> 
     </span>
     <span class='ocr_line' id='line_1_14' title="bbox 208 2557 1633 2668; baseline 0.001 -30"><span class='ocrx_word' id='word_1_105' title='bbox 208 2557 258 2638; x_wconf 88' lang='lat' dir='ltr'>de</span> <span class='ocrx_word' id='word_1_106' title='bbox 269 2557 544 2641; x_wconf 86' lang='lat' dir='ltr'>Monteiusoolo</span> <span class='ocrx_word' id='word_1_107' title='bbox 564 2558 707 2666; x_wconf 81' lang='lat' dir='ltr'>agitata</span> <span class='ocrx_word' id='word_1_108' title='bbox 730 2567 834 2661; x_wconf 91' lang='lat' dir='ltr'>sunt,</span> <span class='ocrx_word' id='word_1_109' title='bbox 848 2558 1151 2642; x_wconf 83' lang='lat' dir='ltr'>transcribantur</span> <span class='ocrx_word' id='word_1_110' title='bbox 1168 2569 1206 2640; x_wconf 91' lang='lat' dir='ltr'>et</span> <span class='ocrx_word' id='word_1_111' title='bbox 1223 2583 1361 2641; x_wconf 88' lang='lat' dir='ltr'>causae</span> <span class='ocrx_word' id='word_1_112' title='bbox 1379 2557 1633 2668; x_wconf 83' lang='lat' dir='ltr'>singulaeor-</span> 
     </span>
     <span class='ocr_line' id='line_1_15' title="bbox 208 2689 727 2772; baseline 0 -2"><span class='ocrx_word' id='word_1_113' title='bbox 208 2689 299 2772; x_wconf 91' lang='lat' dir='ltr'>dine</span> <span class='ocrx_word' id='word_1_114' title='bbox 316 2689 444 2772; x_wconf 91' lang='lat' dir='ltr'>debito</span> <span class='ocrx_word' id='word_1_115' title='bbox 463 2690 727 2772; x_wconf 86' lang='lat' dir='ltr'>terminentur.</span> 
     </span>
    </p>
   </div>
   <div class='ocr_carea' id='block_1_5' title="bbox 294 2891 1404 2974">
    <p class='ocr_par' dir='ltr' id='par_1_7' title="bbox 294 2891 1404 2974">
     <span class='ocr_line' id='line_1_16' title="bbox 294 2891 1404 2974; baseline 0.002 -20"><span class='ocrx_word' id='word_1_116' title='bbox 294 2891 421 2974; x_wconf 65' lang='lat' dir='ltr'>(aspar.</span> <span class='ocrx_word' id='word_1_117' title='bbox 436 2894 540 2973; x_wconf 81' lang='lat' dir='ltr'>imper.</span> <span class='ocrx_word' id='word_1_118' title='bbox 556 2891 677 2956; x_wconf 79' lang='lat' dir='ltr'>Frrdcr.</span> <span class='ocrx_word' id='word_1_119' title='bbox 695 2893 735 2969; x_wconf 88' lang='lat'>11,</span> <span class='ocrx_word' id='word_1_120' title='bbox 752 2893 806 2954; x_wconf 83' lang='lat' dir='ltr'>iol.</span> <span class='ocrx_word' id='word_1_121' title='bbox 827 2902 864 2955; x_wconf 83' lang='lat'>19</span> <span class='ocrx_word' id='word_1_122' title='bbox 878 2899 977 2965; x_wconf 71' lang='lat' dir='ltr'>rector</span> <span class='ocrx_word' id='word_1_123' title='bbox 992 2895 1024 2954; x_wconf 91' lang='lat' dir='ltr'>ln</span> <span class='ocrx_word' id='word_1_124' title='bbox 1037 2893 1109 2954; x_wconf 88' lang='lat' dir='ltr'>edit.</span> <span class='ocrx_word' id='word_1_125' title='bbox 1125 2892 1261 2968; x_wconf 79' lang='lat' dir='ltr'>Curcum,</span> <span class='ocrx_word' id='word_1_126' title='bbox 1274 2911 1303 2972; x_wconf 89' lang='lat' dir='ltr'>p.</span> <span class='ocrx_word' id='word_1_127' title='bbox 1320 2894 1404 2972; x_wconf 76' lang='lat'><strong>261.)</strong></span> 
     </span>
    </p>
   </div>
   <div class='ocr_carea' id='block_1_6' title="bbox 208 3066 1632 4768">
    <p class='ocr_par' dir='ltr' id='par_1_8' title="bbox 208 3066 1632 3262">
     <span class='ocr_line' id='line_1_17' title="bbox 259 3066 1632 3170; baseline 0.004 -32"><span class='ocrx_word' id='word_1_128' title='bbox 259 3067 438 3140; x_wconf 79' lang='lat' dir='ltr'>Munduntc</span> <span class='ocrx_word' id='word_1_129' title='bbox 458 3067 590 3170; x_wconf 81' lang='lat' dir='ltr'>domino</span> <span class='ocrx_word' id='word_1_130' title='bbox 612 3069 809 3162; x_wconf 82' lang='lat' dir='ltr'>imperatore</span> <span class='ocrx_word' id='word_1_131' title='bbox 825 3088 889 3160; x_wconf 87' lang='lat' dir='ltr'>per</span> <span class='ocrx_word' id='word_1_132' title='bbox 903 3066 1050 3158; x_wconf 80' lang='lat' dir='ltr'>judicem</span> <span class='ocrx_word' id='word_1_133' title='bbox 1072 3069 1208 3138; x_wconf 83' lang='lat' dir='ltr'>Petrum</span> <span class='ocrx_word' id='word_1_134' title='bbox 1232 3067 1272 3139; x_wconf 87' lang='lat' dir='ltr'>de</span> <span class='ocrx_word' id='word_1_135' title='bbox 1299 3069 1401 3139; x_wconf 81' lang='lat' dir='ltr'>Vinea</span> <span class='ocrx_word' id='word_1_136' title='bbox 1422 3071 1553 3163; x_wconf 72' lang='lat' dir='ltr'>scripsit</span> <span class='ocrx_word' id='word_1_137' title='bbox 1575 3094 1632 3144; x_wconf 85' lang='lat' dir='ltr'>oo·</span> 
     </span>
     <span class='ocr_line' id='line_1_18' title="bbox 208 3190 609 3262; baseline -0.002 -1"><span class='ocrx_word' id='word_1_138' title='bbox 208 3191 318 3261; x_wconf 81' lang='lat' dir='ltr'>tarius</span> <span class='ocrx_word' id='word_1_139' title='bbox 333 3191 374 3260; x_wconf 91' lang='lat' dir='ltr'>R.</span> <span class='ocrx_word' id='word_1_140' title='bbox 397 3191 436 3261; x_wconf 85' lang='lat' dir='ltr'>de</span> <span class='ocrx_word' id='word_1_141' title='bbox 448 3190 609 3262; x_wconf 77' lang='lat' dir='ltr'>Soteron.-</span> 
     </span>
    </p>

    <p class='ocr_par' dir='ltr' id='par_1_9' title="bbox 209 3311 1631 4768">
     <span class='ocr_line' id='line_1_19' title="bbox 258 3311 1630 3407; baseline 0.001 -21"><span class='ocrx_word' id='word_1_142' title='bbox 258 3313 477 3403; x_wconf 86' lang='lat' dir='ltr'>Fredericns,</span> <span class='ocrx_word' id='word_1_143' title='bbox 493 3323 579 3403; x_wconf 80' lang='lat' dir='ltr'>ete,</span> <span class='ocrx_word' id='word_1_144' title='bbox 596 3313 734 3386; x_wconf 88' lang='lat' dir='ltr'>notario</span> <span class='ocrx_word' id='word_1_145' title='bbox 748 3313 899 3386; x_wconf 85' lang='lat' dir='ltr'>Mattheo</span> <span class='ocrx_word' id='word_1_146' title='bbox 915 3313 960 3386; x_wconf 89' lang='lat' dir='ltr'>de</span> <span class='ocrx_word' id='word_1_147' title='bbox 975 3313 1060 3407; x_wconf 85' lang='lat' dir='ltr'>Ripa</span> <span class='ocrx_word' id='word_1_148' title='bbox 1074 3313 1260 3385; x_wconf 87' lang='lat' dir='ltr'>Sulmonis.</span> <span class='ocrx_word' id='word_1_149' title='bbox 1275 3311 1446 3388; x_wconf 89' lang='lat' dir='ltr'>Fidelitati</span> <span class='ocrx_word' id='word_1_150' title='bbox 1461 3325 1519 3388; x_wconf 87' lang='lat' dir='ltr'>tue</span> <span class='ocrx_word' id='word_1_151' title='bbox 1533 3339 1630 3390; x_wconf 87' lang='lat' dir='ltr'>man·</span> 
     </span>
     <span class='ocr_line' id='line_1_20' title="bbox 210 3435 1631 3534; baseline 0.001 -23"><span class='ocrx_word' id='word_1_152' title='bbox 210 3437 338 3511; x_wconf 89' lang='lat' dir='ltr'>damus</span> <span class='ocrx_word' id='word_1_153' title='bbox 355 3446 526 3532; x_wconf 89' lang='lat' dir='ltr'>quatenus</span> <span class='ocrx_word' id='word_1_154' title='bbox 543 3438 692 3532; x_wconf 89' lang='lat' dir='ltr'>receptis</span> <span class='ocrx_word' id='word_1_155' title='bbox 710 3436 765 3508; x_wconf 92' lang='lat' dir='ltr'>bis</span> <span class='ocrx_word' id='word_1_156' title='bbox 781 3435 909 3510; x_wconf 88' lang='lat' dir='ltr'>licteris</span> <span class='ocrx_word' id='word_1_157' title='bbox 923 3438 1081 3509; x_wconf 77' lang='lat' dir='ltr'>conferas</span> <span class='ocrx_word' id='word_1_158' title='bbox 1102 3447 1135 3508; x_wconf 87' lang='lat' dir='ltr'>te</span> <span class='ocrx_word' id='word_1_159' title='bbox 1153 3445 1238 3532; x_wconf 92' lang='lat' dir='ltr'>aput</span> <span class='ocrx_word' id='word_1_160' title='bbox 1254 3437 1398 3509; x_wconf 88' lang='lat' dir='ltr'>Calvum</span> <span class='ocrx_word' id='word_1_161' title='bbox 1423 3448 1458 3510; x_wconf 86' lang='lat' dir='ltr'>et</span> <span class='ocrx_word' id='word_1_162' title='bbox 1474 3441 1631 3534; x_wconf 87' lang='lat' dir='ltr'>requiras</span> 
     </span>
     <span class='ocr_line' id='line_1_21' title="bbox 209 3560 1630 3656; baseline 0.001 -23"><span class='ocrx_word' id='word_1_163' title='bbox 209 3561 413 3656; x_wconf 85' lang='lat' dir='ltr'>episcopum</span> <span class='ocrx_word' id='word_1_164' title='bbox 439 3560 640 3633; x_wconf 87' lang='lat' dir='ltr'>Calvensem</span> <span class='ocrx_word' id='word_1_165' title='bbox 662 3571 703 3631; x_wconf 92' lang='lat' dir='ltr'>ut</span> <span class='ocrx_word' id='word_1_166' title='bbox 726 3561 878 3654; x_wconf 79' lang='lat' dir='ltr'>assignet</span> <span class='ocrx_word' id='word_1_167' title='bbox 901 3560 964 3632; x_wconf 89' lang='lat' dir='ltr'>tibi</span> <span class='ocrx_word' id='word_1_168' title='bbox 992 3561 1234 3654; x_wconf 89' lang='lat' dir='ltr'>quaterniones</span> <span class='ocrx_word' id='word_1_169' title='bbox 1257 3561 1352 3633; x_wconf 91' lang='lat' dir='ltr'>curie</span> <span class='ocrx_word' id='word_1_170' title='bbox 1381 3570 1513 3654; x_wconf 90' lang='lat' dir='ltr'>nostre,</span> <span class='ocrx_word' id='word_1_171' title='bbox 1540 3583 1630 3656; x_wconf 91' lang='lat' dir='ltr'>qnos</span> 
     </span>
     <span class='ocr_line' id='line_1_22' title="bbox 210 3683 1626 3780; baseline -0.001 -24"><span class='ocrx_word' id='word_1_172' title='bbox 210 3685 254 3757; x_wconf 89' lang='grc' dir='ltr'>Η.</span> <span class='ocrx_word' id='word_1_173' title='bbox 270 3684 316 3758; x_wconf 90' lang='lat' dir='ltr'>de</span> <span class='ocrx_word' id='word_1_174' title='bbox 325 3685 574 3758; x_wconf 86' lang='lat' dir='ltr'>Monteiuscolo</span> <span class='ocrx_word' id='word_1_175' title='bbox 586 3685 667 3758; x_wconf 92' lang='lat' dir='ltr'>olim</span> <span class='ocrx_word' id='word_1_176' title='bbox 680 3685 890 3776; x_wconf 77' lang='lat' dir='ltr'>Justitiarius</span> <span class='ocrx_word' id='word_1_177' title='bbox 903 3685 1045 3780; x_wconf 85' lang='lat' dir='ltr'>Aprucii</span> <span class='ocrx_word' id='word_1_178' title='bbox 1061 3694 1242 3780; x_wconf 88' lang='lat' dir='ltr'>aputeum</span> <span class='ocrx_word' id='word_1_179' title='bbox 1259 3683 1461 3778; x_wconf 88' lang='lat' dir='ltr'>deposuisse</span> <span class='ocrx_word' id='word_1_180' title='bbox 1475 3706 1514 3757; x_wconf 89' lang='lat' dir='ltr'>se</span> <span class='ocrx_word' id='word_1_181' title='bbox 1529 3685 1626 3774; x_wconf 91' lang='lat' dir='ltr'>dicit,</span> 
     </span>
     <span class='ocr_line' id='line_1_23' title="bbox 210 3807 1630 3904; baseline 0 -23"><span class='ocrx_word' id='word_1_182' title='bbox 210 3819 247 3882; x_wconf 92' lang='lat' dir='ltr'>et</span> <span class='ocrx_word' id='word_1_183' title='bbox 265 3809 301 3880; x_wconf 94' lang='lat' dir='ltr'>in</span> <span class='ocrx_word' id='word_1_184' title='bbox 320 3809 450 3904; x_wconf 90' lang='lat' dir='ltr'>quibus</span> <span class='ocrx_word' id='word_1_185' title='bbox 468 3808 632 3884; x_wconf 87' lang='lat' dir='ltr'>videlicet</span> <span class='ocrx_word' id='word_1_186' title='bbox 651 3808 872 3880; x_wconf 90' lang='lat' dir='ltr'>continentur</span> <span class='ocrx_word' id='word_1_187' title='bbox 893 3819 969 3882; x_wconf 81' lang='lat' dir='ltr'>acta</span> <span class='ocrx_word' id='word_1_188' title='bbox 982 3807 1194 3900; x_wconf 90' lang='lat' dir='ltr'>judiciorum</span> <span class='ocrx_word' id='word_1_189' title='bbox 1213 3829 1282 3902; x_wconf 90' lang='lat' dir='ltr'>que</span> <span class='ocrx_word' id='word_1_190' title='bbox 1302 3818 1455 3903; x_wconf 89' lang='lat' dir='ltr'>tempora</span> <span class='ocrx_word' id='word_1_191' title='bbox 1474 3810 1630 3902; x_wconf 85' lang='lat' dir='ltr'>justitia-</span> 
     </span>
     <span class='ocr_line' id='line_1_24' title="bbox 210 3930 1630 4025; baseline -0.001 -21"><span class='ocrx_word' id='word_1_192' title='bbox 210 3933 319 4004; x_wconf 88' lang='lat' dir='ltr'>riatus</span> <span class='ocrx_word' id='word_1_193' title='bbox 335 3932 390 4003; x_wconf 92' lang='lat' dir='ltr'>sui</span> <span class='ocrx_word' id='word_1_194' title='bbox 407 3931 543 4002; x_wconf 89' lang='lat' dir='ltr'>actitata</span> <span class='ocrx_word' id='word_1_195' title='bbox 569 3940 650 4002; x_wconf 94' lang='lat' dir='ltr'>sunt</span> <span class='ocrx_word' id='word_1_196' title='bbox 675 3952 790 4003; x_wconf 90' lang='lat' dir='ltr'>coram</span> <span class='ocrx_word' id='word_1_197' title='bbox 809 3952 869 4020; x_wconf 91' lang='lat' dir='ltr'>eo,</span> <span class='ocrx_word' id='word_1_198' title='bbox 890 3940 925 4002; x_wconf 90' lang='lat' dir='ltr'>et</span> <span class='ocrx_word' id='word_1_199' title='bbox 941 3932 1088 4025; x_wconf 87' lang='lat' dir='ltr'>receptis</span> <span class='ocrx_word' id='word_1_200' title='bbox 1114 3930 1199 4025; x_wconf 90' lang='lat' dir='ltr'>ipsis</span> <span class='ocrx_word' id='word_1_201' title='bbox 1225 3931 1513 4024; x_wconf 86' lang='lat' dir='ltr'>quaternionibus</span> <span class='ocrx_word' id='word_1_202' title='bbox 1535 3941 1630 4004; x_wconf 88' lang='lat' dir='ltr'>tran·</span> 
     </span>
     <span class='ocr_line' id='line_1_25' title="bbox 210 4052 1627 4148; baseline 0.001 -23"><span class='ocrx_word' id='word_1_203' title='bbox 210 4055 342 4126; x_wconf 87' lang='lat' dir='ltr'>scribas</span> <span class='ocrx_word' id='word_1_204' title='bbox 359 4077 405 4127; x_wconf 86' lang='lat' dir='ltr'>ex</span> <span class='ocrx_word' id='word_1_205' title='bbox 422 4055 473 4127; x_wconf 88' lang='lat' dir='ltr'>ais</span> <span class='ocrx_word' id='word_1_206' title='bbox 492 4053 607 4126; x_wconf 86' lang='lat' dir='ltr'>omnin</span> <span class='ocrx_word' id='word_1_207' title='bbox 626 4065 703 4126; x_wconf 89' lang='lat' dir='ltr'>acta</span> <span class='ocrx_word' id='word_1_208' title='bbox 721 4054 969 4126; x_wconf 87' lang='lat' dir='ltr'>sententiarum</span> <span class='ocrx_word' id='word_1_209' title='bbox 986 4075 1057 4148; x_wconf 89' lang='lat' dir='ltr'>que</span> <span class='ocrx_word' id='word_1_210' title='bbox 1073 4053 1109 4124; x_wconf 93' lang='lat' dir='ltr'>in</span> <span class='ocrx_word' id='word_1_211' title='bbox 1124 4052 1255 4126; x_wconf 89' lang='lat' dir='ltr'>eisdem</span> <span class='ocrx_word' id='word_1_212' title='bbox 1270 4054 1444 4126; x_wconf 80' lang='lat' dir='ltr'>inveneris</span> <span class='ocrx_word' id='word_1_213' title='bbox 1462 4056 1627 4128; x_wconf 88' lang='lat' dir='ltr'>contineri</span> 
     </span>
     <span class='ocr_line' id='line_1_26' title="bbox 211 4175 1626 4273; baseline -0.001 -23"><span class='ocrx_word' id='word_1_214' title='bbox 211 4175 360 4251; x_wconf 82' lang='lat' dir='ltr'>fideliter</span> <span class='ocrx_word' id='word_1_215' title='bbox 376 4192 411 4250; x_wconf 89' lang='lat' dir='ltr'>ct</span> <span class='ocrx_word' id='word_1_216' title='bbox 427 4177 599 4270; x_wconf 88' lang='lat' dir='ltr'>distincte,</span> <span class='ocrx_word' id='word_1_217' title='bbox 615 4199 656 4250; x_wconf 91' lang='lat' dir='ltr'>ac</span> <span class='ocrx_word' id='word_1_218' title='bbox 672 4199 714 4250; x_wconf 87' lang='lat' dir='ltr'>ea</span> <span class='ocrx_word' id='word_1_219' title='bbox 734 4177 891 4267; x_wconf 80' lang='lat' dir='ltr'>assignes</span> <span class='ocrx_word' id='word_1_220' title='bbox 905 4175 1108 4249; x_wconf 87' lang='lat' dir='ltr'>Boamnndo</span> <span class='ocrx_word' id='word_1_221' title='bbox 1121 4176 1264 4250; x_wconf 91' lang='lat' dir='ltr'>Pissono</span> <span class='ocrx_word' id='word_1_222' title='bbox 1274 4176 1461 4270; x_wconf 88' lang='lat' dir='ltr'>justitiario</span> <span class='ocrx_word' id='word_1_223' title='bbox 1475 4177 1626 4273; x_wconf 84' lang='lat' dir='ltr'>Aprutii,</span> 
     </span>
     <span class='ocr_line' id='line_1_27' title="bbox 211 4299 1625 4397; baseline -0.001 -24"><span class='ocrx_word' id='word_1_224' title='bbox 211 4311 251 4373; x_wconf 93' lang='lat' dir='ltr'>nt</span> <span class='ocrx_word' id='word_1_225' title='bbox 266 4323 327 4396; x_wconf 90' lang='lat' dir='ltr'>per</span> <span class='ocrx_word' id='word_1_226' title='bbox 343 4323 424 4374; x_wconf 92' lang='lat' dir='ltr'>eum</span> <span class='ocrx_word' id='word_1_227' title='bbox 448 4301 594 4395; x_wconf 86' lang='lat' dir='ltr'>inceptis</span> <span class='ocrx_word' id='word_1_228' title='bbox 617 4301 736 4372; x_wconf 89' lang='lat' dir='ltr'>litibus</span> <span class='ocrx_word' id='word_1_229' title='bbox 760 4321 876 4373; x_wconf 88' lang='lat' dir='ltr'>coram</span> <span class='ocrx_word' id='word_1_230' title='bbox 895 4299 1072 4372; x_wconf 86' lang='lat' dir='ltr'>nominato</span> <span class='ocrx_word' id='word_1_231' title='bbox 1089 4301 1131 4371; x_wconf 88' lang='grc' dir='ltr'>Η.</span> <span class='ocrx_word' id='word_1_232' title='bbox 1159 4299 1238 4372; x_wconf 86' lang='lat' dir='ltr'>finis</span> <span class='ocrx_word' id='word_1_233' title='bbox 1256 4300 1395 4373; x_wconf 90' lang='lat' dir='ltr'>debitus</span> <span class='ocrx_word' id='word_1_234' title='bbox 1415 4301 1625 4397; x_wconf 84' lang='lat' dir='ltr'>imponatur.</span> 
     </span>
     <span class='ocr_line' id='line_1_28' title="bbox 211 4423 1626 4518; baseline 0.001 -21"><span class='ocrx_word' id='word_1_235' title='bbox 211 4423 283 4497; x_wconf 89' lang='lat' dir='ltr'>Nos</span> <span class='ocrx_word' id='word_1_236' title='bbox 310 4426 402 4498; x_wconf 90' lang='lat' dir='ltr'>enim</span> <span class='ocrx_word' id='word_1_237' title='bbox 422 4424 546 4497; x_wconf 89' lang='lat' dir='ltr'>damus</span> <span class='ocrx_word' id='word_1_238' title='bbox 569 4445 630 4518; x_wconf 92' lang='lat' dir='ltr'>per</span> <span class='ocrx_word' id='word_1_239' title='bbox 655 4435 792 4496; x_wconf 89' lang='lat' dir='ltr'>nostras</span> <span class='ocrx_word' id='word_1_240' title='bbox 817 4424 951 4496; x_wconf 82' lang='lat' dir='ltr'>lictores</span> <span class='ocrx_word' id='word_1_241' title='bbox 972 4423 1007 4494; x_wconf 95' lang='lat' dir='ltr'>in</span> <span class='ocrx_word' id='word_1_242' title='bbox 1031 4424 1203 4497; x_wconf 88' lang='lat' dir='ltr'>mandatis</span> <span class='ocrx_word' id='word_1_243' title='bbox 1225 4424 1338 4498; x_wconf 86' lang='lat' dir='ltr'>eidem</span> <span class='ocrx_word' id='word_1_244' title='bbox 1357 4427 1397 4496; x_wconf 89' lang='lat' dir='ltr'>B.</span> <span class='ocrx_word' id='word_1_245' title='bbox 1415 4426 1626 4517; x_wconf 88' lang='lat' dir='ltr'>justiciari0,</span> 
     </span>
     <span class='ocr_line' id='line_1_29' title="bbox 212 4548 1630 4645; baseline 0.002 -26"><span class='ocrx_word' id='word_1_246' title='bbox 212 4555 251 4619; x_wconf 89' lang='lat' dir='ltr'>nt</span> <span class='ocrx_word' id='word_1_247' title='bbox 266 4548 510 4643; x_wconf 89' lang='lat' dir='ltr'>transcriptum</span> <span class='ocrx_word' id='word_1_248' title='bbox 528 4559 669 4620; x_wconf 88' lang='lat' dir='ltr'>actuum</span> <span class='ocrx_word' id='word_1_249' title='bbox 697 4548 851 4643; x_wconf 89' lang='lat' dir='ltr'>ipsorum</span> <span class='ocrx_word' id='word_1_250' title='bbox 875 4569 896 4620; x_wconf 93' lang='lat' dir='ltr'>a</span> <span class='ocrx_word' id='word_1_251' title='bbox 916 4557 949 4620; x_wconf 88' lang='lat' dir='ltr'>te</span> <span class='ocrx_word' id='word_1_252' title='bbox 966 4549 1109 4643; x_wconf 88' lang='lat' dir='ltr'>recipiat</span> <span class='ocrx_word' id='word_1_253' title='bbox 1131 4557 1165 4620; x_wconf 90' lang='lat' dir='ltr'>et</span> <span class='ocrx_word' id='word_1_254' title='bbox 1186 4570 1309 4621; x_wconf 88' lang='lat' dir='ltr'>causas</span> <span class='ocrx_word' id='word_1_255' title='bbox 1324 4549 1498 4642; x_wconf 78' lang='lat' dir='ltr'>singulas,</span> <span class='ocrx_word' id='word_1_256' title='bbox 1527 4559 1630 4645; x_wconf 90' lang='lat' dir='ltr'>prout</span> 
     </span>
     <span class='ocr_line' id='line_1_30' title="bbox 210 4671 1630 4768; baseline 0.001 -24"><span class='ocrx_word' id='word_1_257' title='bbox 210 4681 343 4768; x_wconf 82' lang='lat' dir='ltr'>spectat</span> <span class='ocrx_word' id='word_1_258' title='bbox 360 4671 405 4746; x_wconf 91' lang='lat' dir='ltr'>ad</span> <span class='ocrx_word' id='word_1_259' title='bbox 423 4672 575 4745; x_wconf 91' lang='lat' dir='ltr'>officinm</span> <span class='ocrx_word' id='word_1_260' title='bbox 596 4695 724 4764; x_wconf 92' lang='lat' dir='ltr'>suum,</span> <span class='ocrx_word' id='word_1_261' title='bbox 742 4671 904 4746; x_wconf 90' lang='lat' dir='ltr'>discutiat</span> <span class='ocrx_word' id='word_1_262' title='bbox 923 4680 957 4746; x_wconf 91' lang='lat' dir='ltr'>et</span> <span class='ocrx_word' id='word_1_263' title='bbox 976 4671 1179 4746; x_wconf 87' lang='lat' dir='ltr'>determinet</span> <span class='ocrx_word' id='word_1_264' title='bbox 1201 4673 1248 4746; x_wconf 93' lang='lat' dir='ltr'>ad</span> <span class='ocrx_word' id='word_1_265' title='bbox 1264 4671 1415 4747; x_wconf 88' lang='lat' dir='ltr'>debitam</span> <span class='ocrx_word' id='word_1_266' title='bbox 1431 4671 1630 4746; x_wconf 89' lang='lat' dir='ltr'>instantiam</span> 
     </span>
    </p>
   </div>
   <div class='ocr_carea' id='block_1_7' title="bbox 1670 2316 1826 2470">
    <p class='ocr_par' dir='ltr' id='par_1_10' title="bbox 1670 2316 1826 2470">
     <span class='ocr_line' id='line_1_31' title="bbox 1688 2316 1790 2414; baseline -0.02 0"><span class='ocrx_word' id='word_1_267' title='bbox 1688 2316 1790 2414; x_wconf 58' lang='lat' dir='ltr'>bitti„</span> 
     </span>
     <span class='ocr_line' id='line_1_32' title="bbox 1670 2402 1826 2470; baseline 0.019 -4"><span class='ocrx_word' id='word_1_268' title='bbox 1670 2425 1684 2466; x_wconf 78' lang='grc'>9</span> <span class='ocrx_word' id='word_1_269' title='bbox 1692 2402 1826 2470; x_wconf 71' lang='lat' dir='ltr'>novembris.</span> 
     </span>
    </p>
   </div>
   <div class='ocr_carea' id='block_1_8' title="bbox 0 0 2128 5892">
    <p class='ocr_par' dir='ltr' id='par_1_11' title="bbox 0 0 2128 5892">
     <span class='ocr_line' id='line_1_33' title="bbox 0 0 2128 5892; baseline 0 0"><span class='ocrx_word' id='word_1_270' title='bbox 0 0 2128 5892; x_wconf 95' lang='lat' dir='ltr'> </span> 
     </span>
    </p>
   </div>
  </div>
 </body>
</html>
