4350 5922
484 575 523 636 12
949 565 952 574 ’
982 573 1195 635 uutuuulci
1219 573 1392 634 sscuuoi
1704 571 1784 650 [Aura.
1803 572 1889 633 1237.

482 709 652 782 cautelam
670 708 957 782 abundantiorem
975 720 1015 780 nt
1033 709 1062 782 si
1078 709 1220 803 quando
1235 729 1299 781 nos
1316 708 1372 780 vel
1389 716 1541 801 posteros
1558 715 1690 780 nostros
1704 707 1820 780 datam
1836 709 1892 781 vel

484 832 695 924 adjutorium
713 832 1039 927 quomodocumque
1051 854 1181 928 ponere
1192 831 1372 925 contigerit
1390 850 1452 924 pro
1470 851 1730 923 usquecunque
1743 830 1789 902 ad
1803 853 1891 924 opus

482 965 637 1028 nostrum
654 955 691 1025 in
705 955 844 1028 abbatia
862 968 979 1028 nostra
997 957 1214 1046 Cassinensi,
1236 976 1300 1028 vos
1316 954 1390 1024 sitis
1404 953 1503 1024 liberi
1526 961 1560 1024 et
1582 952 1772 1040 immunes,
1789 963 1824 1025 et
1845 953 1890 1026 de

480 1081 591 1174 gratia
606 1078 746 1172 speciali
767 1080 812 1150 ab
827 1078 1026 1152 hominibus
1040 1101 1128 1173 quos
1151 1101 1245 1151 nuno
1264 1077 1398 1150 habetis
1417 1077 1453 1148 in
1475 1085 1566 1148 terra
1584 1077 1697 1148 Sancti
1713 1076 1889 1150 Benedicti

479 1203 537 1273 vel
567 1201 603 1271 in
631 1209 732 1272 antea
760 1199 889 1273 habere
921 1201 1076 1296 poteritis
1104 1211 1233 1296 partem
1262 1202 1400 1273 collecto
1426 1201 1520 1294 ipsos
1549 1200 1801 1292 contingentem
1828 1221 1890 1294 per

479 1323 613 1416 bajulos
629 1335 764 1396 nostros
781 1325 838 1396 vei
853 1334 987 1396 vestros
996 1327 1099 1418 juxta
1116 1325 1317 1397 electionem
1331 1331 1481 1396 vestram
1497 1322 1637 1415 exigere
1651 1332 1685 1394 ct
1700 1323 1827 1395 habere
1844 1323 1889 1396 ad

478 1468 568 1543 opus
581 1457 747 1539 vestrum,
765 1459 799 1520 et
817 1457 855 1519 ut
868 1449 971 1520 vobis
990 1449 1089 1552 liceat
1103 1430 1148 1518 ab
1165 1445 1363 1520 hominibus
1381 1445 1464 1542 ipsis
1478 1447 1630 1540 recipere
1645 1447 1888 1539 quandocum-

478 1593 548 1664 que
572 1573 739 1665 placuerit
762 1570 935 1644 fideiitutis
958 1581 993 1644 et
1018 1571 1178 1662 homagii
1197 1579 1467 1661 sacramentum,
1491 1570 1587 1642 salva
1611 1569 1648 1640 in
1675 1569 1836 1641 omnibus
1854 1579 1888 1642 et

477 1715 540 1788 per
571 1695 685 1766 omnia
716 1693 881 1767 fidelitate
912 1693 1031 1767 domni
1059 1695 1275 1790 imperatoris
1300 1705 1336 1767 et
1366 1703 1482 1766 nostra
1514 1703 1549 1765 et
1576 1693 1773 1766 monasterii
1805 1693 1887 1765 Cas—

477 1817 636 1889 sinensis.
653 1819 696 1888 Et
710 1839 771 1910 pro
785 1817 850 1889 huc
862 1828 975 1889 nostra
990 1818 1128 1890 datione
1145 1828 1180 1890 et
1197 1818 1416 1890 concessione
1433 1816 1627 1911 recepimus
1641 1816 1773 1888 avobis
1784 1839 1887 1908 gran·

477 1939 535 2012 dia
547 1949 582 2012 et
598 1940 701 2012 valde
717 1943 816 2013 utilia
831 1942 972 2012 servitia
987 1952 1022 2014 et
1039 1916 1163 2034 viginti
1178 1941 1298 2014 uncias
1317 1941 1399 2014 boni
1416 1940 1492 2012 euri
1514 1939 1560 2012 ad
1576 1941 1735 2030 generale
1749 1939 1887 2034 pondus

476 2063 573 2156 regni
590 2085 652 2157 pro
667 2063 868 2156 urgentibus
886 2065 1146 2136 necessitatibus
1158 2074 1192 2136 et
1209 2064 1334 2137 debitis
1347 2064 1476 2157 quibus
1493 2062 1671 2136 tenebatur
1687 2063 1887 2136 cassinense

475 2177 734 2257 monasterium.
750 2187 932 2282 Propterea
946 2188 1169 2260 concedimus
1184 2187 1286 2260 vobis
1300 2187 1462 2281 magistro
1474 2187 1572 2258 Petro
1586 2197 1625 2257 ut
1639 2187 1668 2258 si
1686 2187 1885 2282 magistrum

475 2307 691 2402 Raynaldum
718 2309 764 2381 de
788 2311 884 2381 Caira
915 2309 1130 2402 conjudicem
1155 2319 1307 2384 vestrum
1337 2311 1484 2404 premori
1510 2309 1705 2401 contigerit,
1731 2333 1795 2383 vos
1823 2312 1885 2384 soii

474 2431 679 2505 remaneatis
693 2433 728 2503 in
741 2433 853 2505 officio
865 2435 1060 2525 judicatus,
1077 2435 1173 2506 nullo
1191 2436 1258 2507 aiio
1276 2435 1375 2509 vobis
1392 2434 1573 2526 adjuncto,
1590 2457 1668 2505 cum
1688 2457 1778 2506 unus
1792 2435 1885 2506 solus

469 2549 581 2646 judex
602 2566 636 2627 et
654 2556 844 2628 advocatus
867 2557 1078 2630 Cassinensis
1099 2557 1226 2631 debeat
1247 2568 1282 2630 et
1301 2557 1519 2631 consueverit
1542 2579 1619 2630 esse
1639 2559 1675 2628 in
1697 2566 1769 2630 tota
1795 2567 1884 2630 terra

472 2681 669 2751 monasterii
683 2679 892 2752 Cassinensis
910 2689 943 2752 et
961 2703 1006 2754 ex
1022 2694 1098 2777 post
1115 2704 1212 2754 sacro
1226 2683 1273 2778 (a)
1286 2683 1464 2754 manifesto
1478 2681 1702 2775 cognovimus
1720 2681 1884 2776 magistro

470 2801 647 2896 RaynaIdo
661 2803 774 2875 officio
789 2803 964 2894 judicatus
987 2806 1112 2896 injuste
1134 2807 1343 2878 concessisse
1356 2805 1403 2901 (b)
1423 2829 1443 2878 a
1461 2806 1552 2879 hone
1577 2805 1741 2878 memorie
1759 2805 1884 2878 abbate

471 2923 646 3018 Stephano
663 2925 906 3019 predecessore
922 2939 1037 3000 nostro
1054 2928 1154 3000 vobis
1173 2929 1282 3022 primo
1300 2928 1451 3021 legitime
1468 2949 1683 3000 concessum.
1709 2926 1764 2999 Ad
1784 2928 1884 3019 cujus

469 3048 520 3120 rei
544 3051 744 3120 memoriam
774 3060 809 3121 et
837 3061 1038 3146 perpetuam
1067 3049 1261 3124 firmitatem
1287 3051 1354 3124 hoc
1382 3051 1428 3124 de
1456 3051 1617 3125 omnibus
1643 3049 1883 3144 suprascriptis

470 3171 636 3265 ¹seriptum
661 3171 735 3243 fieri
759 3173 902 3245 fecimus
927 3174 1032 3246 nostri
1058 3175 1159 3266 sigilii
1184 3175 1375 3247 munimine
1401 3175 1612 3248 roboratum.
1638 3173 1763 3246 Actum
1787 3172 1883 3268 apud

469 3295 632 3364 Sanctum
649 3294 875 3386 Germanum,
895 3317 987 3368 auno
1005 3297 1142 3367 Domini
1160 3298 1389 3388 MCCXXXV,
1409 3319 1526 3371 mense
1543 3297 1672 3389 madii,
1694 3298 1882 3371 indictione

469 3423 607 3488 octava.
1125 3503 1127 3506 ¹

518 3541 586 3611 Nos
611 3539 717 3633 igitur
741 3542 957 3614 attendentes
985 3541 1089 3616 fidem
1120 3565 1242 3639 puram
1273 3555 1307 3616 et
1329 3543 1549 3617 devotionem
1574 3565 1679 3646 quam
1704 3545 1882 3639 prodictus

469 3662 632 3754 magister
648 3663 768 3736 Petrus
781 3665 827 3736 ad
847 3675 997 3738 nostram
1013 3688 1147 3762 semper
1161 3667 1284 3739 habuit
1294 3664 1340 3760 (c)
1355 3670 1567 3761 majestatem
1582 3689 1716 3740 necnon
1732 3679 1767 3740 et
1782 3675 1880 3760 grata

469 3783 609 3856 servitia
630 3805 699 3877 que
723 3785 920 3859 celsitudini
941 3797 1056 3861 nostre
1076 3789 1243 3861 hactenus
1265 3789 1426 3861 exhibuit
1451 3798 1485 3860 et
1506 3789 1672 3862 exhibere
1695 3789 1819 3885 poterit
1842 3791 1879 3860 iu

469 3915 571 3979 antea
595 3907 760 3999 gratiora,
789 3909 1010 4004 privilegium
1031 3913 1302 4008 suprascriptum
1326 3913 1363 3983 in
1388 3913 1552 3985 omnibus
1580 3921 1615 3984 et
1642 3913 1788 4006 singuiis
1807 3913 1880 3984 suis

468 4031 625 4126 partibus
640 4029 704 4102 sibi
719 4039 753 4103 et
768 4031 923 4125 predicto
936 4034 1111 4107 Theodino
1125 4036 1211 4130 patri
1225 4057 1289 4108 suo
1305 4035 1350 4108 de
1362 4036 1471 4129 gratia
1483 4043 1599 4109 nostra
1613 4034 1781 4108 duximus
1797 4055 1879 4108 con·

469 4151 695 4242 firmandum3
716 4147 920 4228 mandantes
930 4167 1101 4250 quatenus
1113 4161 1228 4231 nullus
1239 4157 1284 4230 sit
1297 4159 1358 4252 qui
1374 4159 1466 4254 ipsos
1480 4169 1597 4231 contra
1615 4159 1786 4252 privilegii
1802 4179 1880 4254 pre·

469 4275 554 4350 dicti
573 4285 726 4350 tenorem
744 4278 780 4348 iu
797 4279 914 4374 aliquo
932 4283 1114 4355 molestare
1131 4291 1191 4354 aut
1215 4283 1381 4377 impedire
1397 4290 1585 4378 presumat.
1606 4281 1708 4367 Quod
1723 4282 1785 4375 qui
1803 4302 1880 4376 pre·

508 4434 551 4516 (a)
574 4437 634 4511 Sic,
648 4437 771 4498 forsitan
784 4440 866 4502 said.

509 4537 550 4618 (b)
572 4539 742 4619 Legenoum
754 4547 853 4602 umen
867 4539 1049 4620 ficiumw
1064 4559 1223 4604 mmmmm
1238 4561 1305 4606 crac.

509 4642 548 4722 (c)
569 4647 605 4706 In
618 4648 759 4723 impresso
772 4644 862 4726 opud,
878 4649 964 4738 maie.
