4228 5892
525 571 587 634 406
1025 574 1237 640 Fllllllllllill
1257 577 1429 640 secubet
1744 578 1827 662 [dus.
1846 580 1931 644 lm.

525 707 640 792 Quare
652 705 861 780 mandamus
872 717 907 780 et
924 709 1133 805 precipimus
1146 712 1247 786 vobis
1264 721 1436 808 quatenus
1457 731 1479 784 a
1498 710 1598 807 lapsu
1618 711 1685 784 sibi
1703 711 1777 786 dnti
1797 713 1934 788 termini

525 837 643 902 corba
664 829 826 905 eumdem
844 831 1003 906 comitem
1024 833 1061 905 in
1083 835 1238 930 predicta
1258 837 1394 912 malicia
1413 833 1656 932 perdurantem
1671 845 1838 932 uuquam
1852 859 1932 934 pro-

525 952 670 1027 ditorem
690 961 724 1026 et
744 954 877 1028 bostem
902 965 1056 1030 nostrum
1081 967 1116 1030 et
1137 959 1269 1056 imperii
1296 959 1505 1034 unanimiter
1531 959 1738 1056 insurgatis,
1758 981 1834 1034 nna
1854 983 1932 1034 cum

525 1075 601 1148 aliis
617 1077 742 1150 nostris
756 1075 918 1152 fidelibus
932 1080 978 1154 ad
993 1103 1056 1154 sue
1069 1091 1232 1178 perpetue
1246 1083 1460 1158 confusionis
1477 1083 1703 1179 opprobrium
1720 1083 1929 1158 insistentes.

525 1197 680 1292 Cumque
697 1220 760 1273 vos
777 1201 852 1274 sitis
868 1203 903 1274 in
920 1203 1043 1278 eodem
1061 1227 1170 1300 regno
1186 1217 1304 1280 nostre
1317 1207 1497 1304 speculum
1513 1205 1596 1280 lidei
1615 1207 1778 1302 speciale,
1791 1207 1933 1303 prodeat

524 1324 720 1418 exemplum
736 1324 783 1399 ad
801 1347 921 1400 omnes
945 1350 992 1402 ex
1011 1339 1202 1404 vestrorum
1222 1353 1367 1428 opernm
1381 1334 1475 1424 luce,
1495 1329 1593 1426 quod
1611 1339 1744 1404 eeteros
1766 1330 1814 1405 ad
1829 1331 1931 1405 iidem

525 1448 719 1521 corroboret
749 1459 784 1522 et
817 1449 986 1526 adversus
1016 1455 1209 1549 proditores
1242 1467 1376 1532 nosnos
1407 1454 1620 1552 premunitus
1649 1475 1770 1528 eorum
1805 1455 1933 1529 excitet

523 1571 732 1646 voluntates.

753 1857 1106 1868 ο-ο-ωιιι-ι---ι--ι---οισα-
1112 1857 1710 1872 -ῄκ--ι--ιοοσ--ι--α-Ιῌ

433 2210 453 2242 2,
576 2132 810 2240 Fridericus,
849 2131 1109 2215 Romanorum
1140 2131 1366 2240 imperator,
1406 2129 1932 2241 notificat11egil'ranciae]

523 2289 699 2346 excessus
717 2262 867 2346 comitis
884 2261 1102 2362 Provinciae
1119 2264 1159 2344 in
1177 2289 1297 2374 regno
1316 2261 1542 2371 Arelatensi,
1557 2271 1595 2345 et
1611 2259 1796 2346 beneficia
1811 2259 1931 2344 eidem

525 2421 548 2478 a
566 2421 607 2478 se
624 2394 817 2478 multoties
835 2393 972 2477 collata
986 2405 1275 2479 commemorat.

606 2595 739 2675 (Edlder.
756 2596 905 2657 muns
918 2602 949 2657 et
964 2597 1107 2676 Duram
1123 2592 1260 2675 Amplior.
1277 2591 1434 2674 aalma
1456 2595 1499 2671 11,
1513 2595 1569 2657 col.
1592 2601 1686 2668 11423
1698 2593 1767 2656 coll.
1778 2608 1848 2657 cnm
1863 2592 1927 2656 cod.

641 2699 719 2764 Bibl.
735 2702 831 2764 cosan
849 2703 958 2780 Parta,
965 2699 1059 2783 sends
1072 2701 1107 2764 S.
1124 2698 1401 2782 darneio-Hm,
1413 2711 1448 2764 n·
1461 2709 1533 2778 tut,
1547 2700 1666 2780 paral.)

570 2863 726 2972 Dignum
743 2873 910 2948 dommus
929 2872 976 2947 ad
1002 2884 1151 2948 vestram
1173 2875 1298 2948 reione
1318 2873 1483 2948 noticiam
1505 2893 1574 2968 que
1594 2893 1707 2970 nuper
1729 2881 1848 2946 contra
1868 2892 1930 2945 nos

522 3009 557 3074 et
581 3000 763 3096 imperium
787 3021 847 3095 per
850 3051 1102 3071 .......
1132 2999 1290 3072 comitem
1306 2999 1486 3072 Provincie
1509 3018 1668 3070 socerum
1693 3005 1866 3087 veebum,
1886 2996 1930 3069 de

524 3127 625 3218 cujus
650 3123 721 3197 lide
741 3123 957 3220 potissimum
979 3123 1221 3218 sperabamus,
1240 3131 1352 3222 preter
1373 3144 1469 3218 spem
1491 3131 1525 3195 et
1542 3121 1738 3217 opinionem
1761 3127 1927 3210 nostram,

522 3259 637 3345 preter
653 3247 844 3322 exhibitam
868 3245 1004 3320 dudum
1024 3268 1047 3320 a
1071 3247 1171 3321 nobis
1196 3257 1231 3320 et
1254 3247 1428 3319 obtentam
1449 3245 1496 3318 ab
1515 3267 1557 3319 eo
1578 3254 1695 3318 nostre
1718 3243 1929 3316 liberalitatis

522 3373 684 3466 gratiam,
710 3381 823 3467 preter
840 3371 1027 3444 nobilitatis
1048 3379 1083 3443 et
1108 3369 1280 3444 fidelitatis
1302 3369 1458 3442 debitum
1476 3391 1546 3464 quo
1569 3377 1704 3441 tenetur
1727 3366 1926 3459 adstrictus,

521 3489 587 3590 [in]
606 3493 766 3588 injuriam
788 3501 991 3566 nostramet
1008 3493 1143 3590 imperii
1161 3493 1378 3566 manifestam
1401 3493 1539 3566 luerunt
1563 3493 1599 3564 in
1616 3513 1724 3586 regno
1742 3489 1928 3563 Arelatensi

521 3617 704 3690 enormiter
728 3625 942 3712 attemptata;
965 3618 1061 3712 quod
1079 3626 1315 3713 presumptum
1340 3617 1437 3690 naias
1458 3627 1493 3691 et
1512 3617 1695 3690 commissa
1715 3616 1889 3688 temeritas
1908 3636 1928 3688 a

520 3761 592 3833 quo
605 3737 655 3835 (a)
668 3739 754 3812 fides
771 3740 860 3813 inter
876 3739 1032 3812 homines
1050 3741 1164 3812 locum
1175 3741 1311 3832 habuit,
1325 3741 1464 3812 luerunt
1474 3737 1641 3812 inaudita.
1655 3739 1744 3810 Sane
1758 3745 1797 3809 ut
1814 3737 1927 3831 ingra-

519 3863 632 3937 titudo
658 3863 814 3960 predicta
835 3871 869 3937 et
889 3863 1014 3966 patruli
1037 3864 1197 3938 facinoris
1220 3865 1369 3957 cumen,
1396 3885 1467 3960 que
1491 3863 1558 3936 sibi
1581 3873 1699 3936 notam
1720 3859 1927 3935 infidelitatis

520 3986 733 4080 impingunt,
752 3985 1012 4059 excusationem
1030 4008 1099 4060 non
1119 3987 1227 4084 possit
1242 3987 1278 4059 in
1298 3985 1373 4060 suis
1390 3987 1595 4060 excessibus
1610 3983 1784 4079 invenire,
1805 3983 1870 4058 sed
1886 3983 1927 4058 ab

518 4109 734 4204 experientia
751 4119 864 4182 nostre
886 4111 993 4204 gratie
1020 4111 1133 4183 dictus
1155 4132 1270 4186 comes
1294 4111 1544 4185 rationabiliter
1568 4111 1767 4198 erubescat,
1789 4109 1926 4204 prestita

518 4233 585 4304 sibi
603 4253 664 4327 per
680 4254 743 4306 nos
760 4241 795 4304 et
812 4231 993 4328 imperinm
1006 4233 1176 4309 beneficia
1192 4237 1354 4310 volumus
1367 4235 1550 4310 recenseri.
1567 4235 1657 4310 Olim
1675 4233 1786 4326 enim,
1803 4254 1925 4306 secun·

518 4356 602 4428 dum
625 4377 737 4429 mores
763 4365 797 4430 et
818 4357 1086 4432 consuetudines
1114 4360 1248 4456 imperii
1273 4357 1500 4456 approbatas,
1525 4357 1608 4431 dum
1639 4378 1729 4430 anno
1757 4355 1804 4428 ab
1830 4355 1924 4429 obitu

518 4481 622 4574 patris
643 4481 759 4576 elapso
781 4491 982 4578 recepturus
1006 4481 1228 4556 bonorumet
1251 4492 1377 4558 terram
1401 4505 1519 4576 suam,
1543 4491 1692 4556 noscam
1719 4481 1811 4553 sicut
1830 4489 1924 4554 tene·

559 4674 600 4755 (a)
619 4675 803 4738 subauditur
820 4683 952 4758 tempore.
