4228 5892
963 507 1178 570 balnearet
1203 509 1377 572 saeuum
1690 507 1768 590 [arr.
1785 507 1873 572 1239.

258 1106 436 1164 [aarum]
518 1071 750 1180 Fridcricus‚
776 1075 1036 1157 Romanorum
1057 1075 1276 1184 imperator,
1295 1075 1512 1160 laudenses
1528 1075 1659 1160 fideles
1685 1101 1776 1159 suos
1799 1101 1873 1158 ex-

465 1203 566 1287 tollit
582 1214 620 1286 et
635 1203 839 1312 confortat,
858 1205 1057 1288 intendens
1074 1207 1129 1289 eis
1147 1207 1271 1290 modis
1292 1208 1473 1292 omnibus
1499 1209 1675 1292 assistere
1691 1208 1874 1291 nuntios-

466 1361 542 1446 que
558 1335 716 1418 remittit
732 1336 925 1445 expeditos
943 1337 1186 1446 petitionibus
1205 1339 1397 1422 admissis.

549 1547 670 1626 (incdit.
685 1563 724 1608 ex
736 1548 803 1610 cod.
822 1547 962 1608 Bibboth.
981 1546 1080 1610 Gerar.
1095 1547 1202 1622 Paria,
1211 1545 1304 1627 sceda
1321 1548 1356 1610 S.
1378 1547 1472 1610 Germ
1488 1546 1619 1629 Hortus,
1640 1557 1716 1624 455,
1737 1563 1807 1626 pars
1828 1546 1874 1620 11,

587 1653 1871 1734 nrnxxxvl1‚etnruuom.lleuomoncet.urimehuuppcassoparrmmrss,

586 1779 655 1823 cum
668 1761 725 1822 hoc
737 1761 824 1821 titulo
838 1779 846 1820 r
859 1779 876 1819 a
887 1757 999 1840 Populo
1013 1757 1183 1821 Vitcrbicrui
1195 1757 1335 1822 comitans
1346 1779 1445 1822 mrum
1456 1779 1544 1842 npetu
1556 1760 1700 1841 cocsmct
1711 1777 1756 1820 ccc
1772 1755 1874 1838 infide

471 1903 477 1916 ·
580 1863 770 1946 petitionibus
784 1863 926 1926 Mmbrb.
939 1885 955 1925 r
970 1865 1071 1927 lituus
1084 1871 1183 1926 tanim
1193 1873 1283 1942 recte,
1297 1866 1370 1928 dum
1382 1867 1461 1928 clare
1472 1867 1510 1927 de
1528 1865 1732 1928 Laudmstbus
1742 1863 1871 1944 agatur.)

515 2053 734 2144 Fredericus,
768 2062 835 2126 etc.
862 2054 1062 2128 vestrorum
1085 2075 1191 2150 opera
1214 2056 1414 2129 meritorum
1442 2065 1540 2149 grata
1564 2056 1673 2128 relatu
1702 2063 1738 2127 et
1767 2053 1874 2146 digua

467 2179 631 2252 memorie
645 2198 716 2272 que
732 2197 794 2272 pro
811 2175 883 2251 lide
898 2179 1006 2251 nostri
1026 2178 1174 2250 nominis
1192 2189 1228 2252 et
1245 2179 1385 2252 honoris
1402 2179 1621 2252 laudabiliter
1635 2177 1755 2250 Lauda
1774 2175 1870 2264 iacit,

467 2303 522 2376 sui
543 2323 612 2374 non
634 2301 739 2374 oblita
761 2302 921 2397 principii
944 2324 1008 2375 nec
1035 2303 1208 2398 primitive
1227 2303 1446 2377 fundationis
1470 2303 1626 2396 ingrata,
1650 2303 1747 2374 velut
1770 2321 1874 2395 quam

468 2427 576 2499 nostri
594 2424 729 2517 generis
744 2423 1019 2498 manusCesaree
1037 2426 1347 2522 formaverunt(t)‚
1368 2436 1527 2521 prompta
1542 2435 1577 2497 et
1592 2425 1678 2521 ylari
1697 2425 1875 2498 affectione

467 2547 719 2644 persequimur,
736 2545 863 2620 debitis
879 2568 956 2620 earn
970 2547 1134 2621 laudibus
1149 2549 1364 2622 extollentes.
1375 2549 1463 2622 Nam
1479 2570 1558 2622 cum
1576 2549 1697 2622 osseus
1710 2549 1793 2621 olim
1810 2547 1873 2620 sub

467 2672 618 2744 violenta
647 2669 840 2764 predonum
868 2670 1047 2743 invasione
1075 2671 1227 2766 depressi
1255 2671 1467 2762 subjectione
1491 2691 1691 2766 corporum,
1717 2669 1873 2742 cordium

468 2815 552 2868 vero
571 2793 753 2866 voluntate
774 2793 821 2867 ad
838 2793 996 2888 potencie
1015 2803 1130 2866 nostre
1150 2795 1358 2888 presentiam
1382 2794 1594 2889 aspirantes,
1616 2794 1679 2865 ubi
1696 2803 1811 2866 tamen
1830 2791 1874 2865 ad

469 2939 531 2992 vos
556 2917 743 2991 vicinitatis
773 2925 808 2989 et
835 2937 981 3011 persone
1008 2925 1124 2990 nostre
1155 2915 1243 2990 odor
1264 2917 1441 3009 ascendit,
1470 2919 1566 2989 nulla
1594 2924 1665 2989 tarn
1689 2917 1874 2989 vehemens

468 3039 609 3112 inimica
631 3039 763 3112 ratione
787 3037 833 3135 (l)
856 3040 988 3112 coactio
1007 3060 1071 3112 ros
1093 3039 1204 3134 potuit
1229 3039 1384 3114 detinere
1402 3039 1490 3135 quin
1513 3039 1728 3112 excutientes
1747 3061 1812 3112 ros
1833 3038 1876 3112 de

465 3166 552 3258 jugo
577 3161 740 3236 violentie
762 3161 829 3234 sub
852 3183 923 3257 qua
947 3161 1036 3236 tides
1060 3171 1175 3236 vestra
1199 3171 1369 3258 prostrata
1395 3163 1558 3254 latuerat,
1587 3163 1688 3236 nobis
1715 3184 1737 3234 e
1761 3161 1876 3234 vicino

468 3287 601 3364 vocaus
616 3287 799 3361 dedissetis
816 3287 1007 3378 civitatem,
1027 3308 1193 3382 personas
1206 3297 1241 3360 et
1256 3287 1371 3361 omnia
1387 3287 1479 3360 bona
1493 3295 1609 3360 vestra
1625 3287 1661 3358 in
1678 3293 1878 3380 nostramet

364 3489 369 3500 ,
469 3411 603 3506 imperii
616 3411 827 3502 libertatem,
848 3420 888 3483 ut
905 3411 963 3484 via
986 3433 1046 3506 per
1063 3431 1127 3484 vos
1149 3411 1273 3484 nostris
1295 3410 1512 3505 processibus
1535 3409 1571 3482 in
1594 3419 1696 3482 antea
1712 3419 1873 3498 reserata,

469 3532 589 3608 fideles
603 3543 720 3606 nostro
737 3543 971 3606 recrearentur
988 3553 1142 3624 accessu,
1157 3541 1193 3607 et
1209 3533 1239 3606 si
1256 3534 1318 3628 qui
1335 3555 1399 3628 pro
1417 3543 1514 3628 parte
1528 3541 1732 3626 cogerentur
1747 3531 1872 3605 adver·

468 3678 542 3730 sam
567 3656 637 3753 (a),
665 3677 704 3728 se
722 3656 868 3728 libenter
889 3665 1081 3730 averterent
1104 3667 1139 3730 et
1162 3655 1209 3732 ad
1231 3665 1381 3730 nostram
1408 3654 1606 3728 fidelitatem
1633 3663 1704 3726 toto
1729 3673 1874 3726 conver·

468 3787 622 3852 terentur
640 3779 778 3852 affectu.
800 3780 1011 3853 Procedente
1029 3801 1113 3853 vero
1126 3789 1292 3876 tempore,
1308 3779 1388 3852 licet
1407 3779 1612 3852 multociens
1629 3786 1663 3850 et
1678 3779 1873 3872 frequenter

467 3903 514 3977 ad
531 3913 723 3976 vestrarum
749 3903 1057 3998 depopulacionem
1075 3911 1230 3996 segetum
1252 3903 1475 3976 othonorum
1497 3911 1532 3975 et
1553 3900 1729 3997 usquead
1756 3919 1872 3994 perso

467 4048 592 4100 narum
608 4025 758 4121 dampna
780 4027 939 4098 incursus
961 4026 1111 4100 hostium
1127 4025 1322 4116 institisset,
1340 4023 1525 4119 magnifice
1542 4045 1606 4098 vos
1620 4033 1656 4098 et
1669 4023 1875 4096 unanimiter

510 4214 553 4296 (a)
574 4215 728 4292 Quasdam
740 4214 784 4276 ibt
795 4214 895 4276 docem
907 4215 1057 4296 videntur,
1071 4216 1129 4276 nisi
1142 4213 1299 4294 legendum
1312 4215 1352 4276 sit
1364 4211 1522 4276 adomari

502 4501 539 4578 (t)
548 4502 681 4561 lludtur
694 4500 843 4561 laudationi
853 4501 1230 4576 consensurumque
1241 4515 1313 4560 anno
1327 4504 1396 4560 tres
1410 4501 1562 4560 iuuencas
1574 4499 1686 4575 primus,
1696 4499 1875 4556 Romanorum

467 4601 623 4675 imperator,
635 4599 768 4659 aediticari
776 4602 904 4675 jussmat.
