4242 5904
207 628 304 690 lanian.
326 627 388 704 12]
654 625 850 686 HISTORIA
876 627 1169 690 attenuantes.
1557 622 1614 684 acl

289 819 381 897 (Edit.
404 835 452 894 ap.
469 819 596 888 Rosam,
616 817 745 877 Menona
764 815 909 900 Aprdloq„
925 837 955 897 p.
979 828 1054 892 698,
1073 826 1102 879 et
1118 835 1166 895 ap.
1183 819 1363 890 Macaron„
1389 817 1532 896 Saapoor.
1555 833 1615 876 rer.

327 920 436 997 ltalia,
451 929 475 982 t.
492 921 579 996 xv1,
598 939 629 998 p.
652 931 719 982 tot.
734 955 773 970 -
787 921 942 984 Memorat.
969 941 1086 1002 quoquo
1105 941 1154 1001 ap.
1174 923 1302 998 Lmnnr,
1323 921 1419 985 Nolis.
1441 919 1489 983 dcl
1503 919 1616 998 aaut,
1721 939 1731 948 ·

329 1037 353 1090 t.
369 1030 423 1108 IV,
438 1045 467 1106 p.
488 1026 572 1106 tto.)

258 1170 471 1260 fridericus,
490 1171 551 1241 Dei
565 1173 673 1263 gratia
691 1173 924 1244 Romanorum
940 1173 1125 1268 imperator
1143 1192 1277 1265 semper
1296 1179 1484 1265 augustas,
1500 1171 1620 1243 Hieru-

210 1296 315 1368 salem
334 1304 368 1367 et
386 1293 501 1366 Sicilie
517 1314 593 1364 rex.
615 1293 678 1365 Per
693 1313 832 1387 presens
851 1294 1014 1388 scriptum
1040 1303 1159 1366 notum
1173 1291 1247 1365 fleri
1265 1295 1428 1365 volomus
1449 1293 1620 1367 universis

211 1417 345 1513 imperii
362 1415 522 1490 fidelibus
546 1425 615 1488 tam
637 1417 853 1510 presentibus
871 1438 976 1510 quam
1004 1417 1147 1503 tuturis,
1169 1415 1264 1510 quod
1291 1416 1436 1488 dilectus
1460 1417 1621 1512 princeps

212 1549 326 1613 noster
340 1539 543 1612 Bartholdus
562 1539 765 1611 venerabilis
783 1539 978 1634 patriarcba
997 1539 1227 1633 Aquileiensis
1251 1539 1288 1610 in
1316 1547 1429 1610 nostra
1446 1539 1622 1634 proposuit

212 1661 381 1758 presentia
400 1663 621 1750 constitutus,
646 1660 838 1754 quodcum
858 1662 1001 1757 quidam
1021 1661 1057 1733 in
1075 1661 1269 1734 Foro-lulio
1285 1671 1319 1733 et
1340 1661 1374 1732 in
1396 1663 1520 1735 Histria
1539 1663 1622 1734 cxi-

211 1795 354 1874 stentes,
366 1785 427 1878 qui
444 1805 465 1856 a
480 1785 778 1878 predecessoribus
794 1787 866 1857 suis
880 1787 935 1857 vel
951 1788 995 1857 ab
1010 1787 1085 1880 ipso
1099 1809 1161 1880 por
1179 1785 1431 1879 aquilejensem
1443 1787 1622 1859 ecclesiam

212 1905 380 1979 infeudari
405 1918 486 1978 sunt
510 1907 544 1977 in
573 1907 702 1978 mansis
729 1908 849 2001 paucis
872 1909 927 1980 vel
949 1907 1124 2002 plurimis,
1154 1919 1188 1980 et
1210 1907 1494 2002 quandoquidem
1515 1909 1551 1980 in
1574 1910 1624 1982 eis

211 2027 388 2101 obtineant
413 2027 630 2101 advocatiam
652 2029 760 2122 gratia
783 2031 1008 2122 conterentis,
1033 2031 1137 2103 iidem
1155 2030 1322 2102 infeudati
1344 2030 1486 2126 privatis
1506 2053 1624 2105 eorum

212 2151 418 2224 utilitatibus
441 2161 475 2223 et
496 2151 568 2224 suis
588 2152 812 2246 pmventibus
828 2175 897 2226 non
915 2154 1086 2241 contenti,
1112 2153 1157 2226 dc
1175 2153 1299 2224 laturis
1316 2161 1351 2225 et
1366 2153 1442 2224 aliis
1457 2133 1625 2226 crimina-

213 2275 305 2348 libus
321 2275 435 2347 causis
453 2284 487 2347 et
506 2279 623 2369 penis,
641 2275 811 2366 judicium
832 2277 1012 2369 sauguinis
1032 2277 1279 2362 inserentibus,
1296 2285 1330 2347 et
1352 2275 1396 2347 de
1415 2276 1625 2369 quibusdam

213 2423 283 2494 que
297 2409 454 2496 spectant
464 2399 510 2472 ad
524 2421 659 2471 merum
676 2410 710 2472 ct
726 2401 873 2472 mixtum
891 2401 1093 2495 imperium,
1117 2402 1318 2495 quaomnia
1337 2402 1508 2495 pertinent
1521 2403 1625 2494 juris·

215 2525 358 2597 dictioni
376 2523 531 2617 ejusdem
555 2525 722 2620 principis
739 2525 845 2596 nostri
862 2525 992 2597 ratione
1010 2525 1195 2616 regalium,
1215 2545 1253 2597 se
1270 2524 1470 2596 auctoritate
1492 2526 1627 2621 propria

215 2649 463 2735 intromittant,
487 2657 521 2720 et
549 2647 617 2720 boc
640 2655 755 2720 umen
779 2648 869 2720 sieut
893 2647 1033 2735 dicitur,
1056 2646 1152 2740 quod
1176 2667 1313 2718 mansos
1335 2668 1413 2718 cum
1435 2649 1530 2720 omni
1548 2650 1627 2741 jure

215 2771 391 2860 obtinent,
408 2770 455 2843 ad
475 2771 563 2862 juris
576 2771 737 2863 injuriam
751 2779 1003 2866 attemptantes.
1021 2769 1135 2853 Quare
1147 2781 1260 2842 nostre
1277 2769 1472 2842 celsitudini
1489 2773 1628 2867 suppli-

216 2895 330 2986 cavit,
353 2905 390 2967 ut
408 2917 487 2967 eum
505 2895 572 2966 bec
593 2894 710 2966 omnia
736 2907 807 2966 tam
832 2893 1092 2989 predecessores
1112 2894 1166 2965 sui
1195 2915 1298 2987 quam
1323 2895 1397 2989 ipse
1428 2895 1627 2968 auctoritate

217 3019 351 3115 imperii
369 3019 564 3110 obtineant,
585 3019 807 3111 dignaremur
823 3019 1002 3091 temeritati
1018 3019 1284 3114 repugnantium
1300 3018 1462 3106 obviare,
1477 3029 1512 3090 et
1523 3020 1627 3112 Juris·

217 3141 400 3216 dictionem
419 3165 518 3215 suam
537 3163 675 3214 servare
689 3141 821 3234 integre
836 3141 1071 3232 dignaremur.
1086 3141 1171 3214 Cum
1189 3141 1294 3235 igitur
1305 3149 1436 3235 spectet
1448 3142 1495 3214 ad
1512 3143 1627 3238 impa-

218 3267 377 3338 ratoriam
400 3267 611 3358 majestatem
631 3265 825 3360 principum
855 3277 1051 3338 nostrorum
1071 3267 1142 3358 juri
1167 3265 1380 3359 prospicere,
1413 3265 1627 3339 attendentes

219 3391 359 3484 insuper
380 3391 582 3464 immensam
605 3391 822 3464 devotionem
844 3389 990 3484 predicti
1013 3389 1118 3462 nostri
1144 3387 1309 3484 principis
1334 3387 1539 3462 venerabilis
1560 3411 1626 3483 pa-

220 3515 387 3607 triarche,
403 3537 507 3610 quem
528 3515 574 3588 ad
590 3525 704 3588 nostra
718 3525 753 3588 ct
768 3513 903 3610 imperii
919 3515 1058 3588 servitia
1075 3535 1210 3609 semper
1228 3524 1262 3586 et
1278 3513 1408 3607 ubique
1421 3523 1578 3607 paratum
1593 3524 1627 3586 et

221 3638 416 3734 expositum
434 3637 648 3726 invenimus,
666 3649 704 3709 ut
723 3639 757 3710 in
776 3661 839 3710 sua
858 3637 1095 3730 jurisdictione
1112 3637 1272 3730 injuriam
1298 3638 1351 3708 vel
1370 3636 1626 3710 incommodum

222 3783 288 3833 non
311 3761 481 3850 incurrat,
513 3761 701 3856 predictam
723 3761 904 3833 abusivam
924 3760 1209 3834 consuetudinem
1229 3761 1274 3831 ab
1291 3756 1421 3832 eisdem
1440 3760 1627 3833 intendatis

221 3885 413 3974 iuventam,
432 3885 488 3956 vel
514 3883 678 3955 hactenns
702 3885 925 3979 approbatam
950 3887 1086 3980 penitus
1105 3885 1300 3973 abolemus;
1326 3884 1490 3978 presentis
1511 3885 1626 3979 scripti

223 4007 419 4079 auctoritate
442 4007 645 4100 generaliter
669 4007 862 4080 inhibentes
881 4008 977 4102 quod
996 4009 1082 4078 nulli
1101 4006 1302 4079 eorumdem
1319 4006 1573 4079 infeudatorum
1590 4010 1626 4080 in

221 4128 411 4202 Poro-lulio
429 4131 484 4203 vel
505 4129 541 4200 in
558 4130 680 4202 Histria
698 4129 743 4202 de
763 4141 875 4203 cetero
893 4131 993 4202 liceat
1006 4131 1187 4203 occasione
1205 4131 1315 4202 mansi
1332 4132 1387 4202 vel
1404 4151 1623 4220 mansorum,

222 4273 306 4346 quos
323 4253 368 4325 ab
381 4253 557 4348 Aquilensi
576 4254 719 4326 ecclesia
738 4253 917 4326 feudaliter
932 4255 1085 4326 oblinere
1101 4263 1300 4342 noscuntur,
1318 4254 1373 4324 vel
1389 4253 1455 4324 sub
1470 4261 1625 4348 pretextu

222 4373 419 4468 advocatie,
438 4379 493 4448 vel
517 4379 697 4450 occasione
720 4379 925 4474 prescripta,
946 4377 1042 4471 quod
1065 4399 1203 4450 mansos
1220 4379 1300 4448 c'um
1322 4377 1414 4449 omni
1433 4379 1511 4469 jure
1529 4378 1626 4450 obti-

224 4505 344 4582 neant,
362 4517 441 4566 cum
461 4497 606 4568 verbum
623 4497 736 4592 ipsum
752 4521 828 4568 cum
840 4499 929 4568 omni
939 4499 1018 4590 juro
1030 4497 1179 4593 privatas
1198 4507 1232 4569 et
1248 4519 1402 4570 annexas
1418 4499 1503 4594 ipsis
1520 4521 1621 4572 man-

224 4611 268 4683 sis
280 4613 442 4686 utilitates
459 4625 628 4710 exponat,
651 4615 696 4688 de
711 4615 947 4688 criminalibus
965 4617 1099 4705 causis,
1123 4618 1239 4708 fartis,
1257 4617 1549 4712 instigationibus,
1569 4619 1626 4691 vel

226 4733 479 4826 consimilibus,
503 4757 572 4828 que
595 4734 828 4828 adjudicium
847 4735 1026 4831 sanguinis
1049 4737 1105 4808 vel
1133 4759 1265 4810 merum
1290 4747 1325 4810 et
1345 4738 1492 4809 mixtum
1517 4737 1626 4833 impe·

303 4855 341 4918 V.
1429 4868 1462 4922 tt
