4350 5922
516 623 557 684 48
1016 621 1230 683 FlllllElllCl
1257 623 1430 683 secubet
1741 625 1819 710 [Asu.
1842 629 1927 691 1237.

515 781 719 833 conservare
737 758 787 832 eis
803 756 848 830 de
866 767 980 829 nostra
998 757 1107 850 gratia
1126 757 1360 850 dignaremur.
1379 759 1448 830 Nos
1465 759 1582 853 itaque
1601 760 1728 854 pietate
1744 764 1928 859 solitaque

515 884 668 979 personis
695 881 864 976 religiosis
889 882 987 954 lavor
1011 889 1126 953 noster
1152 881 1277 954 adesse
1303 882 1500 974 consuevit,
1528 881 1699 956 dictorum
1724 884 1928 964 devotorum

514 1019 706 1081 nostrornm
723 1005 882 1102 precibus
901 1005 1056 1076 inclinati
1075 1006 1207 1096 graiam
1233 1015 1268 1077 et
1292 1005 1484 1078 libertatem
1506 1006 1665 1078 eamdem
1689 1010 1925 1084 favorabiliter

513 1131 743 1227 approbantes
759 1138 793 1201 et
804 1149 1008 1202 conservare
1025 1129 1196 1220 volentes,
1217 1129 1431 1201 universitati
1450 1139 1563 1202 vestre
1578 1130 1786 1204 mandamus
1799 1144 1834 1205 et
1850 1157 1930 1228 prc-

514 1257 661 1352 cipimus
691 1264 864 1350 quatenns
888 1254 991 1344 juxta
1013 1263 1166 1324 tenorem
1192 1253 1366 1348 privilegii
1393 1253 1478 1326 dicti
1505 1253 1606 1328 ducis
1631 1255 1823 1328 libertatem
1854 1259 1928 1330 sive

513 1383 657 1474 gratiam
674 1379 806 1453 eisdem
822 1377 992 1450 indultam
1007 1386 1077 1450 eta
1093 1387 1208 1450 nostra
1223 1375 1430 1452 celsitudine
1451 1379 1675 1474 approbatam
1689 1380 1735 1453 de
1752 1383 1929 1475 premissis

513 1507 605 1578 vasis
622 1505 695 1577 vini
711 1513 779 1576 tam
795 1503 830 1574 in
844 1501 945 1596 aquis
959 1523 1066 1596 qnam
1082 1501 1232 1574 interris
1247 1525 1310 1597 per
1326 1503 1401 1575 loca
1417 1513 1591 1575 mutarum
1607 1513 1800 1578 nostrarum
1814 1505 1928 1579 invio·

512 1631 661 1704 labiliter
689 1630 740 1703 eis
766 1639 800 1700 et
822 1648 886 1700 sno
917 1627 1124 1699 monasterio
1153 1627 1378 1699 conservetis.
1408 1627 1617 1722 Quicunque
1642 1641 1759 1701 antem
1785 1629 1925 1702 eosdem

512 1758 632 1828 iratres
654 1763 770 1826 contra
789 1751 957 1847 presentis
979 1751 1097 1845 scripti
1123 1759 1278 1824 tenorem
1300 1772 1446 1846 gravare
1468 1753 1734 1847 presumpserit,
1760 1753 1925 1826 ollensam

438 1975 442 1980 Ι
511 1889 662 1953 nostram
676 1900 715 1952 se
729 1876 864 1948 noverit
879 1875 1112 1947 incursurum.

558 2005 684 2074 Datum
702 1999 798 2097 apud
813 1999 1015 2088 wiennam,
1033 2019 1126 2070 anno
1145 1997 1319 2071 dominice
1336 1999 1580 2073 incarnationis
1597 1999 1777 2074 millesimo
1793 2000 1926 2074 dnoen·

510 2128 632 2202 tesimo
645 2125 816 2199 tricesimo
828 2125 992 2220 septimo,
1011 2143 1132 2195 mense
1145 2123 1285 2216 marcii,
1304 2123 1438 2197 decime
1453 2123 1665 2198 indictionis.

758 2423 1700 2440 *ffl—-u———n—--n-d

358 2723 452 2820 mem,
562 2686 795 2802 Fridericus,
819 2695 1079 2777 Romanorum
1102 2694 1331 2802 imperator,
1356 2693 1537 2776 fratribus
1564 2695 1693 2776 Sancti
1719 2691 1863 2778 Nicolai
1884 2693 1925 2772 in

355 2829 394 2860 '¹
423 2849 429 2862 '
507 2831 662 2914 Patavia
690 2828 890 2910 inserendo
917 2838 1074 2910 renovat
1100 2836 1215 2936 elque
1244 2827 1446 2911 confirmat
1472 2826 1685 2908 libertatem
1710 2853 1733 2908 a
1755 2825 1927 2936 vectiga-

508 2966 628 3068 libus,
652 2990 675 3044 a
699 2963 795 3045 duce
824 2959 1021 3070 quondam
1041 2960 1216 3043 lustriae
1244 2958 1430 3068 Liupoldo
1453 2962 1743 3067 ann01205,7
1773 2959 1923 3068 aprilis,

507 3097 583 3180 illis
601 3121 835 3181 concessam.

588 3310 683 3389 (Edit.
698 3325 747 3386 ap.
763 3309 869 3382 ilcan,
884 3305 1024 3386 Metrcp,
1035 3313 1059 3368 t.
1076 3307 1118 3385 Il,
1132 3323 1165 3383 p.
1183 3315 1252 3380 550,
1267 3311 1298 3368 et
1314 3323 1364 3384 ap.
1379 3306 1508 3366 Masone
1524 3305 1616 3378 itote,
1629 3310 1651 3366 t.
1668 3305 1722 3382 tv,
1735 3321 1767 3382 p.
1784 3304 1867 3383 ste.)

555 3497 766 3586 Fridericns,
785 3495 849 3568 llei
865 3493 977 3588 gratia
996 3494 1227 3566 llomanornm
1242 3492 1427 3588 imperator
1444 3489 1608 3591 [sempor]
1623 3500 1804 3586 angustus,
1822 3493 1922 3563 lern-

506 3621 612 3695 salem
631 3631 665 3694 et
688 3620 802 3693 Sicilie
829 3639 905 3690 rex.
931 3619 1063 3690 Tenere
1088 3617 1299 3713 presentium
1319 3628 1439 3690 notum
1466 3615 1539 3690 fieri
1566 3618 1728 3690 volumus
1751 3617 1923 3690 universis

506 3756 576 3820 tam
593 3745 810 3841 presentibus
824 3764 930 3836 qnam
951 3743 1075 3813 lutnris
1088 3741 1185 3835 quod
1205 3743 1325 3814 fratres
1342 3741 1458 3812 Sancti
1474 3741 1606 3814 Nicolai
1628 3741 1664 3812 in
1688 3741 1826 3813 Patavia
1844 3761 1922 3836 pre·

505 3879 685 3942 sentarunt
700 3877 815 3940 nostre
827 3865 923 3938 curie
936 3864 1114 3959 quoddam
1127 3865 1293 3960 scriptum
1310 3864 1443 3960 quoda
1459 3865 1550 3938 clare
1565 3863 1730 3936 memorie
1747 3863 1922 3960 leupoldo

506 3993 685 4088 qnondam
713 3991 803 4064 duce
825 3989 964 4062 Austris
990 3989 1074 4083 ipsis
1099 3988 1163 4059 init
1184 3989 1369 4062 clementer
1394 3987 1585 4075 indultnm;
1603 3989 1780 4062 serenitati
1806 3997 1924 4060 nostre

505 4116 728 4192 devotissime
743 4113 977 4208 supplicantes
991 4122 1164 4206 qnatenus
1181 4111 1313 4186 dictnm
1331 4114 1497 4208 scriptum
1512 4134 1680 4186 renovare
1694 4123 1728 4185 et
1746 4112 1791 4186 de
1807 4123 1922 4186 nostra

504 4240 708 4315 confirmare
726 4237 908 4310 clementia
922 4236 1161 4332 dignaremur.
1183 4237 1289 4329 Cujus
1307 4237 1424 4332 scripti
1442 4245 1540 4309 tenor
1555 4237 1632 4309 talis
1645 4246 1724 4310 est:

552 4366 591 4436 ln
614 4361 753 4434 nomine
778 4371 894 4434 sancte
920 4371 955 4433 et
979 4360 1163 4434 individue
1187 4361 1373 4434 Trinitatis.
1392 4361 1608 4457 leupoldus,
1634 4361 1696 4433 Dei
1715 4359 1825 4454 gratia
1844 4357 1920 4431 dux

503 4487 641 4560 Austris
653 4508 694 4558 ac
710 4485 824 4574 Stirie,
841 4484 1014 4558 universis
1027 4485 1151 4558 Christi
1169 4483 1331 4558 fidelibus
1348 4487 1493 4560 salutem
1510 4485 1545 4557 in
1563 4493 1779 4581 perpetuum.
1795 4483 1921 4554 Excel-

503 4613 609 4685 lentia
630 4609 852 4683 sublimitatis
869 4608 1018 4705 desuper
1037 4609 1137 4682 nobis
1154 4609 1276 4683 collate
1297 4619 1334 4681 nt
1352 4631 1393 4682 ea
1411 4631 1481 4704 que
1499 4608 1546 4682 ad
1563 4630 1663 4682 nsum
1680 4617 1715 4681 et
1728 4609 1919 4704 proiectum

502 4737 724 4810 ecclesiarum
754 4705 953 4808 conducunt
985 4743 1020 4807 et
1050 4732 1245 4830 expediunt
1274 4734 1438 4806 attentius
1464 4755 1668 4830 promovere
1693 4730 1917 4816 studeamus,
