4242 5904
519 606 580 666 232
1019 603 1232 664 uulnuulcl
1246 600 1433 664 'suevum
1749 605 1827 690 [dnn.
1848 607 1930 670 1238.

515 743 695 834 jussimus,
709 740 825 813 omnia
842 760 912 833 que
924 738 1141 811 continentur
1158 740 1194 810 in
1210 760 1252 812 eo
1271 738 1362 810 dicte
1375 739 1565 834 imperialis
1582 741 1809 834 preminentis
1826 745 1935 836 gratia

520 865 772 938 confirmantes.
799 864 988 936 Statuimus
1016 863 1132 957 itaque
1157 871 1191 935 et
1218 863 1389 958 imperiali
1417 863 1596 935 sancimus
1617 863 1751 954 edicto,
1776 875 1816 936 ut
1840 868 1935 940 nulla

519 1013 683 1086 persona,
704 993 772 1064 alta
789 992 844 1062 vel
866 989 1025 1073 humilis,
1045 987 1275 1061 ecclesiastica
1294 987 1349 1060 vcl
1373 988 1560 1080 secularis,
1579 987 1771 1083 predictum
1795 989 1936 1086 episeo-

520 1137 617 1209 pum,
639 1124 699 1187 aut
718 1135 934 1186 successores
956 1133 1060 1198 suos,
1082 1113 1139 1184 vel
1165 1110 1387 1184 Tricastinem
1414 1111 1597 1184 ecclesiam
1624 1121 1743 1184 contre
1769 1115 1936 1207 presentis

521 1237 693 1332 privilegii
722 1237 827 1308 nostri
851 1246 1002 1308 tenorem
1029 1257 1115 1307 ausu
1149 1235 1327 1307 temerario
1350 1235 1540 1329 inquietare
1566 1236 1623 1308 vel
1644 1237 1826 1310 molestare
1849 1259 1935 1331 pre-

519 1370 632 1434 sumat
658 1360 784 1455 :quod
809 1360 869 1454 qui
896 1359 1140 1454 presumpserit
1165 1359 1258 1446 mille
1286 1356 1392 1432 libras
1416 1359 1494 1430 auri
1517 1380 1580 1455 pro
1610 1381 1699 1454 pena
1729 1371 1932 1455 componat,

520 1486 704 1557 medietate
732 1505 868 1558 camere
896 1491 1027 1574 nostre,
1054 1483 1245 1576 etreliqua
1272 1481 1460 1554 medietate
1486 1484 1596 1578 passis
1630 1483 1791 1576 injuriam
1820 1485 1934 1580 appli-

520 1610 643 1681 canda.
662 1610 705 1682 Ut
720 1618 835 1681 antem
850 1608 915 1680 hec
929 1606 1106 1679 innovatio
1124 1616 1158 1679 et
1171 1605 1389 1679 confirmatio
1405 1607 1512 1680 robur
1525 1607 1678 1679 obtineat
1692 1616 1856 1703 perpetue
1874 1606 1934 1678 fir·

519 1734 660 1824 mitat-is,
676 1755 816 1828 presens
835 1732 1055 1827 privilegium
1069 1729 1156 1823 fieri,
1173 1741 1208 1802 et
1226 1731 1321 1803 bulla
1340 1752 1446 1804 aurea
1469 1732 1602 1827 typario
1617 1740 1731 1804 nostre
1748 1732 1933 1824 majestatis

520 1859 685 1953 impressa
701 1857 869 1948 jussimus
885 1855 1103 1927 communiri.

569 1983 679 2073 Hujus
696 1981 746 2052 rei
763 1989 864 2052 testes
878 1990 960 2052 sunt
977 2005 986 2050 :
1006 1979 1164 2052 Siliridus
1178 1977 1404 2070 Moguntiuus
1424 1977 1724 2074 archiepiscopus,
1748 1979 1933 2053 Bertnldus

520 2103 715 2198 patriarche
729 2101 998 2196 Aquilegiensis,
1017 2105 1207 2174 Hermanus
1222 2101 1479 2196 Herbipolensis
1496 2103 1682 2199 episcopus
1693 2157 1750 2190 ,...
1772 2103 1931 2176 Worma·

520 2228 640 2300 tiensis
656 2227 855 2322 episeopus,
877 2227 916 2298 n.
935 2227 1148 2299 Pataviensis
1164 2226 1347 2321 opiscopus
1358 2280 1367 2314 ,
1380 2225 1556 2299 lohannes
1571 2225 1779 2299 Arelatensis
1798 2226 1932 2300 arehie-

522 2351 716 2446 piscopus,.
735 2406 745 2423 .
763 2404 771 2421 .
791 2349 1043 2423 Valentinensis
1061 2350 1222 2440 electus„
1243 2403 1279 2422 ..
1304 2350 1501 2445 Papiensis,
1515 2350 1556 2423 G.
1573 2351 1740 2424 Lunensis
1754 2351 1928 2446 episcopi,

521 2477 560 2546 B.
581 2473 657 2547 dux
682 2474 859 2546 Karinthie
875 2473 941 2569 (a),
960 2475 1128 2546 Henricus
1148 2495 1262 2546 eomes
1281 2474 1445 2562 Ascarie,
1468 2475 1509 2546 ll.
1537 2495 1652 2547 comes
1672 2475 1868 2563 Provincie,
1889 2475 1928 2545 B.

521 2597 761 2670 ltlontisterrati
785 2597 955 2685 marchio,
979 2597 1027 2668 Μ.
1045 2597 1197 2670 marchio
1218 2598 1360 2688 Lanzia,
1383 2619 1498 2670 comes
1522 2591 1563 2670 G.
1590 2598 1635 2671 de
1658 2597 1823 2671 Arnesten
1844 2598 1931 2670 sacri

521 2722 655 2816 imperii
675 2724 709 2794 in
729 2723 825 2795 ltalia
841 2723 992 2813 legatum
1012 2723 1119 2794 etalii
1136 2724 1373 2818 quamplures.

570 2846 713 2939 Signum
732 2843 863 2917 domini
882 2846 991 2918 nostri
1007 2845 1171 2919 Friderici
1190 2847 1240 2934 ΙΙ,
1260 2847 1322 2918 Dei
1338 2848 1451 2940 gratia
1469 2847 1682 2919 invictissimi
1700 2847 1931 2919 Romanorum

521 2969 735 3063 imperatoris
750 2991 885 3064 semper
901 2969 1051 3060 augusti,
1071 2970 1259 3042 Jerusalem
1274 2979 1309 3042 et
1325 2971 1439 3044 Sicilie
1456 2973 1560 3065 regis.

568 3094 652 3165 Acta
677 3103 758 3166 sunt
783 3095 848 3166 hec
875 3115 966 3166 anno
990 3093 1163 3165 dominice
1193 3093 1439 3166 incarnationis
1461 3097 1507 3165 ld.
1522 3095 1583 3166 CC.
1598 3095 1787 3184 XXXVlll,
1813 3113 1931 3166 mense

521 3219 735 3312 septembris,
757 3218 962 3292 duodecime
975 3218 1186 3305 indictionis,
1203 3219 1394 3312 imperante
1413 3218 1553 3291 domino
1568 3228 1683 3291 nostro
1697 3217 1870 3290 Friderioo
1885 3219 1927 3305 ll,

521 3341 582 3412 Dei
602 3343 710 3434 gratia
736 3342 960 3415 invictissimo
981 3344 1210 3414 Romanorum
1242 3341 1447 3436 imperatore
1473 3363 1609 3436 semper
1634 3351 1805 3436 augusto,
1832 3343 1931 3414 Jeru-

520 3465 627 3536 salem
651 3475 686 3538 et
701 3465 815 3538 Sicilie
832 3487 929 3558 rege,
950 3466 1083 3560 imperii
1100 3465 1176 3556 ejus
1194 3487 1286 3537 auno
1307 3475 1431 3538 octavo
1449 3465 1601 3554 decimu,
1626 3465 1723 3559 regni
1741 3466 1930 3538 Jerusalem

522 3591 620 3662 tertio
635 3588 785 3676 decimo,
802 3589 898 3681 regni
915 3610 996 3661 vero
1009 3589 1123 3661 Sicilie
1138 3588 1406 3682 quadragesimo
1424 3589 1548 3684 primo,
1567 3587 1724 3661 leliciter.
1742 3589 1866 3661 Amen.

569 3714 692 3784 Datum
708 3714 744 3784 in
768 3713 888 3785 castris
903 3711 938 3782 in
954 3712 1136 3784 obsidione
1159 3713 1305 3803 Bricoie,
1326 3734 1439 3802 anno,
1460 3733 1577 3785 mense
1596 3721 1631 3784 et
1647 3713 1833 3786 indictione
1851 3733 1929 3808 pre·

520 3836 668 3931 seriptis,

731 4040 1059 4052 ---—---·-—·—--—---
1064 4040 1712 4056 musana—...m

445 4319 463 4360 ··
572 4292 803 4398 FridericuS,
828 4293 1087 4374 Romanorum
1118 4290 1341 4397 imperator,
1365 4287 1574 4370 Humberto
1600 4288 1729 4370 Dieusi
1754 4288 1930 4396 episcopo

373 4435 465 4519 “ltu
519 4425 756 4537 privilegien
778 4424 966 4505 Friderico
984 4423 1107 4531 primo
1127 4448 1197 4505 svo
1226 4447 1295 4503 suo
1315 4419 1513 4528 notberto,
1535 4422 1587 4502 50
1602 4419 1687 4529 julii
1709 4422 1830 4528 1178,
1852 4432 1928 4503 eta
1980 4533 1982 4536 .

561 4609 602 4688 (a)
623 4609 747 4670 Nomina
761 4607 878 4666 tcstlum
899 4605 982 4664 foedo
999 4609 1137 4682 corrupte
1150 4603 1188 4664 sd
1208 4601 1298 4663 fldem
1317 4603 1562 4664 documentorum
1585 4619 1660 4681 quae
1682 4603 1860 4681 praecedunt
1881 4603 1928 4662 vel

519 4723 681 4794 sequuntur
693 4713 884 4774 restituimus.
