4228 5892
510 497 570 559 376
1008 499 1223 562 ratbeatct
1247 498 1423 560 securta!
1736 497 1816 582 [du.
1835 499 1922 564 lm.

508 641 658 721 tantem,
679 635 739 729 qui
766 637 843 709 loco
864 636 971 709 nostri
989 633 1176 707 blambiam
1195 631 1448 706 Anconitanum
1473 643 1511 705 et
1534 629 1700 704 ducatum
1724 633 1856 728 Spoleti
1878 632 1926 707 ad

508 767 658 829 nostram
676 767 711 830 et
727 759 863 854 imperii
879 757 1048 831 ditionem
1061 767 1201 830 revocet
1217 765 1254 829 et
1273 764 1444 846 resumat,
1460 756 1564 847 J'uxta
1587 763 1784 828 nostrorum
1805 757 1925 829 conti-

507 879 658 952 nentiam
675 882 916 977 rescriptorum
932 901 1004 976 que
1020 879 1263 952 universaliter
1277 878 1571 952 baremittuutur.
1584 878 1698 964 Quare
1717 879 1925 952 mandamus

506 1013 542 1074 et
559 1005 768 1101 precipimus
781 1003 865 1078 lidei
882 1012 998 1077 vestre
1012 1002 1080 1074 sub
1097 1000 1215 1075 debito
1237 999 1322 1074 fidei
1337 1022 1410 1096 qno
1425 1001 1528 1074 nobis
1543 1011 1579 1074 at
1595 1001 1741 1096 imperio
1757 1001 1926 1075 tenemini

506 1125 649 1201 firmiter
676 1129 896 1221 injungentes
920 1136 1093 1223 quatenus
1117 1123 1269 1199 eundem
1294 1146 1412 1218 regem
1434 1125 1546 1198 lilium
1569 1133 1724 1198 noenum
1749 1124 1795 1198 de
1819 1125 1925 1221 patris

505 1249 844 1325 sede-transmissum
860 1260 1024 1346 tanquam
1041 1271 1227 1346 personam
1245 1259 1400 1322 nostram
1419 1247 1537 1322 debito
1549 1248 1754 1344 recipientes
1769 1249 1921 1343 bonore,

505 1374 674 1467 abjuratis
692 1377 832 1472 penitus
839 1373 1043 1468 juramentis
1060 1373 1212 1446 lleolesie
1227 1372 1378 1468 prestitis
1392 1393 1415 1445 a
1429 1372 1559 1468 quibus
1579 1371 1748 1466 imperiali
1766 1372 1924 1444 auctori·

505 1507 587 1589 tate,
606 1497 865 1574 demerentibus
882 1498 978 1595 apud
991 1519 1055 1572 nos
1073 1496 1311 1571 detentoribus
1324 1495 1463 1587 vestris,
1479 1505 1619 1592 propter
1638 1494 1922 1586 iugratitudinem

505 1621 741 1711 manifestam,
761 1643 824 1695 vos
841 1621 1010 1696 duximus
1033 1621 1282 1712 absolvendos,
1302 1621 1404 1694 uobis
1423 1629 1459 1692 et
1474 1620 1618 1715 imperio
1641 1617 1815 1692 fidelitatis
1826 1623 1923 1712 jura·

505 1755 621 1818 mouta
639 1747 809 1840 prestetis,
827 1745 941 1820 eidem
959 1744 1031 1819 lilio
1048 1755 1165 1818 nostro
1180 1745 1228 1819 ad
1246 1743 1413 1816 bonorem
1434 1753 1471 1817 et
1494 1742 1694 1816 fidelitatem
1715 1753 1869 1815 nostram
1886 1742 1922 1814 iu

504 1869 667 1942 omuibus
693 1869 851 1964 parituri.
880 1869 1003 1941 Scituri
1025 1891 1089 1964 pro
1113 1877 1206 1942 certo
1227 1867 1325 1962 quod
1349 1877 1464 1940 vestre
1486 1865 1571 1941 fidat
1589 1867 1711 1940 merita
1737 1867 1922 1940 liberaliter

505 1990 743 2087 disposuimus
774 1993 1032 2086 prosequenda,
1064 1991 1264 2089 privilegia,
1294 1991 1469 2066 libertates
1496 1999 1533 2065 at
1564 2009 1688 2064 omues
1714 1989 1922 2084 approbatae

505 2115 774 2188 consuetudines
788 2125 920 2188 vestras
936 2117 1093 2190 volentes
1105 2115 1274 2210 imperiali
1288 2115 1481 2188 munimine
1494 2113 1675 2204 reborare3
1689 2111 1921 2187 concedemus

504 2237 749 2310 nichilominus
767 2239 948 2334 ampliora,
968 2238 1061 2314 sind
1081 2247 1233 2312 nostram
1250 2248 1286 2311 et
1303 2239 1438 2333 imperii
1452 2237 1674 2312 devotionem
1684 2257 1749 2310 vos
1762 2243 1919 2331 prompta

505 2361 732 2436 conversione
749 2361 915 2436 dederitis
938 2373 973 2436 et
991 2363 1147 2437 converti
1166 2361 1253 2436 alios
1268 2362 1401 2436 iacietis
1418 2383 1481 2458 per
1496 2361 1709 2435 evidentiam
1723 2380 1869 2455 operum
1888 2365 1922 2431 et

505 2485 678 2580 exempla.

1181 2665 1244 2740 IV.

585 2841 709 2922 (hedit.
729 2857 768 2903 ax
784 2840 852 2904 cod.
872 2840 950 2904 lltbl.
972 2839 1070 2904 Cesar.
1092 2842 1202 2917 Parte,
1215 2837 1310 2922 sunda
1331 2843 1363 2902 s.
1385 2837 1525 2905 m
1544 2837 1669 2920 flarlep,
1690 2847 1767 2914 ⁴⁵⁵,
1789 2839 1918 2918 parali,

624 2957 657 3010 n·
670 2945 764 3026 ΠΧ.)

555 3107 646 3179 luter
668 3105 867 3200 frequentes
888 3103 1135 3198 occupationes
1152 3115 1188 3178 et
1206 3105 1374 3178 instantes
1390 3103 1583 3200 reipublice
1605 3125 1708 3178 ouras
1729 3103 1861 3200 quibus
1876 3101 1920 3175 ad

506 3229 806 3322 reintegrationem
827 3235 862 3300 et
879 3235 1107 3321 augmentum
1132 3227 1267 3322 imperii
1291 3227 1517 3301 sollicitamur
1532 3228 1662 3322 jugiter
1683 3239 1718 3301 et
1742 3249 1917 3316 arcemur,

507 3350 603 3426 cordi
620 3351 722 3424 nobis
737 3351 803 3422 luit
818 3350 950 3423 ltaliam
967 3351 1206 3445 imperialibus
1219 3351 1328 3424 titulis
1345 3351 1550 3442 reformare,
1567 3352 1628 3424 ubi
1650 3351 1815 3424 diuturno
1835 3360 1918 3422 tem·

506 3496 591 3571 pore
615 3475 796 3548 rebellium
822 3474 858 3546 in
885 3474 1006 3566 majori
1030 3484 1129 3568 parta
1143 3474 1324 3548 humiliata
1345 3475 1507 3570 superbia
1532 3483 1567 3548 et
1587 3475 1721 3547 bellicis
1741 3474 1920 3548 conatibus

507 3598 803 3672 uostrisinclinata
814 3597 998 3684 mandatis,
1011 3597 1162 3692 reliquas
1173 3598 1204 3670 si
1214 3619 1285 3693 que
1297 3607 1427 3671 restant
1437 3599 1601 3694 ligurum
1611 3597 1796 3671 infidorum
1810 3597 1919 3670 intan-

505 3719 622 3794 dimus
638 3730 778 3794 extento
794 3730 908 3793 nostre
921 3721 1079 3814 potencie
1093 3720 1235 3794 brachio
1257 3721 1459 3816 subjugare.
1480 3722 1636 3816 Cumque
1653 3721 1818 3796 ducatum
1834 3721 1919 3816 Spo-

506 3845 564 3918 leti
589 3853 624 3917 at
650 3843 837 3917 Morobiam
858 3843 1131 3932 Anconitanum,
1155 3843 1245 3917 duaa
1272 3845 1368 3918 ltalie
1396 3846 1589 3940 provincias
1617 3846 1830 3939 singulares,
1852 3843 1919 3940 pati

507 3969 649 4042 ulterius
667 3989 739 4040 non
762 3967 936 4061 possimus
956 3967 1002 4039 ab
1027 3967 1162 4062 imperii
1185 3987 1328 4063 corpore
1348 3969 1422 4042 iore
1446 3968 1576 4042 divisas
1599 3989 1670 4063 que
1685 3967 1871 4041 habiliores
1887 3975 1919 4040 ot

506 4091 660 4164 utiliores
675 4090 776 4163 nobis
793 4100 829 4162 et
845 4089 989 4186 imperio
1001 4099 1100 4179 suut,
1119 4111 1200 4162 curu
1216 4111 1263 4162 en
1277 4091 1479 4164 strenuitate
1498 4092 1653 4164 virorum
1672 4098 1746 4162 tum
1766 4111 1816 4165 ex
1835 4089 1919 4163 auti·

505 4237 575 4310 qua
589 4213 754 4287 fidelitate
766 4234 872 4306 quam
889 4233 1026 4308 semper
1039 4213 1087 4286 ad
1103 4213 1287 4308 imperium
1302 4236 1383 4286 cum
1399 4235 1534 4287 summa
1550 4213 1735 4288 devotione
1752 4212 1916 4306 gessistis,

505 4337 554 4411 ad
568 4345 696 4410 statum
712 4335 817 4408 totius
836 4336 932 4410 ltalia
952 4337 989 4407 in
1006 4345 1123 4431 optata
1140 4357 1226 4431 pace
1248 4336 1479 4429 servandum,
1495 4339 1657 4428 exigente
1675 4336 1918 4428 ingratitudine

506 4459 712 4556 presidentis
725 4459 894 4550 Ecclesie,
913 4458 959 4533 ad
977 4459 1130 4554 ipsarum
1149 4459 1401 4533 revocationem
1416 4461 1627 4556 propositum
1647 4468 1682 4533 et
1698 4459 1916 4534 intention·

506 4593 657 4658 nostram
683 4583 851 4657 duximus
876 4583 1086 4658 exercenda.
1106 4582 1208 4669 Quod
1231 4585 1325 4657 enirn
1347 4583 1483 4659 tamdiu
1505 4605 1569 4658 vos
1586 4585 1624 4657 in
1645 4585 1793 4658 alenam
1812 4583 1915 4659 dicio-
