4228 5892
497 587 557 650 390
996 583 1208 646 roluuulcl
1234 583 1408 646 sscuuul
1717 583 1796 667 [dn.
1814 582 1900 646 luas.

496 731 570 796 erat
584 721 702 817 procul
720 719 828 794 dubio
854 739 1067 811 corsorum,
1087 727 1122 792 et
1139 719 1207 794 alis
1221 718 1428 792 munitiones
1446 738 1516 812 qne
1531 717 1643 814 primo
1659 719 1782 792 nostris
1800 739 1902 792 cona·

497 847 589 919 tibus
606 851 845 936 occurrerunt,
867 843 912 916 ab
931 863 1051 916 earum
1069 841 1322 916 habitatoribus
1337 839 1518 934 dcredcts,
1533 841 1613 915 date
1632 851 1713 914 sunt
1726 862 1903 938 precurso-

495 968 592 1041 ribns
615 968 722 1041 nostri
744 967 917 1041 exerdtns
939 967 976 1038 in
1001 965 1196 1061 captionem
1215 975 1250 1040 et
1265 965 1430 1064 predam,
1455 975 1490 1040 et
1514 985 1577 1039 nos
1597 975 1689 1039 recto
1705 965 1841 1040 numito
1858 965 1902 1040 ad

496 1091 799 1187 depopulationem
810 1090 993 1165 Mediolani
1004 1092 1080 1164 sinc
1094 1091 1247 1184 quolibet
1259 1091 1437 1166 obstaculo
1450 1089 1697 1164 hominumvel
1708 1089 1903 1184 aliquorum

495 1214 678 1312 campestri
692 1215 847 1288 libertate
864 1215 1036 1303 fruentes,
1054 1213 1321 1304 castris‚·villls,
1339 1214 1590 1288 munitionibus
1604 1234 1675 1308 qus
1689 1213 1726 1286 in
1744 1213 1901 1287 disuictn

495 1339 614 1414 sucin
637 1338 760 1412 itincre
780 1347 898 1413 nostro
924 1338 1072 1412 inveniri
1091 1337 1235 1432 contigit
1257 1360 1336 1412 cnm
1354 1339 1471 1432 gladio
1491 1339 1595 1430 cesis,
1622 1358 1703 1410 cum
1724 1337 1808 1433 igne
1829 1359 1902 1412 cre·

494 1467 612 1560 matis,
640 1465 888 1562 triumphaliter
914 1465 1133 1552 lestiuamns3
1158 1473 1336 1564 sperantes
1355 1463 1496 1540 firmiter
1517 1466 1616 1560 quod
1640 1466 1707 1540 nisi
1732 1464 1902 1540 hisdiole·

495 1612 618 1666 nenses
635 1589 781 1687 predicti
803 1589 953 1685 poteutis
970 1599 1085 1664 nostre
1101 1599 1197 1664 metu
1219 1589 1388 1686 perterriti
1407 1611 1445 1663 se
1467 1589 1566 1664 nobis
1591 1591 1673 1686 ingo
1693 1589 1900 1685 subripiant,

495 1737 644 1810 sequens
659 1714 801 1788 victoria
818 1723 934 1787 nustm
953 1713 1054 1786 faciet
1078 1715 1175 1808 quod
1190 1714 1415 1806 occumbent,
1434 1721 1469 1786 et
1489 1713 1521 1786 si
1545 1714 1652 1806 forte,
1672 1713 1769 1808 qnod
1787 1712 1903 1788 credi-

495 1861 592 1932 mus,
609 1840 646 1910 in
662 1837 801 1910 civitate
817 1858 855 1909 se
868 1837 1118 1932 receptavcrint
1134 1838 1236 1910 saluti
1250 1858 1313 1910 sue
1326 1858 1390 1932 pru
1404 1837 1487 1931 iugc
1500 1837 1658 1911 subsidio
1671 1837 1899 1926 consulendo,

495 1961 736 2034 nichilominus
754 1965 834 2031 ante
853 1959 980 2051 januas
1003 1959 1153 2034 civitatis
1174 1959 1344 2034 videbunt
1365 1959 1413 2033 ad
1437 1959 1576 2032 oculum
1600 1959 1688 2034 lacis
1710 1960 1758 2033 ad
1781 1959 1903 2034 faciem

494 2093 605 2158 castra
625 2091 741 2156 nostra
762 2090 802 2154 ut
825 2081 918 2154 intus
938 2103 1067 2178 pavore
1089 2091 1231 2178 pereant
1256 2081 1448 2177 questoris
1471 2083 1553 2176 igno
1576 2083 1705 2178 passim
1727 2091 1763 2156 st
1788 2079 1903 2177 gladio

496 2207 724 2281 destruemus.
754 2205 904 2280 Contrito
930 2206 1035 2298 igitur
1059 2206 1181 2280 eodem
1202 2205 1348 2302 perfidis
1372 2205 1484 2302 capite
1510 2228 1572 2302 per
1596 2205 1693 2301 quod
1715 2207 1762 2280 ad
1786 2229 1903 2280 eorum

495 2329 680 2425 complices
701 2337 795 2404 ena
813 2325 999 2402 infidelitas
1022 2329 1209 2421 revirebat,
1225 2339 1265 2402 ut
1287 2339 1321 2403 ct
1339 2338 1443 2426 caput
1463 2330 1498 2400 in
1517 2328 1681 2402 membris
1696 2342 1731 2403 et
1749 2331 1903 2404 mamhra

496 2455 532 2527 in
558 2455 670 2550 capite
695 2461 928 2546 conterantur,
955 2475 1079 2528 versus
1106 2463 1219 2550 partes
1239 2453 1333 2549 ipsas
1355 2453 1567 2528 intendimus
1591 2452 1740 2548 dirigere
1766 2473 1902 2549 gressm

497 2587 644 2652 nostros.

322 3152 441 3206 muse.
549 3120 715 3204 Romeus
735 3117 917 3217 Quirinus
943 3125 981 3200 et
998 3115 1212 3226 Stephanus
1228 3115 1463 3224 Baduarius,
1490 3125 1753 3226 procuratores
1776 3117 1903 3202 iacchi

463 3233 470 3250 ’
497 3251 653 3360 Teupoli
669 3250 846 3333 Venetiae
863 3249 971 3332 ducis
989 3257 1026 3332 et
1043 3249 1326 3333 communitatis
1341 3249 1554 3357 Veneticae,
1577 3249 1759 3360 Gregorio
1784 3277 1905 3362 papae

496 3395 534 3469 et
550 3384 738 3468 Ecclesiae
755 3384 948 3466 Romanae
971 3383 1199 3492 promittunt
1216 3383 1319 3494 quod
1337 3383 1472 3494 viginti
1491 3383 1660 3494 quinque
1678 3385 1807 3494 galeas
1831 3411 1903 3468 ar-

498 3517 659 3600 mabunt
679 3519 728 3599 ad
751 3541 913 3626 regnum
945 3515 1092 3599 Siciliae
1110 3517 1394 3626 occupandum,
1421 3516 1585 3626 juraque
1608 3527 1780 3601 statuunt
1807 3543 1905 3628 quae

498 3650 570 3734 sihi
588 3659 667 3732 tam
694 3652 797 3758 apud
821 3647 1001 3733 Barolum
1032 3659 1069 3732 ct
1096 3649 1230 3757 Salpus
1248 3674 1366 3759 quam
1388 3649 1428 3730 in
1456 3649 1561 3732 omni
1590 3649 1665 3733 alio
1689 3651 1798 3759 regni
1822 3650 1905 3734 loco

497 3807 612 3891 quem
624 3781 855 3865 Venetorum
873 3780 1014 3864 auxilio
1027 3779 1228 3891 contigerit
1244 3782 1437 3890 occupari,
1454 3782 1492 3864 in
1510 3793 1734 3892 perpetuum
1748 3783 1904 3868 lendum

497 3914 651 3996 concedi
664 3913 815 3998 debent.

579 4113 703 4194 (Incdlt.
719 4133 757 4178 ex
771 4113 837 4178 libr.
852 4114 1008 4178 Pnctontm
1020 4117 1052 4176 ln
1065 4113 1147 4178 arch.
1162 4113 1281 4190 venet,
1297 4119 1321 4175 t.
1338 4113 1384 4192 11,
1399 4114 1452 4180 iol.
1470 4115 1588 4196 4844.)

545 4287 584 4358 ln
604 4287 746 4360 nominc
769 4287 905 4361 Domini
930 4287 1035 4360 nostri
1061 4289 1142 4360 Jesn
1162 4287 1298 4362 Christi.
1328 4289 1396 4362 Nos
1415 4289 1564 4362 Romans
1589 4287 1754 4374 Quirinus
1777 4297 1813 4362 et
1832 4289 1903 4362 Ste-

497 4411 633 4507 phanus
654 4411 849 4486 Badnarius
870 4411 962 4485 cives
984 4411 1125 4502 Veneti,
1153 4420 1391 4507 procuratores
1417 4413 1608 4509 et'syndici
1637 4410 1770 4486 domini
1786 4412 1904 4486 'iacobi

496 4537 638 4630 l'eupoli
651 4536 713 4608 Dei
730 4535 840 4626 gratia
857 4535 1016 4624 Venetis,
1031 4536 1197 4609 Dalmatis
1214 4547 1320 4632 atque
1332 4536 1489 4610 Chroatie
1502 4535 1620 4628 lucu,
1636 4533 1770 4608 domini
1785 4543 1904 4630 quarto

496 4661 601 4756 partis
615 4668 649 4733 st
664 4657 800 4733 dimidii
817 4659 920 4733 totins
934 4661 1069 4758 imperii
1084 4661 1263 4754 Romanis,
1282 4671 1316 4735 et
1329 4661 1484 4735 comunis
1496 4659 1717 4735 venetiarum
1731 4657 1904 4734 constituti
