4242 5904
213 665 311 725 lunser.
330 659 390 747 ll]
659 661 855 724 ttlsuotttlt
879 663 1170 726 utsuoltltttctt
1565 657 1623 720 195

209 797 399 892 jussimus,
418 797 535 871 omnia
552 818 622 891 que
639 797 857 870 continentur
880 798 917 870 in
935 821 978 872 eo
997 799 1041 874 de
1059 797 1247 897 imperialis
1269 793 1497 892 preminentis
1513 791 1623 888 gratia

215 919 468 996 confirmantes.
493 922 544 994 lle
569 919 817 995 abundantiori
838 943 978 1018 quoque
1003 923 1114 1017 gratia
1139 920 1331 996 serenitatis
1355 927 1470 992 nostre
1493 935 1626 990 concc-

215 1043 331 1118 dimus
349 1055 384 1117 at
402 1042 644 1118 confirmamus
667 1044 843 1140 sepedicto
861 1047 1010 1119 lieberto
1025 1045 1233 1141 vapincensi
1248 1043 1409 1140 episcopo
1431 1049 1467 1114 et
1483 1059 1626 1113 succes·

214 1167 351 1242 solibus
364 1168 438 1240 suis
455 1169 585 1262 regalia
603 1166 875 1263 subscriptorum
892 1178 1080 1244 castrorum
1103 1181 1137 1244 et
1161 1169 1323 1241 villarum
1345 1187 1425 1237 cum
1446 1163 1519 1236 suis
1541 1162 1626 1236 atti-

216 1294 342 1368 nentiis
361 1293 549 1368 :videlicet
578 1292 752 1366 Bastidam
777 1303 927 1368 veterem
951 1303 986 1366 et
1006 1315 1149 1383 novam,
1175 1301 1326 1364 castrum
1354 1289 1401 1362 de
1425 1289 1623 1378 Tornalort,

215 1425 366 1490 castrum
383 1417 508 1490 Montis
526 1417 687 1506 llorerii,
708 1427 858 1490 castrum
877 1417 921 1490 de
937 1415 1124 1490 Mantaorio
1138 1413 1207 1514 (l),
1236 1423 1385 1488 castrum
1408 1411 1453 1484 de
1478 1409 1628 1485 'l’alardo

214 1539 348 1630 veteri,
374 1547 524 1612 casuum
551 1539 596 1613 de
621 1541 738 1613 Monte
759 1542 896 1632 ldauro,
925 1539 1168 1630 Polliuiecum,
1196 1538 1378 1626 Noerium,
1408 1535 1528 1607 Faram
1557 1531 1625 1630 (n),

214 1672 367 1734 castrum
386 1661 431 1736 de
448 1661 638 1735 Chaudono
657 1663 754 1756 quod
774 1664 810 1735 in
826 1663 970 1757 antiquo
989 1663 1170 1758 privilegio
1184 1683 1248 1734 suo
1265 1660 1504 1755 Pauperellum
1521 1678 1628 1763 voca·

213 1785 332 1874 batur,
353 1785 472 1857 villam
500 1784 546 1858 de
561 1784 718 1880 Asperis,
740 1787 857 1860 villam
880 1787 996 1860 Sancti
1014 1786 1187 1860 Laurentii
1213 1785 1258 1858 de
1281 1785 1385 1856 Crcso
1414 1793 1449 1856 et
1477 1791 1628 1854 castrum

215 1908 262 1982 ds
279 1909 424 2002 Lazaro,
443 1909 533 1981 siout
553 1929 596 1982 ea
618 1909 735 1982 omnia
755 1911 849 2002 juste
872 1919 907 1982 et
930 1909 1176 1983 rationabiliter
1202 1909 1356 1982 noscitur
1378 1903 1574 2004 possidere,
1596 1912 1631 1977 et

215 2030 386 2125 quicquid
409 2030 514 2105 habet
538 2041 573 2105 et
595 2031 751 2128 possidet
776 2034 833 2106 vel
858 2034 958 2127 quasi
984 2032 1138 2128 possidet
1163 2041 1198 2106 et
1224 2032 1260 2104 in
1287 2039 1388 2104 antea
1411 2033 1507 2124 justo
1531 2029 1631 2102 titulo

215 2158 343 2252 poterit
358 2155 504 2253 adipisci
521 2167 591 2230 mm
606 2158 682 2252 ipse
696 2179 802 2252 qnam
816 2179 1033 2232 successores
1049 2157 1205 2253 ejusdem
1223 2157 1261 2230 in
1278 2156 1406 2230 diocesi
1421 2155 1631 2252 vapincensi

216 2281 422 2352 allucentie
445 2281 532 2353 citra
554 2303 675 2354 vorsus
693 2281 887 2376 llapincum
914 2303 1024 2376 usque
1051 2281 1098 2354 ad
1129 2282 1246 2354 villam
1271 2281 1361 2354 Buri
1390 2291 1426 2353 et
1449 2301 1562 2373 usque
1585 2276 1633 2352 ad

216 2402 360 2475 Pontem
375 2403 506 2475 Altum.
527 2405 716 2476 Statuimus
737 2404 843 2495 igitur
862 2414 897 2476 et
915 2405 1083 2498 imperiali
1100 2405 1275 2477 sancimus
1291 2402 1406 2476 edicto
1422 2403 1519 2496 quod
1537 2401 1632 2474 nulla

218 2547 366 2620 persona
381 2527 451 2600 alta
462 2528 520 2600 vel
538 2527 692 2618 humilis,
708 2528 939 2601 ecclesiastica
955 2530 1011 2601 vel
1030 2529 1207 2619 secularis,
1223 2526 1416 2624 predictum
1431 2526 1632 2622 episcopum

218 2649 467 2744 Vepinoensom
493 2659 554 2722 aut
575 2673 790 2724 successores
805 2675 888 2725 suos
914 2663 1033 2724 contra
1060 2652 1227 2746 presentis
1251 2651 1423 2746 privilegii
1446 2650 1552 2724 nostri
1577 2659 1634 2724 te-

219 2793 338 2845 norem
361 2795 451 2846 ausu
474 2775 656 2848 temerario
678 2774 847 2870 impedire
869 2777 925 2850 vel
946 2778 1124 2849 molestare
1140 2785 1328 2872 presumat.
1352 2774 1454 2862 Quod
1470 2774 1532 2870 qui
1547 2796 1634 2872 pre-

219 2895 403 2992 sumpserit
425 2895 699 2992 indignationem
724 2899 884 2971 culminis
903 2901 1008 2970 nostri
1029 2921 1067 2972 se
1082 2899 1218 2971 noverit
1239 2899 1458 2970 incursurum
1477 2907 1511 2970 et
1529 2896 1566 2971 C.
1588 2899 1635 2969 li-

220 3021 300 3094 bras
312 3023 388 3094 auri
405 3023 527 3118 optimi
543 3045 607 3120 pro
625 3037 920 3122 penaccmponat,
934 3049 1083 3121 quarum
1099 3048 1170 3098 una
1185 3023 1352 3097 medietas
1369 3022 1453 3098 lisco
1469 3034 1585 3097 nostro
1599 3031 1635 3097 et

220 3146 353 3240 reliqua
369 3145 537 3219 modiatas
555 3149 666 3243 passis
691 3149 851 3242 injuriam
879 3152 1081 3245 applicetur.
1106 3149 1150 3221 Ut
1176 3159 1293 3222 autem
1322 3147 1388 3220 hec
1409 3155 1525 3220 nostra
1550 3167 1636 3219 mn-

220 3269 306 3342 nitio
324 3265 390 3368 [et]
408 3269 557 3364 adjectio
576 3271 682 3342 robur
705 3273 857 3345 obtineat
871 3283 1035 3368 perpetue
1051 3271 1233 3361 firmitatis,
1256 3293 1398 3367 presens
1413 3270 1634 3366 privilegium

221 3391 296 3466 lieri
330 3402 364 3466 et
396 3393 491 3468 bulla
521 3415 625 3468 aurea
656 3394 779 3490 tipario
804 3406 919 3471 nostre
946 3398 1133 3490 majestatis
1151 3397 1316 3494 impressa
1341 3396 1509 3488 jussimus
1538 3417 1634 3470 com·

221 3515 363 3589 muniri.

269 3639 381 3731 Hujus
403 3639 453 3712 rsi
472 3635 604 3740 [testes]
623 3651 705 3714 sunt
731 3669 740 3715 ε
763 3641 937 3716 lohannes
963 3645 1167 3717 Viennensis
1193 3645 1494 3742 archiepiscopus,
1522 3642 1636 3739 Aymo

222 3761 415 3836 Ebredunc
425 3763 481 3836 sis
505 3765 799 3863 archiepiscopus,
820 3769 940 3840 Petrus
960 3769 1292 3864 Gratianopolitanus
1312 3769 1516 3868 episcopus,
1536 3769 1636 3866 Ray-

224 3885 378 3959 mundus
399 3889 577 3984 Papieusis
594 3891 795 3987 episcopus,
822 3895 971 3965 lacobus
991 3895 1216 3968 vercellensis
1244 3895 1445 3992 episcopus,
1474 3895 1635 3990 Hugucio

223 4009 443 4082 laurinensis
467 4011 666 4108 episcopus,
690 4014 880 4087 Pandull‘us
907 4017 1081 4088 Pactensis
1104 4018 1305 4113 episcopus,
1325 4018 1520 4090 Bonilacius
1544 4040 1636 4092 mar·

224 4132 302 4205 chio
321 4133 581 4226 ldontislerratl,
608 4137 803 4211 lllanlridus
828 4141 982 4213 marchio
1005 4141 1237 4234 Saluciarum,
1264 4142 1457 4216 llanlridus
1482 4143 1636 4216 marchio

223 4256 352 4343 lauza,
371 4267 406 4330 et
423 4258 481 4330 alii
497 4261 732 4356 quamplures.

271 4379 416 4473 Signum
437 4381 569 4455 domini
596 4385 704 4457 nostri
727 4385 898 4461 Frederici
924 4389 1087 4480 secundi,
1108 4389 1171 4465 Dei
1190 4391 1300 4486 gratia
1326 4390 1542 4464 invictissimi
1568 4392 1633 4463 im·

226 4505 389 4597 peratoris
406 4505 636 4580 Romanorum
649 4532 786 4608 semper
802 4516 955 4606 augusti,
976 4515 1187 4589 Hierusalem
1209 4524 1244 4588 ct
1260 4515 1375 4590 Sicilie
1389 4515 1494 4611 regis.

270 4763 309 4845 (a)
331 4765 412 4830 llaec
425 4777 552 4848 qnatmr
566 4774 672 4837 ultlma
685 4779 806 4840 nomina
818 4795 877 4840 uon
891 4781 1084 4842 lurenluntur
1095 4783 1127 4842 ln
1140 4782 1257 4863 integra
1269 4783 1364 4861 copia.
