4226 5900
492 591 554 652 432
993 591 1207 656 Fnlbxltlcl
1231 595 1407 658 suebant
1719 594 1799 678 [dxx.
1820 596 1909 660 1239.

490 725 635 798 chaiabe
647 725 734 796 clam
745 723 944 797 recedentes
958 724 1004 797 de
1016 725 1186 816 Messana,
1202 730 1313 803 molta
1324 730 1370 804 de
1384 729 1485 803 bouis
1499 729 1609 824 ipsius
1624 749 1740 802 secum
1752 741 1912 825 asporta-

489 858 572 921 runt
585 849 620 920 in
639 858 754 920 nostre
767 847 863 921 curie
876 848 1054 922 lesionem.
1071 850 1187 941 Quare
1200 849 1358 926 fidelitati
1371 862 1431 926 tue
1445 853 1657 948 precipimus
1668 861 1709 925 ut
1721 874 1829 948 super
1844 853 1911 927 boo

489 994 551 1068 per
562 981 685 1045 terram
694 971 944 1064 jurisdictionis
958 981 1017 1046 tue
1032 972 1218 1068 diiigenter
1232 975 1432 1070 inquirens,
1449 975 1618 1070 quioquid
1630 975 1714 1050 inde
1732 977 1911 1051 inveneris

489 1119 553 1193 per
575 1097 709 1168 licteras
732 1104 809 1168 tuas
828 1095 969 1167 culmini
991 1105 1108 1170 nostro
1124 1097 1319 1192 significare
1339 1121 1516 1195 procures.
1535 1099 1716 1195 Recipiens
1735 1100 1782 1172 ab
1797 1100 1906 1196 ipsis,

488 1220 518 1291 si
538 1219 728 1314 culpabiles
749 1219 880 1292 inventi
900 1219 1044 1312 luerint,
1065 1217 1311 1313 fidejussorum
1329 1221 1490 1296 idoneam
1512 1223 1726 1312 cautionem,
1747 1231 1789 1294 ut
1807 1223 1908 1296 ouria

466 1367 471 1390 ι
489 1352 605 1416 nostra
619 1351 767 1437 nequeat
786 1341 915 1415 exinde
931 1342 1123 1437 dampnum
1136 1345 1280 1440 aliquod
1298 1346 1484 1438 sustinere,
1502 1355 1538 1420 et
1550 1354 1649 1418 tuum
1667 1345 1818 1435 exinde,
1837 1357 1905 1420 etc.

537 1469 662 1540 Datum
676 1467 712 1538 in
731 1466 853 1539 castris
871 1453 979 1562 prope
996 1467 1247 1561 Mediolanum,
1267 1470 1342 1543 vill
1358 1470 1530 1555 octobris,
1544 1470 1621 1542 Xlll
1642 1469 1856 1542 indictionis.

324 1993 373 2026 ¹²⁶·
393 1984 426 2079 ,l
537 1983 760 2070 Mandatum
778 1987 830 2069 ad
847 1985 1097 2070 castellanum
1118 1985 1302 2072 Summae
1329 2013 1444 2098 super
1468 1987 1642 2072 custodia
1659 1987 1808 2073 arbusti
1827 1989 1907 2072 de-

311 2099 450 2188 23:⁸32·
484 2116 603 2200 manii
622 2118 735 2200 castri
753 2117 939 2228 ejusdem.

566 2303 692 2385 (lleqcst.
705 2305 811 2384 impar.
822 2301 910 2367 Frcd.
924 2305 966 2380 11,
982 2304 1034 2368 iol.
1047 2313 1066 2366 e
1078 2322 1184 2392 verena
1196 2309 1229 2368 lu
1238 2307 1311 2368 edlt.
1324 2305 1460 2386 Curcum,
1472 2325 1504 2387 p.
1518 2308 1602 2388 2⁴⁴.)

532 2464 656 2536 Eodem
672 2463 724 2534 die
738 2464 778 2534 do
792 2463 902 2534 eodem
914 2465 1073 2536 mondmo
1087 2467 1222 2560 scripsit
1235 2465 1321 2537 ι’ᾱειιι
1335 2496 1346 2537 .·

532 2587 746 2676 Frederious,
763 2595 846 2676 ota,
862 2587 1047 2660 castellano
1062 2589 1217 2678 Summe,
1232 2599 1298 2662 eto.
1311 2589 1484 2662 intellexit
1497 2591 1662 2663 serenitas
1675 2600 1793 2664 nostra
1808 2593 1906 2687 quod

485 2709 664 2783 arbustum
685 2708 836 2782 demanii
852 2709 953 2782 castri
972 2709 1078 2782 nostri
1098 2711 1239 2784 Summe
1260 2733 1323 2807 per
1337 2721 1574 2806 procuratores
1595 2723 1729 2786 nostros
1748 2715 1905 2808 ipsarum

484 2834 634 2930 partium
652 2845 804 2927 tempore
822 2854 892 2906 non
909 2832 1035 2905 colitur
1055 2843 1245 2928 oportuno,
1267 2843 1406 2930 propter
1425 2834 1522 2930 quod
1538 2835 1635 2908 curia
1649 2845 1765 2908 nostra
1782 2835 1906 2932 damp-

374 3035 384 3052 ,
485 2979 569 3028 oum
591 2957 748 3029 incurrit.
778 2955 994 3030 Conlidentes
1015 2957 1121 3050 igitur
1143 2956 1189 3031 de
1212 2957 1397 3052 prudentia
1421 2953 1462 3031 dt
1479 2959 1651 3050 legalitate
1674 2969 1733 3031 tua
1761 2959 1810 3033 de
1830 2981 1904 3054 qua

485 3080 660 3155 laudabile
672 3081 906 3154 testimonium
924 3091 977 3154 est
987 3080 1196 3177 perhibitum
1215 3102 1329 3154 coram
1349 3081 1470 3174 nobis,
1489 3081 1586 3177 quod
1600 3083 1795 3178 specialiter
1811 3085 1905 3158 circa

485 3205 735 3280 ordinationem
757 3213 792 3276 et
808 3205 1084 3300 procurationem
1105 3205 1346 3279 demoniorum
1365 3214 1559 3279 nostrorum
1576 3215 1611 3279 te
1627 3205 1775 3279 exhibes
1795 3207 1906 3280 iude-

485 3331 627 3421 iessum,
644 3329 918 3423 procurationem
933 3328 1042 3424 ipsius
1057 3328 1191 3402 arbusti
1205 3329 1268 3401 tibi
1287 3327 1454 3402 duximus
1469 3329 1660 3424 specialiter
1674 3331 1903 3403 commicten·

484 3451 579 3527 dam.
604 3450 775 3525 Fidelitati
799 3461 859 3524 tue
880 3451 1087 3526 mandamus
1111 3461 1284 3546 quatenus
1310 3452 1489 3524 arbustum
1515 3451 1630 3548 ipsum
1655 3451 1702 3526 ad
1720 3453 1903 3527 utilitatem

486 3576 582 3649 curie
598 3585 714 3648 nostre
735 3576 825 3648 siout
842 3577 965 3648 melius
989 3575 1155 3670 expedire
1177 3573 1309 3648 videris
1327 3575 1457 3648 iaciens
1478 3574 1643 3649 custodiri
1664 3584 1700 3647 et
1717 3575 1904 3670 diligenter

485 3699 697 3794 temporibus
710 3699 784 3771 suis
800 3700 879 3787 ooli,
901 3709 1090 3794 proventus
1104 3709 1140 3772 at
1157 3699 1290 3770 fructos
1303 3696 1349 3772 ad
1367 3719 1455 3794 opus
1472 3697 1574 3771 castri
1586 3699 1692 3772 nostri
1705 3699 1854 3794 recipias
1868 3711 1904 3773 et

484 3822 593 3894 utaris
609 3821 760 3912 eisdem,
777 3822 890 3895 taliter
907 3823 944 3894 iu
965 3823 1075 3918 ipsius
1097 3823 1337 3918 procuratione
1355 3821 1561 3896 utilitatibus
1578 3839 1674 3894 eume
1691 3833 1808 3896 nostre
1826 3835 1903 3896 stu-

485 3945 604 4020 diosus
619 3954 815 4034 aotentens,
834 3955 871 4018 ut
887 3947 1003 4020 valeas
1014 3948 1146 4021 exinde
1159 3944 1394 4020 commendari
1408 3953 1601 4049 etpropter
1616 3945 1683 4018 hec
1697 3955 1732 4020 et
1744 3946 1814 4020 alia
1828 3967 1902 4020 ser·

484 4068 650 4164 vitiaque
665 4069 834 4168 majestati
854 4079 970 4143 nostre
986 4069 1135 4144 fideliter
1147 4068 1313 4144 exhibere
1330 4067 1560 4164 dignosceris,
1577 4068 1762 4142 aoulmine
1782 4077 1902 4142 nostro

485 4191 592 4286 digna
606 4193 737 4287 premia
750 4193 986 4286 consequaris.

532 4317 657 4388 Datum
673 4316 710 4387 in
723 4316 841 4389 castris
854 4337 961 4411 prope
981 4315 1236 4406 Mediolanum,
1251 4315 1328 4388 lllll
1341 4315 1509 4405 octobris,
1522 4316 1599 4390 Xlll
1613 4314 1820 4388 indictionis.

532 4438 662 4512 Eodem
678 4437 736 4512 die
754 4438 800 4513 de
819 4439 942 4513 eodem
961 4437 1127 4512 mandato
1147 4438 1285 4534 scripsit
1303 4437 1397 4512 idem
1415 4438 1463 4512 ad
1477 4436 1649 4532 Angelum
1669 4438 1714 4512 de
1730 4439 1842 4512 Marra
1861 4448 1902 4510 ut

484 4583 553 4634 non
565 4562 720 4636 molestet
735 4563 849 4658 ipsum
870 4563 1094 4636 castellanum
1109 4584 1215 4658 super
1230 4561 1372 4636 arbusto
1391 4572 1427 4635 et
1439 4573 1614 4658 computet
1628 4563 1696 4635 sibi
1710 4569 1900 4656 proventus

483 4695 519 4758 et
529 4687 660 4758 tructus
673 4688 710 4758 in
723 4687 887 4782 expensis
895 4708 982 4781 quae
993 4685 1097 4760 debet
1110 4687 1265 4782 recipere
1277 4707 1299 4760 a
1310 4687 1419 4778 curia,
1433 4697 1472 4758 ut
1482 4687 1541 4779 jos
1554 4687 1649 4760 curie
1661 4705 1730 4760 non
1743 4685 1896 4758 ledetur.
