4224 5898
192 662 292 722 burri.
310 659 372 739 12]
640 653 836 714 utsvoltre
861 649 1152 714 hircocervus.
1543 645 1604 708 “289

193 816 259 868 uos
271 794 377 867 dante
390 791 536 866 Domino
553 809 659 883 super
675 787 833 862 hocloco
849 809 914 860 suo
934 796 969 860 et
985 797 1138 880 tempore
1154 781 1395 880 procedemus,
1411 781 1604 854 secundum

193 919 290 1014 quod
305 918 342 990 in
356 915 486 990 talibus
500 901 645 1008 requirit
659 911 746 986 ordo
757 911 846 1006 juris
862 909 877 1006 (
902 911 929 1007 ).

411 1245 926 1260 ,-....-.......-..,.....--..........-
1002 1246 1023 1252 .-
1044 1245 1097 1252 .....
1111 1243 1245 1252 ...-........
1303 1243 1312 1250 .

259 1525 463 1638 Gregorius
496 1553 596 1637 papa
632 1527 913 1636 archiepiscopo
943 1521 1146 1608 Mediolani
1176 1519 1326 1630 atejus
1358 1519 1607 1630 suffraganeis

200 1662 358 1742 mandat
389 1671 433 1744 ut
467 1661 507 1742 in
541 1659 569 1742 F
571 1661 774 1742 riderioum
810 1657 956 1740 dictum
991 1656 1257 1764 imperatorem
1291 1654 1606 1738 excommunica-

200 1793 314 1876 tionis
332 1803 370 1876 et
388 1793 640 1876 anathematis
664 1792 887 1875 sententiam
910 1789 1072 1899 singulis
1095 1787 1229 1870 diebus
1251 1785 1450 1870 dominicis
1468 1797 1506 1868 et
1527 1787 1609 1868 les-

202 1924 288 2008 tivis
306 1925 527 2008 solemniter
543 1924 731 2034 publicari
746 1931 964 2032 procurent.

283 2123 381 2202 (Edit.
396 2141 446 2202 ap.
464 2122 597 2185 Chone.
613 2124 648 2184 de
663 2121 723 2184 reb.
742 2125 774 2183 in
787 2119 856 2184 ltal.
871 2123 972 2204 pertis,
986 2139 1016 2200 p.
1036 2119 1118 2200 117.)

251 2297 445 2392 Gregorius,
462 2298 659 2392 episcopus,
679 2319 801 2370 servus
819 2318 997 2372 servorum
1016 2295 1090 2386 Dei,
1104 2294 1361 2368 venerabilibus
1374 2294 1535 2366 fratribus
1548 2316 1612 2367 ar-

204 2420 421 2516 chiepiscopo
443 2421 631 2494 Mediolani
656 2432 691 2494 et
710 2423 786 2514 ejus
801 2420 1028 2512 suffraganeis
1046 2420 1190 2491 salutem
1212 2427 1247 2490 et
1264 2420 1483 2514 apostolicam
1504 2419 1612 2492 bene·

205 2545 401 2619 dictionem.
420 2546 505 2618 Cum
525 2568 635 2640 nuper
661 2547 697 2618 iu
718 2547 936 2620 Frederioum
960 2545 1089 2618 dictum
1116 2546 1371 2638 imperatorem,
1392 2545 1613 2638 exigentibus

205 2669 351 2758 meritis,
372 2691 433 2762 pro
451 2691 493 2742 eo
517 2669 612 2764 quod
640 2670 733 2743 idem
757 2691 862 2766 super
886 2671 953 2740 biis
978 2691 998 2740 a
1026 2669 1125 2740 nobis
1153 2667 1333 2761 diligenter
1355 2667 1554 2740 admonitus
1580 2678 1615 2740 et

206 2793 401 2885 frequenter
424 2815 492 2865 uon
515 2795 625 2866 solum
647 2795 761 2866 lacere
781 2815 850 2866 non
873 2793 1028 2880 curavit,
1053 2791 1115 2864 sed
1142 2790 1246 2864 corde
1272 2793 1429 2884 nequiter
1454 2791 1614 2864 indurato

204 2915 333 3006 iugiter
350 2915 453 2988 etiam
477 2916 647 2988 deteriora
662 2917 857 3004 committit,
883 2916 928 2988 de
948 2918 1089 2988 fratrum
1104 2924 1297 2987 nostrorum
1316 2915 1457 2987 consilio
1473 2937 1614 2988 excom·

208 3037 450 3110 municationis
464 3039 733 3112 etauathemutis
746 3039 950 3112 seutentiam
966 3039 1198 3134 sollempniter
1210 3039 1480 3133 promulgantes
1496 3060 1616 3112 omues

208 3159 267 3251 qui
291 3160 324 3231 ei
348 3159 522 3232 fidelitatis
549 3163 745 3254 Juramento
774 3172 934 3234 tenentur
962 3162 1090 3233 astricti
1117 3161 1162 3232 ab
1191 3160 1346 3252 ejusdem
1377 3161 1617 3236 observatione

206 3283 389 3373 juramenti
407 3283 623 3357 decrevimus
643 3285 834 3374 absolutos;
857 3285 1043 3356 districtius
1063 3283 1255 3357 inhibendo
1269 3305 1314 3356 ne
1336 3284 1403 3356 sibi
1418 3283 1615 3358 fidelitatem

209 3404 392 3478 observent
414 3405 525 3480 donec
547 3409 687 3481 vinculo
716 3410 817 3480 suerit
845 3408 1215 3480 excommunicationis
1242 3409 1418 3498 astrictus3
1448 3409 1617 3482 universi-

210 3539 310 3601 tatem
338 3539 488 3604 vestram
517 3553 696 3604 monemus
730 3542 765 3605 et
795 3533 970 3604 hortamur
1000 3541 1146 3621 attente,
1180 3552 1242 3624 per
1270 3531 1456 3626 apostolica
1492 3533 1618 3626 scripta

211 3651 308 3724 vobis
329 3653 365 3724 in
383 3653 510 3726 virtute
525 3654 723 3744 obedientie
749 3653 890 3728 firmiter
907 3652 1128 3749 precipiendo
1146 3652 1348 3726 mandantes
1362 3663 1533 3748 quatenus
1548 3655 1620 3727 hu-

209 3775 358 3865 jusmodi
386 3778 754 3850 excommunioationis
781 3789 816 3850 et
840 3777 1069 3850 anathematis
1093 3777 1296 3848 seutentiam
1323 3777 1468 3871 singulis
1495 3778 1619 3852 diebus

213 3895 392 3971 dominicis
416 3909 451 3971 et
474 3901 624 3991 festivis,
649 3901 793 3996 pulsatis
816 3899 993 3994 campanis
1019 3908 1054 3970 et
1077 3897 1242 3970 caudellis
1266 3901 1436 3984 accensis,
1461 3902 1620 3996 sollemp-

609 4083 921 4092 n---o—sa—---.
927 4083 1084 4090 -κ--ι-

249 4179 285 4251 (t)
298 4181 320 4237 Β
333 4179 429 4238 litteris
441 4181 527 4255 ipsius
538 4183 664 4241 Friderici
677 4183 711 4241 ad
724 4183 888 4240 bichardum
902 4181 1054 4242 cornubiae
1067 4181 1192 4239 comitam
1203 4181 1274 4252 (vide
1286 4181 1354 4238 inira
1362 4199 1390 4255 p.
1404 4185 1476 4254 302),
1489 4185 1621 4243 conciliari

215 4283 325 4349 possunt
335 4283 459 4336 auctores
472 4283 517 4354 qui
533 4281 567 4338 de
578 4282 761 4354 promulgatae
775 4281 923 4338 sententiae
936 4281 980 4336 die
993 4280 1135 4336 dissentire
1152 4280 1222 4335 iuter
1239 4293 1268 4334 se
1285 4278 1421 4350 videntur,
1436 4279 1500 4340 dum
1520 4280 1564 4338 alii
1578 4281 1622 4339 die

216 4383 311 4428 cocum
324 4370 444 4444 Domini,
455 4378 486 4428 ut
498 4373 636 4430 Stadensis
647 4379 674 4430 et
685 4374 833 4430 bichardus
846 4374 880 4430 de
889 4374 916 4429 S.
931 4373 1081 4441 Germano,
1097 4371 1157 4441 alii,
1172 4377 1202 4427 ut
1215 4371 1331 4428 Parisius
1344 4376 1371 4426 et
1386 4372 1534 4429 monachus
1542 4373 1622 4430 Pata·

216 4463 305 4535 nnus,
328 4466 373 4524 die
394 4468 547 4524 Palmamm
567 4471 825 4527 excommunicatum
845 4469 928 4526 luisse
950 4469 1112 4526 Fridericurn
1131 4469 1235 4526 docent.
1260 4469 1356 4540 Liquet
1377 4468 1449 4524 euim
1470 4484 1621 4527 excommu-

218 4559 374 4618 nicationem
385 4561 513 4622 vicesimo
526 4565 569 4621 die
581 4567 669 4622 martii
684 4567 876 4636 denuntiatum,
894 4566 1022 4622 vicesimo
1042 4571 1137 4638 quarto
1159 4566 1202 4621 die
1223 4565 1323 4621 mensis
1336 4565 1456 4636 ejusdem
1470 4565 1622 4624 solemniter

217 4653 377 4726 publicatam
392 4659 484 4718 luisse.
504 4661 620 4719 litteras
640 4668 730 4720 emen
746 4679 815 4735 quae
835 4663 1136 4719 excommunicationem
1154 4661 1188 4717 ad
1207 4677 1376 4718 communem
1389 4661 1511 4719 notitiam
1533 4663 1623 4721 deler-

218 4755 286 4819 reut,
300 4751 359 4824 ipso
371 4753 416 4812 die
428 4755 583 4814 Palmarum
592 4759 648 4830 jam
664 4759 778 4832 scriptas
792 4757 873 4816 luisse
886 4775 920 4816 ex
932 4759 1056 4831 sequenti
1068 4758 1228 4816 documento
1242 4757 1430 4831 comperimus.

298 4853 336 4914 V.
1425 4865 1460 4918 tt
