4228 5892
480 599 542 661 396
980 599 1191 664 uutututct
1219 604 1394 664 secutur
1703 607 1785 683 [dun.
1804 609 1882 671 1239.

481 743 515 805 et
529 754 598 806 non
616 731 756 826 ambigo
772 729 868 824 quod
889 731 956 802 hoc
977 753 1134 806 summus
1152 737 1311 831 pontifex
1332 737 1420 809 inter
1443 745 1555 810 cetera
1574 737 1730 832 impensa
1749 741 1883 812 servitia

481 877 523 930 eo
544 856 675 948 gratius
696 855 889 950 acceptabit
908 876 980 948 quo
1001 857 1152 930 Ecclesie
1171 869 1288 933 sancte
1307 862 1381 932 fore
1401 861 1519 932 utilius
1544 873 1776 955 recognoscet.
1795 863 1885 938 Certo

482 980 662 1069 nuncin,
682 979 821 1067 fratres,
841 999 922 1050 caro
946 988 1080 1068 vestra,
1101 981 1137 1052 in
1155 992 1272 1055 vestro
1289 1005 1346 1054 me
1360 991 1483 1076 reputo
1500 985 1654 1077 proiectu
1673 985 1840 1080 prolicere
1855 994 1885 1058 et

483 1104 521 1173 in
539 1102 647 1194 gloria
664 1101 819 1176 exaltari.
840 1100 955 1174 Gratia
972 1123 1035 1176 vos
1054 1103 1116 1174 Dei
1135 1126 1206 1176 una
1225 1106 1261 1176 in
1277 1106 1439 1178 omnibus
1462 1108 1643 1200 proveniat
1663 1119 1698 1180 et
1714 1120 1881 1203 sequatm,

482 1247 551 1320 que
566 1225 707 1321 impleat
724 1225 761 1296 in
776 1223 877 1296 bonis
894 1223 1105 1297 desiderium
1126 1239 1276 1300 vestrum
1298 1238 1332 1300 et
1350 1229 1439 1300 felici
1464 1241 1677 1303 consummet
1695 1231 1792 1303 exitu
1814 1231 1882 1304 ieli-

482 1347 565 1421 citer
581 1347 751 1420 inchoata.

283 1947 446 2056 effi]
535 1914 771 2018 fridericus,
804 1912 1061 1995 Romanorum
1094 1914 1316 2022 imperator,
1346 1913 1536 1996 curialiter
1571 1917 1768 2024 redarguit
1800 1917 1880 2003 Na·

480 2074 613 2132 varrae
629 2071 758 2156 regern
777 2047 843 2154 qui
862 2072 939 2127 non
958 2045 1025 2127 ivit
1052 2046 1101 2126 ad
1124 2045 1251 2155 ipsum
1277 2046 1432 2152 quando
1454 2047 1626 2130 transivit
1651 2073 1720 2154 per
1747 2059 1879 2130 terram

480 2205 612 2288 suam,
642 2187 847 2286 monetque
865 2203 905 2258 se
931 2176 1156 2260 officialibus
1175 2180 1254 2259 suis
1279 2177 1320 2258 iu
1338 2203 1456 2287 regno
1474 2179 1677 2262 mandasse
1696 2191 1739 2262 ut
1756 2181 1826 2288 ipsi
1843 2207 1880 2264 se

478 2313 634 2396 devotos
652 2321 857 2419 exponant.

560 2533 693 2612 (Edlder.
716 2532 865 2592 Mnurann
884 2537 914 2590 et
934 2531 1086 2602 Duum,
1101 2527 1237 2610 Amplius.
1263 2527 1385 2608 cadet,
1402 2538 1426 2590 t.
1451 2530 1502 2604 ΙΙ,
1522 2531 1590 2591 ooli.
1612 2539 1764 2608 trun-ta,
1780 2544 1812 2594 n⁰
1826 2543 1876 2606 483

598 2639 662 2700 coll.
687 2653 754 2698 cum
772 2637 839 2697 cod.
858 2637 931 2696 Btbl.
953 2635 1054 2696 Cesar.
1076 2637 1183 2714 Parta,
1197 2633 1290 2714 soudr
1310 2636 1343 2696 S.
1365 2632 1610 2714 seru-Harey,
1626 2645 1696 2712 455,
1719 2655 1799 2714 pars.
1821 2639 1877 2710 ΠΙ,

597 2753 630 2803 n⁰
644 2751 695 2804 se.
709 2774 749 2786 -
764 2741 987 2818 lnsodpttonem
1001 2757 1092 2818 quam
1110 2743 1142 2800 ln
1160 2743 1260 2802 codice
1278 2741 1477 2802 Blhltotheoac
1498 2741 1752 2803 Mediomontunae
1768 2745 1808 2805 ol.
1827 2747 1877 2803 vtri

596 2849 726 2910 Thomas
740 2845 883 2924 Philltpps
898 2850 1085 2919 inventurus,
1099 2863 1180 2908 nnnc
1201 2847 1338 2908 addimus
1353 2865 1361 2906 :
1379 2843 1575 2906 «Μανίαν
1584 2848 1647 2928 rogi
1659 2848 1790 2910 Nauos-re
1804 2864 1877 2909 coa·

596 2953 702 3036 gaudet
715 2951 749 3014 de
762 2960 866 3015 mutua
879 2949 1084 3028 bcuiookutia,
1100 2951 1198 3014 ἀίειν
1214 2951 1292 3034 qnod
1302 2953 1364 3034 ejus
1377 2951 1496 3015 Metuit
1504 2953 1667 3032 petitiones.
1681 2973 1699 3012 n

525 3149 588 3220 Per
605 3148 770 3220 nuncium
788 3157 823 3218 et
840 3149 967 3219 litteras
983 3167 1094 3242 nuper
1112 3145 1261 3219 directas
1278 3145 1392 3238 nobis,
1411 3145 1458 3218 ad
1476 3167 1538 3218 nos
1557 3145 1606 3242 (a)
1619 3169 1735 3240 regem
1740 3199 1871 3219 .....

415 3253 420 3260 ’
476 3272 678 3366 imaginarie
698 3271 894 3343 venientem
920 3269 1038 3342 debita
1063 3270 1146 3342 satis
1165 3267 1425 3342 honorificentia
1448 3271 1664 3364 amplexatus
1689 3271 1755 3343 fuit
1775 3271 1876 3366 impe·

474 3396 568 3468 rialis
583 3395 727 3468 affectus
745 3403 781 3466 et
800 3403 868 3465 tarn
892 3394 928 3464 in
946 3393 1056 3466 salute
1077 3394 1170 3487 regia
1190 3394 1348 3490 exposita
1365 3415 1470 3488 qnam
1490 3395 1526 3464 in
1545 3395 1640 3487 regio
1655 3395 1776 3467 salutis
1797 3416 1875 3491 pro-

475 3518 586 3613 posito
605 3517 750 3588 nimium
778 3515 1012 3608 congratulata
1033 3524 1086 3588 est
1105 3517 1238 3588 Cesaris
1261 3515 1396 3588 affectio
1417 3515 1604 3610 diligentis.
1624 3516 1693 3589 Sed
1710 3527 1749 3588 ut
1766 3517 1876 3589 animo

474 3641 624 3714 dictante
649 3641 848 3734 loquamur,
869 3637 935 3710 hoc
957 3639 1068 3732 magis
1094 3639 1199 3712 immo
1221 3641 1422 3734 plusquam
1445 3639 1557 3734 magis
1577 3638 1746 3712 affectioni
1768 3651 1877 3713 nostre

474 3765 631 3838 cessisset
646 3762 691 3836 ad
702 3761 882 3856 gaudium,
898 3761 928 3833 si
943 3761 1037 3855 quod
1049 3762 1173 3833 obtulit
1189 3761 1312 3850 littera,
1328 3783 1476 3856 persona
1491 3763 1642 3834 venisset
1655 3770 1689 3833 et
1704 3783 1775 3856 que
1788 3778 1881 3834 nunc

473 3887 624 3959 scribere
641 3907 704 3958 nos
729 3886 820 3977 cogit
847 3884 1018 3978 absentia,
1039 3885 1135 3980 loqui
1160 3887 1331 3979 presentia
1353 3884 1554 3976 delectaret,
1572 3895 1612 3956 ut
1634 3893 1727 3957 tanto
1749 3894 1785 3957 et
1811 3895 1885 3958 tan

473 4032 553 4084 caro
569 4009 669 4082 uobis
688 4009 797 4081 arnico
817 4009 1004 4102 imperialis
1019 4008 1185 4082 serenitas
1207 4007 1396 4082 honoribus
1411 4009 1592 4102 condignis
1608 4017 1826 4100 assurgeret,
1851 4011 1888 4076 et

471 4155 577 4229 quam
599 4130 645 4204 ad
668 4151 733 4202 vos
750 4131 882 4202 sincere
900 4129 1093 4203 dilectionis
1108 4131 1359 4226 prerogativam
1375 4131 1562 4222 habemus,
1581 4131 1689 4204 verbo
1706 4144 1890 4225 exponere

471 4269 506 4332 et
516 4257 639 4330 effectu
653 4253 814 4350 prosequi
828 4253 1004 4348 potuisset.
1022 4253 1190 4326 Nimirum
1202 4275 1248 4325 ex
1261 4253 1327 4327 hac
1338 4253 1449 4328 amica
1460 4275 1530 4350 qua
1543 4253 1722 4327 affectione
1732 4253 1888 4348 langue

471 4403 566 4472 mus,
586 4387 621 4452 et
636 4378 847 4472 diligentiam
864 4386 1013 4450 vestram
1028 4398 1097 4450 non
1114 4377 1287 4450 immerito
1302 4377 1455 4474 quadam
1475 4377 1704 4450 benivolentie
1725 4376 1890 4472 increpa·

471 4504 563 4578 tione
586 4504 727 4575 serimus
749 4499 856 4598 quodx
872 4501 922 4572 sio
946 4509 1066 4573 votum
1091 4499 1222 4573 Cosanis
1248 4511 1397 4575 vestram
1420 4501 1562 4574 zelantis
1585 4501 1708 4574 facicm
1734 4499 1886 4574 deiram·

511 4675 553 4758 (a)
568 4674 626 4754 Ap.
636 4675 768 4737 Murteae
779 4691 788 4734 t
799 4669 978 4734 Portemus
991 4678 1019 4735 et
1029 4674 1166 4736 nuntium
1178 4692 1273 4756 nuper
1284 4673 1425 4738 diaetam
1435 4673 1516 4738 note
1527 4674 1569 4738 ad
1579 4677 1774 4738 vor-..mtuus
1785 4684 1884 4768 reete
