4350 5922
499 627 540 688 64
1000 619 1217 681 ruluuurcr
1245 623 1422 686 secuntur
1526 573 1528 582 '
1733 635 1812 719 [llam
1831 642 1917 704 1237.

498 783 567 857 qua
599 759 776 853 fungimur
811 755 1055 830 confirmantes
1085 769 1124 829 ut
1153 758 1340 854 sepedictis
1370 761 1653 842 ministerialibus
1682 791 1724 844 ac
1759 795 1919 873 compro·

497 885 705 957 vincialibus
736 881 850 977 Styrie
875 879 1034 954 homines
1064 882 1216 976 ipsorum
1243 885 1460 978 proprietatis
1489 889 1543 962 vel
1572 889 1609 962 in
1639 895 1770 988 prediis
1797 920 1917 975 aarum

497 1011 601 1084 modo
630 1009 783 1104 quolibet
816 1008 946 1102 positos
976 1004 1063 1103 (sic)
1092 1008 1154 1101 qui
1183 1007 1230 1080 ad
1261 1008 1419 1082 civitates
1449 1012 1505 1084 vel
1536 1013 1635 1088 villas
1662 1017 1816 1094 forenses
1845 1046 1917 1118 qne

496 1148 608 1209 erecte
637 1156 698 1230 per
727 1154 864 1206 omnem
893 1133 1003 1227 ipsam
1035 1141 1158 1205 terram
1186 1131 1313 1206 luerint
1335 1144 1370 1207 et
1396 1135 1544 1208 libertati
1569 1137 1707 1228 dedita,
1732 1146 1916 1222 occasione

495 1263 599 1354 hujus
617 1257 785 1332 libertatis
809 1257 1013 1350 confugiunt
1035 1256 1111 1330 sine
1138 1258 1275 1332 licentia
1301 1258 1521 1333 dominorum
1544 1263 1592 1336 ad
1617 1285 1705 1358 quos
1724 1271 1914 1364 pertinent,

496 1386 641 1481 propriis
666 1383 816 1456 dominis
839 1383 993 1476 ipsorum
1013 1383 1236 1455 restituantur
1263 1405 1343 1455 cum
1368 1384 1472 1457 rebus
1499 1388 1740 1463 occasionibus
1763 1395 1918 1487 quibus-

494 1512 578 1583 libet
604 1508 844 1605 pretermissis.
886 1507 1047 1580 Veientes
1087 1508 1190 1580 etiam
1222 1517 1338 1580 nostre
1372 1519 1637 1605 nostrorumque
1671 1537 1911 1592 suceessorum

493 1635 594 1708 saluti
611 1657 653 1708 ac
669 1632 855 1728 sepedictis
876 1631 1110 1726 styriensibus
1125 1631 1307 1705 salubriter
1320 1632 1522 1727 providere,
1541 1637 1724 1712 statuimus
1742 1649 1780 1712 ut
1793 1663 1914 1715 omnes

495 1773 589 1833 mute
614 1781 676 1854 per
704 1757 852 1852 Styriam
881 1777 950 1848 que
981 1757 1071 1828 ultra
1103 1754 1259 1828 debitum
1292 1757 1493 1830 lucrantia
1526 1760 1601 1832 suis
1629 1761 1823 1836 redditibus
1849 1785 1912 1859 ag·

492 1894 654 1980 gravate,
683 1883 719 1954 in
744 1901 917 1953 summam
945 1880 1145 1954 reddituum
1175 1903 1280 1974 quam
1307 1883 1486 1954 solverunt
1515 1883 1661 1977 predicti
1691 1886 1792 1961 ducis
1819 1889 1911 1962 lao-

491 2009 585 2106 poldi
614 2019 768 2100 tempore
798 2014 1028 2096 revertantur,
1061 2005 1217 2099 nullique
1246 2005 1391 2100 principi
1424 2007 1581 2098 ejusdem
1610 2017 1708 2083 terre*
1726 2011 1828 2084 lineat
1852 2035 1912 2090 eas

491 2142 605 2228 preter
632 2129 727 2224 quod
757 2129 890 2202 dictum
918 2137 970 2199 est
997 2127 1209 2221 quibuslibet
1236 2130 1478 2202 exactionibus
1505 2151 1707 2226 aggravare.
1737 2135 1911 2210 Monetam

495 2276 636 2350 quoque
661 2275 730 2347 que
753 2252 899 2345 siugulis
917 2252 1017 2322 annis
1036 2252 1179 2324 avaritia
1197 2263 1411 2346 exposcente
1433 2255 1565 2328 solebat
1587 2257 1747 2330 renovari
1771 2258 1809 2330 in
1834 2282 1915 2354 pre·

492 2379 664 2472 judicium
703 2398 888 2448 commune
929 2373 1159 2446 habitatorum
1195 2376 1352 2466 ejusdem
1392 2385 1500 2469 terre,
1537 2400 1584 2450 ex
1624 2401 1718 2453 nunc
1751 2383 1912 2456 volumus

491 2503 569 2575 sine
595 2501 738 2574 consilio
764 2499 939 2572 communi
964 2498 1237 2570 ministerialium
1257 2499 1425 2590 majorum
1446 2501 1558 2596 Styrie
1583 2503 1778 2578 nullatanus
1804 2528 1913 2579 reno·-

492 2627 567 2700 vari
601 2636 636 2698 et
665 2635 867 2698 renovatam
903 2625 939 2694 in
972 2623 1125 2717 pondere
1162 2623 1273 2716 primo
1303 2643 1364 2716 per
1395 2625 1672 2718 quinquennium
1704 2627 1905 2723 perdurare.

493 2751 682 2824 Statuimns
703 2749 808 2842 igitur
834 2759 868 2820 et
891 2746 1059 2841 imperiali
1084 2747 1259 2818 sancimus
1281 2745 1375 2818 edito
1401 2749 1560 2822 utnulla
1589 2771 1735 2844 persona
1757 2753 1827 2826 alta
1857 2755 1912 2828 vel

493 2875 650 2964 humilis,
670 2873 809 2968 publiea
831 2873 886 2942 vel
912 2873 1065 2966 privata,
1088 2868 1317 2942 ecclesiastica
1342 2871 1397 2942 vel
1418 2873 1582 2944 secularis
1607 2885 1723 2948 contra
1742 2877 1910 2971 presentis

493 2999 668 3094 privilegii
698 2996 994 3069 confirmationem
1025 3017 1113 3067 ausu
1142 2995 1323 3068 temerario
1352 2996 1472 3070 venire
1498 3009 1683 3091 presumat.
1715 2999 1817 3084 Quod
1847 3002 1909 3095 qui

495 3125 614 3196 venire
637 3121 881 3218 presumpserit
898 3129 1035 3192 centum
1058 3120 1163 3192 libras
1183 3120 1259 3191 auri
1283 3121 1361 3214 puri
1386 3131 1591 3216 componat,
1620 3123 1805 3198 medietate
1827 3125 1911 3200 fison

494 3260 629 3340 nostro,
652 3248 783 3341 reliqua
804 3247 913 3340 passis
930 3245 1091 3335 injuriam
1109 3244 1353 3338 persolvenda.
1374 3245 1417 3318 Ut
1432 3255 1547 3318 autem
1562 3245 1628 3318 hec
1643 3257 1758 3321 nostra
1786 3249 1911 3322 confir·

495 3373 599 3446 matio
630 3374 735 3444 robur
762 3371 913 3444 obtineat
937 3371 973 3440 in
1001 3379 1176 3463 posterum
1205 3378 1372 3463 perpetue
1401 3367 1591 3459 firmitatis,
1620 3393 1760 3466 pressus
1793 3373 1910 3467 privi-

494 3498 622 3588 legium
660 3495 733 3568 ficri
768 3507 803 3568 et
836 3495 948 3588 sigillo
993 3503 1108 3566 nostre
1150 3493 1285 3588 typario
1326 3494 1513 3584 maJestatis
1549 3495 1715 3590 impresso
1741 3498 1910 3589 jussimus

493 3619 667 3712 insigniri.

509 3773 512 3778 ·
541 3744 651 3834 Hujus
681 3743 731 3816 rei
755 3751 858 3814 testes
882 3751 964 3814 sunt
990 3741 1058 3811 bi:
1086 3739 1232 3814 Sitridus
1256 3741 1479 3835 Muguntinus
1506 3751 1541 3815 et
1571 3741 1793 3818 Eberhardus
1818 3747 1910 3818 Salz·

492 3868 676 3960 burgensis
694 3865 959 3962 archiepiscopi,
979 3865 1150 3938 Ekbertus
1173 3865 1454 3960 Bambergensis,
1478 3865 1628 3940 Sitridus
1653 3868 1910 3942 Ratisbonensis

492 3994 678 4088 imperialis
703 3994 783 4064 aule
807 3993 1052 4082 cancellariae,
1086 3991 1246 4085 Rugerus
1272 3989 1507 4083 Pataviensis,
1538 3991 1717 4065 Conradus
1743 3993 1908 4089 Froysin-

492 4116 608 4210 gensis
626 4116 791 4210 episcopi,
812 4117 890 4188 Otto
910 4116 1081 4212 palatinus
1098 4135 1214 4187 comes
1231 4111 1341 4186 Rheni
1359 4111 1435 4184 dux
1452 4117 1609 4205 Bavarie,
1626 4116 1796 4190 chricus
1811 4115 1909 4190 land·

492 4239 633 4330 gravius
649 4239 837 4332 Thuringie
852 4261 967 4312 comes
985 4239 1157 4333 palatinus
1178 4237 1347 4324 Saxonis,
1369 4236 1588 4310 Bernhardus
1614 4237 1691 4311 dux
1712 4238 1905 4331 Carinthio,

490 4364 708 4436 Hermannus
737 4363 892 4436 marchio
925 4364 971 4436 de
999 4362 1134 4454 Baden,
1161 4362 1339 4452 Conradus
1367 4363 1600 4456 burggravius
1626 4363 1671 4436 de
1698 4365 1905 4460 Nurnberg,

490 4487 658 4560 Gottlried
678 4487 723 4560 de
747 4487 944 4577 Hoheuloh,
967 4486 1160 4559 Friderioua
1182 4485 1227 4559 da
1243 4485 1530 4580 Trubendiugen,
1552 4509 1667 4560 comes
1689 4489 1907 4562 Hermannus

490 4611 536 4685 de
553 4613 760 4702 Ortcuburg,
781 4633 896 4684 eomes
912 4613 1143 4683 Hartmannus
1157 4609 1202 4682 de
1216 4609 1398 4706 Tylingen,
1419 4631 1534 4683 tomes
1550 4611 1755 4684 Wilbelmus
1774 4612 1819 4685 de
1834 4615 1905 4685 Hu-

489 4735 668 4830 nenburg,
699 4755 814 4808 comes
844 4733 1022 4808 Conradus
1050 4733 1095 4809 de
1124 4733 1325 4822 Hardeckh,
1352 4733 1534 4806 Heinricus
1561 4733 1606 4808 de
1635 4734 1903 4832 Schauenburg,
