4246 5906
238 633 337 697 lentur.
356 634 419 710 13.]
684 631 879 692 HISTORIA
903 629 1193 693 nlntotlnrtct
1579 631 1639 692 539

240 770 308 840 alta
323 777 358 840 et
375 766 529 855 humilis,
548 766 663 836 nullus
680 763 772 857 dux,
791 765 954 855 marchio,
978 787 1109 855 eomes,
1125 775 1291 860 potestas,
1312 785 1375 838 seu
1397 785 1561 855 comune,
1580 785 1639 838 ec-

240 891 431 962 clesiastica
451 889 504 962 vel
520 888 684 962 secularis
707 909 871 983 persona,
895 910 1042 962 comune
1065 891 1180 984 ipsum
1199 888 1381 962 Cumarum
1402 899 1519 962 contra
1536 888 1641 979 hujus

242 1023 356 1086 nostre
370 1011 640 1086 confirmationis
651 1013 813 1107 paginam
834 1022 959 1085 temere
981 1013 1147 1107 impetere
1166 1034 1228 1085 seu
1253 1015 1433 1084 molestare
1452 1021 1638 1106 presumat.

242 1137 343 1224 Quod
362 1137 423 1232 qui
444 1135 689 1231 presumpserit
711 1156 836 1230 penam
860 1145 997 1208 centum
1020 1136 1186 1207 librarum
1211 1135 1287 1207 anri
1310 1157 1347 1208 se
1370 1135 1503 1208 noverit
1530 1135 1642 1206 ineur-

241 1283 374 1351 surum,
394 1259 576 1332 medietate
594 1279 727 1330 camere
743 1267 857 1332 nostre
872 1269 906 1331 et
919 1259 1052 1354 reliqua
1065 1259 1248 1332 medietate
1260 1260 1370 1354 passis
1387 1259 1545 1352 injuriam
1566 1279 1643 1352 per·

244 1383 426 1474 solvenda,
451 1385 548 1456 salva
569 1383 605 1454 in
631 1382 792 1454 omnibus
813 1383 978 1478 imperiali
1002 1383 1153 1474 justicia.
1182 1383 1238 1454 Ad
1262 1383 1366 1474 hujus
1391 1393 1506 1456 autem
1531 1396 1644 1460 nostro

247 1506 515 1580 confirmationis
531 1507 730 1578 memoriam
748 1516 783 1578 et
799 1506 905 1579 robur
927 1517 1093 1601 perpetuo
1112 1507 1315 1595 valiturum,
1337 1527 1478 1601 presens
1498 1510 1645 1604 privile-

244 1632 339 1724 gium
359 1629 432 1704 fiori
450 1641 484 1702 et
501 1629 613 1722 sigillo
628 1629 815 1721 majestatis
830 1639 944 1702 nostre
955 1631 1122 1722 jussimus
1136 1630 1352 1702 communiri.

294 1753 406 1843 Hujus
425 1762 540 1824 autem
561 1753 611 1824 rei
632 1761 736 1824 testes
753 1763 834 1824 sunt
853 1780 861 1823 :
880 1753 1049 1826 Berardus
1073 1753 1333 1825 Panormitanus
1349 1754 1643 1850 archiepiscopus,

250 1930 287 1950 ..
306 1929 315 1948 .
336 1878 500 1971 Reginus.
519 1931 528 1950 .
546 1887 603 1949 .et
617 1877 836 1950 Tanrinensis
848 1877 1017 1971 episcopi,
1033 1876 1213 1950 Gavardus
1224 1877 1268 1950 de
1280 1877 1488 1973 Arnesteyn,
1502 1881 1648 1954 Thomas

247 2021 361 2074 eomes
377 1999 597 2088 deerrat-um,
620 2001 816 2073 lantelmus
839 2009 873 2072 et
891 1999 1055 2072 Girardus
1070 2000 1114 2072 de
1128 2000 1265 2091 lauda,
1288 2001 1487 2074 Fredericus
1503 2003 1548 2077 de
1566 2004 1647 2076 Ber·

249 2145 350 2219 gamo
369 2125 527 2213 comites,
547 2123 694 2198 Obertus
720 2123 771 2218 (o)
794 2123 945 2196 marchio
969 2123 1185 2196 Pelavioiuns
1202 2123 1374 2218 Papiensis
1395 2133 1430 2198 et
1449 2124 1650 2200 Guillelmus

249 2249 295 2322 do
312 2245 493 2320 Simbardo
514 2246 749 2321 Cremonensis
768 2254 968 2341 potestates,
988 2255 1023 2318 et
1042 2247 1100 2318 alii
1117 2247 1246 2341 plures.
1668 2324 1675 2330 ,

297 2373 442 2462 Signum
459 2369 589 2442 domini
608 2369 780 2444 Fredorici
796 2368 957 2455 secundi,
976 2368 1037 2440 Dei
1059 2371 1168 2463 gratia
1186 2369 1403 2442 invictissimi
1421 2372 1650 2446 Romanorum

250 2495 465 2589 imperatoris
478 2515 613 2590 semper
629 2493 784 2587 augusti,
801 2493 985 2566 Ierusalem
1001 2502 1036 2564 et
1049 2494 1163 2566 Sicilie
1178 2493 1284 2586 regis.

298 2617 384 2689 Acta
419 2623 501 2688 sunt
532 2615 597 2690 hec
625 2637 717 2689 anno
744 2615 917 2690 dominice
942 2615 1185 2688 incarnationis
1215 2617 1396 2688 millesimo
1419 2616 1654 2690 ducentesimo

253 2739 424 2812 tricesimo
446 2759 553 2830 nono,
581 2759 700 2812 mense
723 2738 940 2828 novembris,
966 2738 1201 2812 terciodecimo
1223 2739 1441 2830 indictionis,
1466 2741 1655 2834 imperante

251 2862 390 2935 domino
417 2871 532 2934 nostro
557 2862 736 2936 Frederioo
759 2862 929 2952 secundo,
959 2863 1021 2934 Dei
1044 2861 1152 2953 gratia
1177 2863 1400 2935 invictissimo
1425 2864 1655 2936 Romanorum

254 2985 459 3080 imperatore
476 3007 612 3080 semper
632 2993 796 3078 augusto,
819 2986 1001 3058 Ierusalem
1021 2996 1056 3056 31
1071 2986 1186 3058 Sicilie
1203 3007 1302 3079 roge,
1322 2985 1458 3080 imperii
1473 2987 1549 3078 ejus
1564 3007 1656 3059 anno

251 3107 417 3182 vicesimo
440 3107 510 3203 (l),
535 3108 632 3202 regni
658 3110 841 3182 Ierusalem
867 3108 1143 3202 quintodecimo,
1171 3105 1287 3207 [anno]
1309 3131 1392 3182 vero
1418 3111 1516 3205 regni
1542 3110 1656 3192 Sicilie

251 3230 703 3329 quadragesimosecundo,
723 3232 877 3304 feliciter.
897 3233 1020 3304 Amen.

299 3358 386 3430 Data
404 3357 582 3448 Cremone,
599 3377 702 3443 anno,
722 3377 839 3429 meuse
854 3365 888 3428 et
905 3355 1092 3429 indictione
1105 3357 1281 3452 predictis.

465 3647 863 3658 Ἣ...-

308 3905 509 4012 Henricus,
534 3932 601 3988 rex
622 3905 802 3988 Turrium
824 3915 861 3988 et
889 3905 1075 4012 GalluriS,
1103 3906 1199 3988 sacri
1226 3905 1373 4016 imperii
1400 3906 1439 3986 in
1467 3885 1660 3989 11311313-
1729 3947 1744 3977 n

259 4045 390 4146 gatus,
414 4037 646 4121 universitati
668 4039 875 4122 Maceratae
894 4064 964 4148 pro
985 4038 1060 4122 fide
1079 4037 1161 4148 ejus
1184 4047 1220 4122 et
1242 4039 1359 4150 gratis
1383 4039 1542 4125 servitiis
1564 4066 1661 4124 con-
1717 4106 1746 4139 „
1830 4123 1837 4137 ,

259 4168 356 4251 cedit
373 4180 411 4252 et
428 4169 627 4254 confirmat
643 4181 767 4254 castra
786 4171 944 4280 Cassiis,
960 4171 1174 4280 Nunoastri,
1189 4171 1358 4282 Miligani
1376 4200 1465 4258 cum
1482 4172 1660 4258 omnibus

301 4343 342 4426 (a)
364 4345 401 4407 ln
415 4346 490 4409 libro
503 4345 643 4412 11313131
645 4391 656 4426 ,
671 4351 771 4411 mlnus
784 4355 872 4412 recte.

294 4611 331 4685 (1)
347 4611 498 4672 Vicesimus
514 4614 619 4688 imperil
635 4629 723 4674 annus
741 4631 757 4674 a
775 4616 903 4674 vicesimo
917 4617 1033 4674 secundo
1046 4616 1091 4674 die
1104 4617 1224 4691 ejusdem
1238 4615 1340 4675 mensis
1355 4616 1511 4678 novembris
1525 4617 1660 4680 cumbet.

262 4708 338 4780 Quot
349 4711 456 4784 quidem
469 4713 566 4786 probat
578 4713 628 4772 hac
640 4714 684 4773 die
696 4715 830 4790 posterius
841 4731 902 4774 esee
915 4715 1112 4774 documentum.
