4350 5922
505 605 547 668 46
1005 605 1220 666 tulnuulcl
1244 605 1419 668 sacuam
1731 606 1810 690 [du.
1828 609 1914 673 123⁷.

504 741 673 838 episcopi,
689 742 731 813 Ο.
749 739 826 813 dux
843 741 989 813 Bavarie
1005 762 1121 813 comes
1136 742 1311 836 palatinus
1328 743 1435 831 lleui,
1455 739 1695 814 Weruhardns
1707 741 1784 816 dux
1795 743 1919 818 Karin-

504 865 595 955 thio,
610 868 653 936 ll.
672 865 888 958 lantgravius
904 864 1113 956 Thuringic‚
1134 865 1918 953 Gotiridusdellohenloch,Cl1uuradmbnr·

504 991 646 1085 gravim
665 990 711 1062 de
724 989 979 1080 Nurcmhcrch‚
998 999 1034 1061 et
1046 990 1104 1060 alii
1118 992 1354 1084 quamplures.

551 1113 637 1185 Acta
653 1123 735 1185 sunt
751 1113 817 1186 hec
829 1134 922 1186 anno
937 1113 1112 1186 dominice
1127 1114 1371 1187 incarnationis
1384 1113 1630 1204 dccxxxvi,
1647 1135 1767 1186 meuse
1778 1117 1912 1206 marcii,

503 1236 536 1307 Χ
551 1235 774 1330 indiccionis,
793 1239 984 1333 imperante
1004 1235 1147 1310 domino
1163 1247 1279 1310 nostro
1300 1237 1472 1311 Frlderioo
1487 1239 1537 1329 ΙΙ,
1553 1239 1616 1310 Dei
1629 1239 1739 1332 gralia
1754 1239 1915 1312 invictis·

503 1361 591 1432 simo
608 1361 837 1434 Romanorum
853 1363 1057 1456 imperatore
1081 1381 1217 1457 semper
1233 1371 1401 1456 augusto,
1426 1362 1615 1434 Jerusalem
1631 1371 1668 1432 et
1681 1363 1797 1434 Sicilie
1812 1385 1910 1458 rege,

504 1485 639 1580 imperii
654 1489 731 1579 ejus
748 1509 840 1558 auno
855 1487 960 1578 XVll,
977 1486 1075 1580 regui
1089 1487 1275 1559 Jerusalem
1288 1487 1370 1580 llll,
1389 1487 1486 1578 mgni
1503 1507 1588 1559 vem
1600 1486 1716 1560 Sicilie
1726 1488 1911 1578 xxxvllt,

504 1609 657 1682 feliciter.
675 1611 798 1683 Amen.

550 1735 673 1806 Datum
692 1735 859 1824 Wienne,
875 1757 983 1827 anno,
1002 1757 1139 1826 meuse,
1159 1733 1353 1808 indiccione
1370 1735 1579 1832 prescriptis.

441 2455 449 2480 ²
555 2345 787 2454 Fridericus,
807 2346 1068 2429 Romanorum
1090 2345 1311 2462 imperator,
1332 2345 1492 2428 mandat
1504 2343 1700 2454 judicibus
1720 2353 1759 2428 et
1775 2355 1912 2427 muta-

424 2511 431 2523 ·
501 2479 568 2562 riis
585 2481 665 2562 suis
682 2506 750 2588 per
768 2479 963 2562 Austriam
981 2488 1019 2562 et
1036 2479 1202 2590 Styriam
1219 2489 1264 2561 ut
1276 2479 1519 2590 privilegium
1530 2477 1706 2588 liupoldi
1717 2479 1911 2589 quondam

502 2613 610 2696 ducis
628 2612 844 2723 praeposito
862 2639 907 2695 ac
924 2613 1125 2698 couventui
1143 2615 1192 2696 de
1208 2612 1461 2723 Richersperg
1480 2620 1715 2695 conservent.

582 2825 679 2908 (lidlt
694 2845 742 2905 ap
763 2827 896 2889 nomn.
910 2827 1002 2904 Bora,
1017 2835 1091 2889 tom.
1109 2828 1226 2901 ml,
1239 2844 1310 2904 pars
1329 2837 1370 2902 1¹,
1388 2843 1421 2904 p.
1444 2834 1516 2900 ⁵6⁷,
1530 2843 1548 2887 e
1560 2825 1627 2888 md.
1649 2824 1760 2887 munh.
1783 2831 1910 2886 monast

621 2936 790 3014 mehusp„
803 2952 883 2996 anno
899 2943 975 2996 1420
987 2938 1165 3012 ccmcrlpto,
1179 2934 1233 2996 lol.
1251 2942 1288 2994 aa
1305 2931 1347 3012 b.)

550 3123 574 3195 F
575 3122 761 3213 ridericus‚
780 3123 842 3195 Dei
859 3122 970 3212 gratia
989 3123 1221 3194 Romanorum
1242 3121 1427 3216 imperator
1451 3141 1588 3215 semper
1605 3127 1793 3212 angustus,
1810 3118 1912 3190 Jeru-

501 3249 606 3320 salem
629 3256 664 3319 et
687 3247 801 3318 Sicilie
825 3267 909 3336 nex,
935 3245 1108 3318 universis
1133 3245 1311 3338 judicibus
1338 3254 1373 3318 ct
1400 3244 1557 3317 noeriis
1580 3243 1653 3315 suis
1678 3265 1742 3338 per
1766 3241 1911 3315 ducatus

501 3372 641 3444 Austrie
657 3382 693 3445 el
714 3373 826 3468 Styrie
848 3372 1042 3444 constitutis
1063 3370 1225 3445 fidelibus
1250 3371 1324 3444 suis
1349 3379 1525 3466 presentes
1553 3369 1682 3441 litteras
1705 3367 1911 3463 inspecturis

501 3497 645 3588 gratiam
660 3519 758 3569 suam
779 3505 814 3570 et
831 3518 934 3569 omne
950 3499 1093 3570 bonum.
1107 3497 1163 3568 Ex
1180 3507 1276 3591 parte
1293 3495 1506 3569 honorabilis
1522 3493 1687 3590 propositi
1702 3502 1737 3566 et
1751 3512 1911 3564 conven-

501 3632 557 3692 tus
584 3619 630 3692 de
659 3621 906 3716 llichersperge
930 3619 1084 3694 fidelium
1111 3631 1306 3694 nostrorum
1330 3629 1448 3692 nostro
1472 3621 1538 3691 luit
1565 3619 1708 3691 culmini
1734 3615 1911 3688 humiliter

500 3747 732 3841 supplicatum
752 3757 792 3818 ut
814 3747 960 3841 gratiam
987 3755 1022 3818 ct
1047 3747 1237 3819 libertatem
1264 3746 1309 3817 ab
1336 3744 1459 3817 illustri
1491 3743 1583 3816 duce
1612 3741 1781 3838 Luipoldo
1804 3739 1910 3812 lelicis

500 3871 664 3942 memorie
682 3871 772 3944 duce
794 3871 931 3943 Austrie
950 3893 991 3942 ac
1009 3872 1120 3967 Styrie
1146 3893 1250 3965 snper
1269 3869 1493 3963 vectigalium
1507 3879 1542 3940 et
1556 3867 1781 3964 pedagiorum
1801 3885 1911 3936 exac-

499 3995 627 4066 tionem
641 3995 794 4068 omnium
811 4017 927 4068 rerum
940 4017 1082 4068 suarum
1098 3995 1279 4068 mobilium
1295 3994 1343 4090 (a)
1363 3994 1507 4066 ecclesie
1518 4014 1582 4064 sue
1598 3991 1781 4080 indultam,
1798 3997 1910 4058 nostre

498 4119 755 4212 approbationis
771 4118 995 4212 dignaremur
1012 4119 1205 4193 munimine
1223 4116 1439 4192 confirmare.
1454 4117 1652 4210 Nocitaque
1665 4114 1794 4209 pietate
1810 4111 1909 4183 solita

498 4265 568 4336 qua
583 4245 737 4337 personis
752 4245 923 4335 religiosis
939 4247 1036 4318 lavor
1053 4255 1168 4318 noster
1181 4245 1305 4318 adesse
1321 4242 1513 4334 consuevit,
1534 4240 1671 4314 devotis
1688 4259 1808 4311 eorum
1831 4255 1909 4330 pre·

498 4367 598 4440 cibus
615 4369 848 4442 favorabiliter
870 4369 1039 4464 inclinati,
1060 4371 1206 4466 gratiam
1221 4380 1256 4443 et
1276 4369 1469 4442 libertatem
1483 4388 1591 4462 quam
1610 4365 1656 4438 ab
1679 4361 1800 4436 eodem
1820 4359 1909 4432 duce

497 4491 673 4588 leupoldo
700 4493 737 4565 in
756 4494 830 4566 suis
849 4494 1017 4568 hactenns
1038 4495 1262 4568 obtinuerunt
1284 4493 1476 4592 privilegiis
1498 4493 1535 4564 in
1562 4489 1770 4565 deductione
1796 4505 1908 4558 rerum

540 4740 580 4824 (a)
601 4743 710 4807 sum
724 4744 877 4818 aarum,
891 4746 944 4809 aar
956 4745 1035 4810 um
1047 4747 1233 4826 expuuntur.
