4226 5900
184 601 283 662 lunum.
303 594 363 678 la]
633 593 832 654 HISTORIA
860 591 1156 654 nlrncmarrcn.
1544 589 1604 652 487

185 734 377 827 unicuique
393 750 513 804 earum
532 726 713 820 videlicet,
732 730 884 802 tunicam
905 728 951 802 de
971 730 1154 802 mostarolo
1176 725 1243 822 (t),
1265 725 1354 798 duas
1376 725 1548 816 camisias,
1572 737 1607 800 et

184 859 275 933 dnos
296 854 444 930 luceolos
461 847 514 948 (2)
535 850 580 924 de
602 873 718 947 panno
736 853 852 944 lineo;
872 853 1006 926 ancillis
1021 862 1137 926 autem
1156 872 1291 924 camere
1307 859 1423 924 nostre
1444 873 1515 946 que
1532 851 1607 922 ibi-

183 982 265 1058 dem
281 987 363 1054 sunt
375 999 439 1075 pro
456 998 669 1071 unaquaque
683 979 829 1074 juppam
843 999 949 1050 unam
967 975 1013 1050 de
1030 984 1172 1073 mnyuto
1190 973 1253 1072 (a),
1275 974 1365 1047 duas
1381 974 1554 1066 camisias,
1573 986 1608 1048 et

184 1106 274 1179 duos
286 1104 436 1178 luceolos
447 1100 493 1173 de
507 1121 624 1195 penno
639 1101 745 1190 lineo,
763 1101 871 1174 lacius
884 1101 1061 1188 exhiberi,
1078 1099 1123 1174 de
1137 1099 1364 1198 proventibus
1380 1097 1475 1170 curie
1491 1107 1608 1172 nostre

184 1230 246 1324 qui
273 1236 356 1300 sunt
373 1247 437 1322 per
454 1245 578 1298 manus
596 1233 692 1316 tuas,
713 1247 755 1298 eo
778 1225 910 1298 eisdem
935 1225 1100 1298 omnibus
1116 1245 1179 1320 per
1200 1245 1324 1296 manus
1345 1221 1427 1296 dicti
1450 1221 1607 1294 Benbns·

186 1353 325 1447 cbeulry
337 1369 509 1446 expensas
526 1347 708 1438 exhibeas,
728 1361 833 1445 prout
847 1372 869 1423 a
881 1347 1064 1423 Thomasio
1084 1348 1130 1422 de
1143 1347 1341 1421 Brundusio
1356 1347 1509 1442 recipere
1527 1367 1610 1419 con·

186 1483 376 1548 sueverunt
400 1495 421 1544 a
445 1480 598 1564 ternpore
623 1471 790 1545 videlicet
818 1493 889 1566 qno
920 1493 989 1546 non
1012 1471 1206 1544 habuerunt
1236 1480 1270 1544 et
1300 1471 1338 1542 in
1366 1479 1483 1561 antee,
1507 1472 1609 1563 juxta

186 1599 343 1672 assisiam
360 1596 455 1670 curie
473 1607 603 1670 nostre.

234 1725 361 1796 Datum
381 1719 477 1816 apud
495 1721 671 1812 Laudem,
692 1723 725 1793 X
740 1719 959 1810 novembris,
979 1720 1058 1791 Xlll
1075 1719 1285 1792 indictionis.

401 2013 1077 2024 -mt———n--u---w-—v-
1087 2015 1092 2020 ι
1102 2013 1297 2021 ------..---..
1305 2011 1404 2022 ...n—-

240 2259 464 2345 Mandatum
487 2259 538 2344 ed
556 2259 833 2369 Alexandrum,
855 2259 979 2343 lilium
998 2259 1169 2368 Henrici,
1189 2285 1259 2370 pro
1284 2260 1424 2343 dandis
1442 2261 1609 2346 vestibus
1694 2309 1759 2367 „a

187 2403 224 2476 et
250 2395 426 2502 expensis
452 2393 746 2478 bartholomaeo
773 2395 922 2478 custodi
952 2421 1125 2478 camerac
1150 2393 1295 2480 Melfiae
1322 2405 1359 2478 et
1390 2395 1543 2481 Canusii
1573 2411 1611 2482 et
1642 2363 1809 2462 nlilffia.

186 2525 316 2634 pueris
333 2525 401 2635 qui
421 2537 512 2612 sunt
529 2527 569 2608 in
595 2528 729 2610 eedem
755 2553 920 2610 camere.

270 2725 399 2805 (nequer.
412 2727 517 2806 imper.
530 2724 647 2787 stodor.
665 2727 705 2802 11,
720 2725 773 2788 iol.
792 2737 828 2788 19
843 2733 941 2802 rect03
956 2728 989 2788 ln
1001 2727 1073 2788 edit.
1087 2727 1224 2806 Curcum,
1238 2744 1267 2806 p.
1284 2729 1368 2808 26².)

237 2901 320 2971 lma
338 2900 466 2972 edem.-

237 3021 458 3116 Fredericus,
479 3032 547 3095 etc.
567 3021 776 3096 Mendamus
793 3031 828 3096 et
845 3023 1059 3118 precipimus
1077 3022 1234 3097 fidelitati
1253 3031 1313 3096 tue
1328 3035 1500 3118 quatenns
1521 3030 1612 3102 Bar-

189 3146 363 3219 tholomeo
379 3147 514 3220 custodi
529 3168 665 3220 camere
683 3156 798 3221 nostre
815 3146 929 3220 bdellio
946 3155 981 3220 et
994 3147 1133 3220 Canusii
1152 3167 1214 3242 pro
1231 3147 1331 3220 seed
1352 3150 1611 3242 requisitionem

187 3269 300 3364 ipsius
317 3270 470 3343 tunicam
484 3283 518 3343 et
532 3271 780 3366 guernacbiam
797 3272 842 3345 de
854 3273 1038 3345 mosterolo
1055 3272 1259 3344 inferratam
1270 3272 1423 3365 agninis,
1444 3283 1478 3345 et
1490 3297 1611 3372 capam

189 3393 235 3467 de
253 3393 435 3467 florentino
452 3394 518 3492 (3),
541 3417 583 3467 ao
600 3395 718 3490 pueris
733 3395 795 3490 qui
814 3404 896 3468 sunt
919 3395 955 3466 in
979 3396 1101 3469 eadem
1122 3417 1259 3468 camera
1278 3397 1469 3491 unicuique
1490 3420 1611 3472 eornm

188 3516 320 3590 scilicet
340 3518 494 3592 tunicam
515 3517 561 3592 de
588 3528 731 3612 vergeto
752 3516 805 3614 (l)
823 3527 858 3590 et
883 3539 1007 3613 cepam
1029 3517 1074 3591 de
1098 3519 1229 3592 albasio
1247 3517 1314 3615 (5),
1338 3541 1381 3592 ac
1405 3519 1497 3594 dicto
1523 3523 1612 3596 Ber-

232 3679 275 3760 (o)
300 3683 337 3742 ln
351 3681 415 3742 cod
429 3679 584 3759 Phllllpps.
600 3688 756 3760 propr-mm
771 3681 844 3759 quid
857 3697 920 3743 vox
934 3681 1082 3761 slgnldcct
1095 3683 1253 3744 nesdmus.

226 3914 263 3987 (t)
276 3913 351 3972 Idem
363 3915 473 3973 lorsitan
481 3917 554 3990 qnod
564 3917 630 3974 alibi
641 3917 740 3974 dicitur
753 3917 900 3991 mostoytn.
913 3919 956 3974 dn
966 3918 1080 3975 mustela
1093 3933 1141 3976 seu
1152 3917 1319 3976 mustellinae
1331 3919 1426 3994 pelles,
1439 3923 1540 3981 nostris
1548 3924 1613 3984 olim

189 4011 346 4070 umustcilts
365 4011 408 4071 vel
421 4013 539 4071 matilia
549 4029 599 4088 pro
612 4015 744 4086 musula,
759 4013 871 4072 beletts?
881 4015 942 4086 Quo
958 4029 1041 4073 sensu
1060 4016 1094 4073 de
1113 4016 1204 4074 tunica
1217 4017 1333 4090 pellibus
1346 4018 1477 4079 inlurrntn
1494 4021 1546 4078 sub
1562 4022 1613 4080 bac

189 4125 257 4169 voce
268 4111 312 4183 agi
324 4109 451 4168 libentium
460 4111 633 4168 crediderim.

226 4208 263 4280 (2)
281 4207 466 4265 verisimiliter
481 4225 531 4282 pro
546 4208 688 4282 fasciolas,
707 4209 809 4267 scilicet
826 4213 982 4282 tegumenta
1001 4209 1127 4267 cruribus
1146 4211 1272 4283 aptanda.
1286 4211 1327 4269 Cf.
1342 4212 1429 4288 σιω).
1444 4215 1559 4288 ptosnnr.
1580 4219 1614 4276 ed

190 4303 315 4362 verbum.
882 4323 884 4326 ·

227 4401 263 4474 (3)
281 4401 473 4459 Diminntivum
488 4401 625 4460 videtura
641 4403 744 4476 ttorsto,
759 4403 855 4476 gallice
865 4401 971 4476 decret,
986 4405 1069 4477 panni
1082 4404 1188 4478 species
1202 4422 1236 4463 ex
1249 4405 1293 4463 lilo
1307 4407 1396 4466 serico
1408 4411 1536 4470 crassiori
1551 4428 1614 4471 con·

191 4505 273 4556 uxta.

227 4594 267 4668 (t)
286 4595 331 4652 Sic
344 4611 393 4669 pro
404 4599 525 4671 strpere,
540 4598 627 4657 italice
640 4605 766 4671 corpote,
779 4614 886 4672 pannus
897 4598 1070 4673 migravere
1088 4601 1158 4658 seris
1172 4606 1201 4658 et
1217 4601 1306 4660 colora
1320 4605 1452 4677 porrectis
1463 4607 1614 4668 distinctus.

227 4693 265 4767 (5)
284 4693 375 4752 italice
386 4694 505 4769 otbnpio,
520 4696 603 4771 panni
615 4695 684 4756 lanei
696 4695 811 4770 speeies.
