4278 5920
479 549 552 616 ,lto
991 545 1204 608 llllllllllllcl
1230 546 1405 608 secubet
1715 543 1795 628 [Aac.
1813 545 1897 607 1237.

535 685 757 760 sanctissimo
778 685 823 758 iu·
836 684 969 757 Christo
987 684 1076 778 patri
1100 683 1240 756 domiuo
1260 683 1424 776 Gregorio
1447 689 1565 754 sancte
1581 681 1735 754 Romane
1750 681 1900 756 Ecclesia

490 830 625 882 summo
642 807 812 903 pontifici,
831 807 1034 880 Fredericus
1051 805 1174 878 eadem
1192 806 1302 899 gratia
1316 807 1548 878 Romanorum
1565 804 1751 898 imperator
1767 826 1902 900 semper

490 941 675 1025 augustus,
705 932 918 1005 Hierusalem
948 941 982 1002 et
1013 930 1126 1002 Sicilie
1151 931 1402 1020 rex,.salutcm
1427 937 1461 1002 et
1487 929 1715 1001 reverentiam
1745 927 1896 1000 filialem.

490 1055 687 1128 Pateruitati
709 1065 823 1128 vestre
846 1055 1009 1127 volumus
1030 1073 1107 1126 esse
1129 1063 1249 1125 notum
1268 1052 1364 1147 quod
1380 1051 1463 1146 quia
1483 1052 1711 1146 crucesignati
1735 1053 1772 1123 iu
1793 1073 1899 1143 reguo

490 1177 688 1252 quciead
701 1199 821 1273 preces
833 1188 866 1250 et
879 1178 1008 1249 monita
1020 1176 1233 1250 celsitudinis
1245 1186 1359 1249 nostre
1370 1198 1481 1269 usque
1494 1176 1541 1249 ad
1554 1174 1752 1271 prefinitum
1766 1185 1901 1271 tempus

490 1311 705 1394 treugarum,
735 1301 898 1374 videlicet
925 1321 947 1372 a
976 1300 1087 1394 primo
1117 1309 1264 1372 venturo
1288 1302 1375 1372 festo
1401 1300 1493 1372 beati
1520 1299 1685 1372 Iohannis
1714 1321 1826 1393 usque
1856 1301 1901 1373 ad

489 1425 666 1518 sequentis
690 1426 771 1497 anni
796 1426 920 1496 festum
938 1407 1152 1518 predictum,
1180 1424 1335 1518 ipsorum
1357 1423 1558 1518 passagium
1581 1423 1808 1511 distulerunt,
1823 1421 1901 1496 ideo

490 1569 553 1622 uos
570 1549 616 1620 ob
636 1549 864 1621 reverentiam
885 1548 987 1619 etiam
1007 1545 1171 1620 Cruciflxi
1194 1549 1294 1640 cujus
1314 1547 1480 1640 obsequio
1497 1546 1603 1620 corda
1622 1568 1687 1621 sua
1704 1556 1740 1619 ct
1761 1569 1901 1642 corpora

490 1672 719 1766 deputarunt,
738 1671 957 1766 promisimus
975 1670 1219 1763 crucesignatis
1235 1669 1366 1743 eisdem
1386 1671 1482 1764 qnod
1502 1671 1596 1766 ipsos
1616 1691 1685 1742 uon
1702 1670 1901 1763 rogabimus

490 1793 537 1868 de
549 1796 788 1890 prorogatione
802 1795 952 1890 passagii
966 1815 1085 1866 eorum
1098 1794 1187 1865 ultra
1201 1794 1386 1865 terminum
1400 1791 1451 1890 (a)
1464 1793 1700 1888 supradictum
1715 1814 1780 1865 uec
1789 1794 1901 1886 rogeri

489 1917 709 2011 aliquatenus
733 1919 922 2012 patiemur;
948 1917 1034 2010 quin
1055 1916 1171 2011 potius
1195 1917 1232 1988 iu
1255 1917 1349 1989 omui
1372 1917 1514 1990 consilio
1536 1925 1571 1989 et
1593 1916 1726 1988 auxilio
1751 1915 1897 2006 efficaci,

490 2039 580 2112 sicut
595 2041 788 2133 specialiter
806 2041 933 2134 negotii
950 2041 1108 2134 meritum
1126 2061 1189 2113 uos
1208 2041 1381 2134 astringit,
1403 2040 1525 2114 adesse
1543 2039 1756 2116 intendimus
1773 2041 1901 2113 transi-

491 2163 593 2254 turis,
613 2163 662 2234 ita
683 2163 779 2256 quod
795 2164 825 2234 si
841 2165 904 2258 qui
920 2184 1039 2235 eorum
1055 2185 1117 2258 per
1135 2184 1280 2257 regnum
1296 2175 1452 2236 nostrum
1468 2165 1611 2236 transire
1626 2163 1818 2251 voluerint,
1839 2185 1901 2237 noe

490 2286 673 2382 specialem
693 2286 730 2357 in
751 2287 946 2360 subsidium
970 2287 1132 2360 transitus
1152 2287 1353 2360 eorumdem
1375 2288 1552 2361 invenient
1575 2287 1786 2380 adjutorem
1810 2297 1844 2362 et
1864 2299 1902 2360 ut

490 2409 575 2504 ipsis
591 2419 731 2481 cautum
748 2431 825 2482 esse
845 2411 971 2484 debeat
988 2411 1033 2484 de
1052 2411 1232 2505 predictis,
1251 2412 1518 2500 literasuostras
1533 2433 1638 2518 aurea
1655 2412 1749 2484 bulla
1769 2411 1900 2507 typario

490 2531 604 2604 nostre
637 2533 822 2623 majestatis
855 2534 1040 2629 impressas
1075 2534 1126 2606 eis
1160 2533 1329 2606 duximus
1364 2534 1596 2627 indulgendas
1628 2556 1690 2630 per
1720 2536 1901 2632 specialem

489 2665 645 2726 nostrum
665 2655 826 2728 nuntium
843 2657 1127 2745 transmittentes,
1148 2666 1182 2729 et
1200 2657 1266 2730 boc
1284 2657 1377 2730 idem
1395 2657 1496 2729 vobis
1514 2679 1574 2752 per
1593 2667 1767 2752 presentes
1786 2667 1902 2732 nostre

489 2777 682 2850 serenitatis
708 2779 825 2873 apices
845 2781 1001 2852 similiter
1021 2800 1125 2851 aurea
1145 2778 1240 2850 bulla
1265 2780 1416 2850 munitas
1434 2779 1601 2852 duximus
1619 2780 1897 2854 describendum.
1920 2773 1923 2780 ’

539 2902 663 2972 llaturn
678 2901 867 2994 Cremona,
885 2904 947 2976 Vll
963 2902 1177 2993 decembris,
1197 2903 1246 2974 ΙΙΙ
1267 2902 1468 2976 indictione.

543 3481 775 3587 FriderieuS,
799 3481 1058 3566 Romanorum
1080 3485 1299 3594 imperator,
1325 3487 1511 3572 universis
1532 3487 1803 3598 crucesignatis
1833 3515 1901 3597 per

490 3641 579 3698 suas
597 3617 782 3724 promittit
799 3615 942 3698 litteras
961 3619 1065 3726 quod
1083 3619 1183 3702 ultra
1202 3621 1360 3729 petitum
1378 3621 1678 3732 prolongationis
1695 3621 1900 3704 terminum

489 3773 554 3832 eos
572 3747 736 3856 amplius
755 3775 833 3832 uon
851 3749 1016 3858 rogabit,
1037 3759 1075 3832 et
1092 3752 1233 3835 auxilio
1252 3752 1393 3836 efficaci
1411 3752 1627 3835 transituris
1645 3753 1778 3836 aderit.

572 3946 693 4026 (Iuedlt.
709 3963 748 4007 ex
762 3947 885 4008 oodlclb.
906 3948 1044 4009 Bibliotb.
1061 3948 1159 4012 Cesar.
1178 3951 1278 4023 Paris,
1296 3960 1329 4010 n·
1344 3959 1420 4026 455,
1436 3949 1528 4030 sunda
1548 3949 1750 4013 Salat-Germ.
1774 3947 1896 4028 Hcrlay,

609 4069 678 4130 pars
690 4054 746 4132 111,
761 4063 794 4112 ιιο
807 4053 977 4132 va11‚n⁰
993 4063 1083 4151 toea,
1096 4054 1262 4135 uocsondc
1277 4053 1361 4124 lotio,
1379 4059 1431 4118 fol.
1448 4067 1504 4118 125
1519 4075 1618 4138 verso,
1634 4065 1664 4119 et
1675 4058 1741 4118 cod.
1755 4067 1831 4119 8390
1847 4057 1898 4118 Bi·

608 4158 714 4219 blloth.
729 4159 923 4220 Mediomout.
946 4159 1028 4221 dom.
1049 4162 1155 4224 Thom.
1170 4163 1309 4240 Phililps,
1325 4181 1393 4240 pars
1404 4163 1464 4238 Ill,
1478 4173 1510 4224 ιι·
1524 4172 1574 4224 70.

538 4338 751 4431 Fredericus,
767 4349 822 4412 etc
826 4395 917 4413 .....
928 4393 939 4432 ,
957 4343 1098 4437 prelatis
1112 4343 1345 4434 ecclesiarum,
1363 4344 1559 4436 comitibus,
1575 4343 1762 4417 baronibus
1775 4353 1810 4416 et
1821 4344 1899 4416 uni·

491 4463 598 4538 versis
610 4464 857 4562 crucesignatis
869 4464 904 4534 in
918 4485 1024 4558 reguo
1036 4465 1178 4540 Francia
1187 4469 1382 4541 constitutis
1397 4469 1542 4542 salutem
1555 4479 1590 4541 et
1600 4491 1663 4564 pro
1675 4467 1793 4540 Crucis
1803 4469 1899 4542 obse

532 4633 573 4714 (a)
596 4634 684 4714 rpua
697 4635 883 4714 samareum
898 4602 1067 4698 truncum.
