4224 5898
504 546 570 606 :tot
1009 549 1227 611 lllllllEillCl
1252 551 1428 612 suctum
1739 551 1819 634 [Aac.
1838 553 1924 614 1239.

504 703 603 770 mus,
633 702 695 776 per
722 703 810 776 quas
835 681 977 776 Sipham
1005 682 1058 781 (t)
1083 694 1199 758 natam
1225 685 1403 780 quondum
1429 683 1657 758 comestabuli
1679 689 1779 780 regni
1802 687 1923 782 Cypri,

504 813 622 877 contra
639 806 865 900 separationis
891 807 1095 879 sententiam
1117 809 1220 881 latam
1246 829 1352 904 super
1367 809 1434 882 boc
1457 829 1520 904 per
1535 809 1768 882 Nicosiensem
1784 811 1926 904 episco-

505 951 603 1024 pum,
618 941 652 1001 et
669 929 715 1002 de
731 951 799 1002 non
818 931 1008 1004 habitando
1024 933 1127 1004 simul
1146 934 1287 1028 prestito
1300 943 1529 1018 sacramento,
1545 933 1710 1006 Balianuo
1723 933 1769 1006 de
1784 936 1926 1008 lbellino

504 1061 539 1126 et
561 1051 744 1152 [Aulidem]
766 1075 915 1126 summm
939 1057 1080 1128 loannis
1098 1057 1144 1129 de
1167 1057 1313 1130 Cesarea
1336 1058 1464 1130 Iacobo
1488 1057 1534 1129 de
1554 1056 1757 1130 Amendolia
1776 1056 1847 1154 (2),
1864 1061 1923 1152 qui

505 1177 601 1269 prius
625 1198 776 1250 sororem
802 1178 912 1273 ipsius
932 1180 1222 1274 desponsaverat,
1252 1179 1489 1276 proditoribus
1513 1181 1658 1269 nostris,
1683 1182 1751 1253 sibi
1775 1183 1949 1254 inviocmr

504 1301 617 1394 gradu
632 1302 730 1374 tertio
742 1303 1040 1397 contingentibus,
1061 1305 1230 1378 concessit
1252 1327 1404 1396 uxores,
1426 1315 1585 1402 percepta
1601 1328 1672 1378 nou
1689 1309 1799 1380 multa
1816 1327 1921 1402 pecu·

505 1424 564 1494 nie
590 1425 809 1518 quantitate:
837 1437 1075 1500 verumtamen
1099 1428 1195 1521 quod
1218 1429 1414 1523 quantitate
1439 1431 1496 1502 vel
1521 1449 1664 1500 numero
1691 1429 1825 1520 deluit,
1850 1430 1921 1502 odii

506 1548 613 1620 nostri
628 1550 777 1642 qualitas
790 1552 1086 1646 exoumpensavit.
1107 1553 1283 1624 Deiectum
1301 1553 1423 1647 itaque
1443 1563 1477 1624 et
1493 1552 1800 1646 prevaricationem
1814 1553 1925 1648 ipsius

506 1672 543 1743 in
556 1673 615 1745 illo
631 1673 787 1745 dolemus
798 1675 894 1768 qnod
911 1686 1029 1748 contra
1044 1699 1107 1749 nos
1125 1677 1259 1749 nobiles
1274 1689 1309 1750 et
1323 1687 1481 1772 potentes
1494 1679 1666 1751 Romanos
1678 1677 1744 1750 sibi
1764 1678 1924 1750 satellitoe

507 1805 543 1867 et
557 1799 705 1870 sauwres
720 1799 891 1892 acquirat,
913 1800 998 1872 dum
1015 1801 1182 1874 effusione
1201 1802 1347 1897 pecunie
1366 1824 1435 1874 non
1450 1811 1644 1887 contentus,
1664 1801 1748 1896 ipsis
1764 1811 1875 1874 castra
1890 1811 1924 1872 et

507 1922 740 2014 possessiones
763 1924 889 1994 sanctis
910 1925 1065 2018 patribus
1086 1926 1273 1998 devotione
1295 1926 1353 2020 pia
1383 1925 1538 1998 fidelium
1564 1926 1709 2013 donata,
1735 1927 1922 1998 itomanam

506 2043 697 2115 Ecclesiam
719 2056 835 2117 nostro
853 2048 1043 2140 patrocinio
1063 2049 1338 2122 commendatam
1369 2047 1611 2142 dilapidando,
1630 2049 1786 2141 largitur.
1806 2050 1926 2143 ltaque

507 2185 577 2236 non
598 2165 741 2238 miretur
757 2168 960 2240 universalis
973 2170 1141 2262 Ecclesia,
1159 2192 1224 2242 neo
1242 2193 1342 2264 reges
1358 2181 1419 2242 aut
1433 2171 1607 2266 principes
1624 2181 1659 2241 et
1672 2171 1791 2266 populi
1811 2171 1924 2242 cbris-

508 2289 608 2375 tiani,
629 2291 740 2362 sinos
762 2292 841 2364 talis
865 2294 1071 2366 sententiam
1091 2295 1220 2385 judicis
1243 2317 1315 2367 non
1331 2315 1513 2381 veremur,
1540 2295 1665 2366 nonin
1690 2303 1922 2387 contemptum

506 2413 639 2508 papalis
652 2414 756 2486 officii
776 2418 832 2488 vel
852 2419 1040 2511 apostolice
1057 2417 1251 2510 dignitatis,
1268 2419 1325 2490 cui
1341 2439 1463 2490 omnes
1485 2416 1678 2490 orthodoxe
1697 2415 1778 2489 fidei
1793 2418 1924 2510 prutes·

506 2558 622 2626 sorec,
643 2546 678 2609 et
700 2559 764 2611 nos
781 2541 978 2634 specialiter
992 2563 1052 2634 pre
1066 2543 1187 2614 ceteris
1204 2544 1352 2614 latemur
1368 2543 1529 2630 subesse,
1546 2539 1610 2614 sed
1628 2561 1774 2636 persone
1795 2561 1922 2635 preva-

506 2661 705 2733 ricationem
728 2664 923 2756 arguimus,
948 2687 1018 2758 qne
1034 2666 1119 2738 solio
1141 2668 1227 2739 tanti
1249 2667 1431 2762 regiminis
1447 2687 1486 2738 se
1504 2665 1709 2737 monstravit
1725 2663 1918 2756 indignam.

508 2785 551 2855 Et
568 2795 608 2854 nt
624 2807 744 2858 omnes
765 2789 926 2880 primates
948 2791 1097 2862 nominis
1119 2790 1295 2862 christiani
1321 2798 1479 2862 sanctum
1498 2789 1699 2861 intentionis
1713 2797 1829 2860 nostre
1845 2807 1923 2880 pro·

509 2909 656 3002 positum
674 2921 707 2981 et
724 2911 857 2982 interne
878 2911 1071 2986 devotionis
1087 2915 1199 2985 uelum
1218 2916 1254 2985 in
1270 2913 1373 2987 nobis
1389 2922 1598 3008 agnoscant,
1616 2921 1651 2984 et
1668 2913 1764 3006 qnod
1779 2933 1849 2983 non
1874 2933 1922 2983 cx

508 3033 581 3104 odii
604 3036 736 3120 fomite,
754 3035 817 3108 sed
832 3057 878 3107 ex
895 3058 999 3108 causa
1010 3039 1199 3129 justissima
1223 3039 1397 3111 Romanus
1413 3037 1574 3132 princeps
1592 3043 1710 3108 contra
1727 3037 1921 3108 Romanurn

508 3157 691 3230 antistitem
706 3173 956 3249 commovetur,
968 3161 1054 3233 dnm
1064 3162 1187 3233 metuit
1199 3183 1243 3233 ne
1252 3182 1340 3252 grex
1351 3161 1549 3234 dominicus
1561 3160 1628 3232 sub
1643 3159 1703 3230 tali
1717 3169 1851 3254 pastore
1860 3179 1922 3253 per

508 3280 610 3353 devia
625 3281 834 3372 deducatur3
850 3305 931 3356 ecce
946 3285 1041 3378 quod
1060 3295 1275 3358 sacrosancte
1293 3286 1447 3358 Romane
1467 3284 1619 3355 Ecclesia
1635 3281 1843 3372 cardinales,
1859 3303 1922 3376 per

506 3407 710 3498 sanguinem
732 3409 813 3479 lesu
829 3407 969 3497 Christi,
990 3408 1056 3480 sub
1074 3410 1287 3481 attestatione
1301 3407 1416 3480 divini
1428 3405 1554 3500 judicii
1568 3427 1631 3500 per
1645 3405 1775 3476 litteras
1787 3412 1921 3476 nostras

507 3539 542 3600 et
569 3530 716 3602 nuncios
743 3531 983 3621 obsecramus,
1013 3541 1052 3603 ut
1076 3531 1237 3625 generale
1266 3530 1451 3603 concilium
1479 3529 1687 3624 prelatorum
1713 3537 1748 3600 et
1773 3527 1918 3598 aliorum

506 3653 628 3724 Christi
652 3651 806 3725 fidelium
836 3654 984 3726 debeant
1014 3675 1178 3746 evocare,
1205 3654 1342 3726 nunciis
1368 3653 1552 3726 nostriset
1579 3653 1790 3746 reliquorum
1815 3651 1920 3744 priu-

506 3776 625 3871 cipum
650 3777 840 3864 accersitis,
871 3778 907 3847 in
936 3799 1084 3870 quorum
1117 3778 1289 3872 presentia
1314 3798 1378 3850 nos
1406 3777 1474 3872 ipsi
1500 3785 1675 3870 presentes
1703 3781 1826 3846 cuncta
1849 3793 1920 3866 que

506 3898 662 3970 diximus
680 3921 801 3970 sumus
829 3899 1009 3972 ostendere
1036 3910 1072 3972 et
1097 3901 1242 3995 probaro
1267 3901 1398 3994 parati,
1414 3908 1450 3971 ct
1473 3899 1528 3970 bis
1549 3899 1653 3970 utiam
1675 3897 1829 3969 duriora.
1848 3895 1919 3967 Nec

508 4023 623 4093 minus
638 4023 695 4094 illa
708 4023 877 4116 probabili
891 4023 1022 4096 ratione
1040 4024 1220 4096 turbamur
1235 4024 1330 4118 quod
1347 4024 1414 4095 iste
1432 4031 1542 4096 rector
1553 4022 1723 4112 Ecclesia,
1740 4020 1801 4114 qui
1815 4017 1919 4092 debet

542 4267 578 4338 (t)
596 4265 701 4323 Scilicet
711 4265 841 4337 Esubive,
854 4265 982 4323 Gnaltarii
994 4267 1028 4324 da
1040 4267 1247 4326 blontebsliurdo
1262 4267 1339 4340 regni
1351 4266 1595 4336 Hierosolimitani,
1607 4281 1661 4322 non
1676 4271 1767 4321 muron
1779 4262 1862 4336 Cypri
1872 4275 1916 4318 co

507 4363 820 4534 mddtlaldlddlidldldoopoa
830 4459 862 4516 dc
874 4458 1127 4532 camaeleontis
1137 4459 1368 4532 dolationdcltc,
1379 4459 1461 4516 latino
1472 4459 1560 4518 dictus
1570 4455 1798 4526 dodmoadoleto,
1810 4457 1916 4511 Amou-

506 4557 594 4614 dolcto
609 4558 667 4615 sive
687 4558 768 4616 etiam
784 4557 815 4613 dc
832 4557 995 4631 Amppclalo.
1012 4560 1108 4616 Totum
1127 4559 1198 4616 bunc
1215 4559 1304 4614 locum
1322 4557 1399 4616 luade
1417 4563 1575 4630 corruptam
1591 4556 1731 4612 restituere
1747 4552 1914 4620 curarimus,

504 4655 794 4726 collimitanearum,
808 4657 889 4712 litat.
902 4653 933 4710 dc
946 4654 999 4711 tlte
1013 4653 1045 4712 do
1059 4655 1173 4728 bepn,
1186 4661 1205 4711 t.
1217 4655 1249 4726 ll,
1266 4669 1295 4728 p.
1309 4657 1343 4712 62
1356 4659 1385 4711 ot
1397 4658 1454 4710 not.
1470 4651 1537 4710 ibid.
