4278 5920
463 475 523 552 1ls
960 493 1174 554 rnrunnrcr
1195 491 1368 554 sncuuur
1685 488 1866 568 [uerear.

460 624 506 696 sit
521 623 578 694 vir
592 624 822 715 sanguinum,
845 647 915 698 non
933 641 1113 720 paraverat
1126 650 1186 701 eos
1204 629 1240 698 in
1256 624 1426 718 sanguine
1441 623 1557 695 calicis
1570 623 1756 695 exhaurire
1775 651 1784 694 :
1805 623 1866 696 sed

459 747 544 841 qnia
565 747 753 818 leviathan
766 748 827 819 lilii
846 760 1052 822 execrantur
1074 752 1321 824 contumaciter
1343 749 1491 821 verbum
1504 747 1584 836 Dei,
1605 749 1790 818 noluerunt
1805 769 1866 820 ac·

458 869 656 964 quiescere,
682 871 746 943 sed
775 871 1030 944 invalescebant
1058 895 1178 946 eornm
1209 894 1332 964 voces,
1357 881 1392 944 et
1419 868 1643 943 vociferando
1673 869 1862 942 dicebant:

463 1021 482 1062 a
500 995 751 1086 Perseqnamnr
768 1016 847 1084 eos,
862 997 945 1089 quia
959 997 1068 1090 spolia
1088 997 1288 1092 partiemur.
1308 1021 1326 1064 r
1342 995 1468 1088 Sisque
1482 993 1644 1066 dominns
1662 993 1861 1088 imperator,

460 1117 517 1188 cni
538 1115 583 1189 de
598 1117 671 1188 celo
695 1115 836 1190 victorio
857 1117 1108 1209 ministrantur,
1127 1119 1313 1214 assumpsit
1329 1139 1446 1189 secum
1469 1125 1604 1187 scutum
1623 1115 1705 1187 belli
1727 1126 1762 1188 et
1785 1116 1865 1208 gla-

458 1240 570 1330 dium,
586 1250 621 1313 et
633 1241 766 1312 itineris
783 1241 837 1312 sui
854 1243 1014 1314 comitem
1033 1244 1194 1335 angelum
1208 1242 1344 1314 Domini
1357 1241 1574 1313 exercituum
1586 1239 1720 1311 habens
1733 1263 1860 1328 secum,

458 1365 600 1438 loricam
623 1363 754 1456 induit,
779 1365 869 1436 sicut
891 1367 990 1460 gigas
1007 1393 1016 1437 ε
1035 1376 1070 1438 et
1086 1367 1232 1459 prelium
1247 1365 1325 1436 iniit
1342 1386 1461 1436 secum
1477 1363 1610 1434 habens
1627 1363 1725 1456 regni
1741 1364 1862 1436 milites

458 1499 493 1562 et
518 1510 647 1584 pancos
678 1489 923 1574 Thentonioos,
954 1501 988 1561 st
1011 1489 1181 1584 quosdam
1209 1488 1437 1578 lombardos,
1465 1509 1554 1582 quos
1579 1487 1616 1557 in
1645 1485 1863 1580 expeditione

459 1612 559 1686 ducis
575 1613 694 1686 militie
709 1615 760 1708 (l)
777 1614 966 1708 contigerat
989 1615 1221 1688 remansisse:
1242 1636 1284 1710 ac
1306 1612 1392 1686 dum
1410 1612 1479 1684 viri
1500 1613 1604 1684 fortes
1628 1623 1664 1683 et
1685 1634 1766 1684 cnm
1787 1613 1862 1683 lorti

457 1737 614 1833 principe
628 1737 793 1809 intrarent
805 1737 950 1827 bellum,
971 1739 1253 1810 exclamaverunt
1268 1739 1379 1825 tubis,
1395 1747 1430 1808 et
1444 1734 1562 1807 andita
1574 1744 1627 1807 est
1642 1756 1714 1807 vox
1725 1735 1862 1808 tonitrui

457 1871 494 1933 et
513 1861 664 1953 stuporis
685 1857 856 1955 :ullugel
876 1857 986 1954 eugel
1003 1861 1049 1933 ad
1066 1861 1337 1934 Mediolanenses
1352 1859 1498 1953 impiger
1510 1857 1636 1931 advola
1654 1857 1858 1930 Friderice.»

457 1985 535 2069 Quo
551 1983 692 2070 audito,
709 1982 973 2056 Mediolanensis
991 1985 1193 2077 protervitas
1216 1987 1331 2058 statim
1356 1987 1420 2056 init
1437 1984 1642 2080 perterrita:
1663 1985 1862 2078 compagnie

457 2106 644 2202 projiciunt
657 2107 820 2196 cimbala,
843 2117 984 2180 sumunt
1000 2131 1094 2181 arma
1113 2137 1122 2180 :
1142 2121 1177 2182 et
1200 2110 1286 2183 dum
1308 2110 1499 2182 atrementi
1520 2108 1704 2200 cujuslibet
1721 2108 1862 2180 dentem

456 2231 595 2303 retineri
611 2230 675 2302 vix
699 2240 832 2324 poterat
850 2232 1007 2325 gladius,
1025 2234 1170 2326 quilibet
1187 2243 1306 2306 mutus
1326 2235 1362 2305 in
1377 2254 1441 2305 sno
1461 2242 1597 2327 pectore
1619 2233 1740 2304 tacitos
1761 2233 1863 2305 vertit

455 2364 599 2449 questus
617 2379 626 2423 :
641 2355 767 2426 «flent
783 2350 870 2426 hen!
893 2355 1007 2428 anime
1023 2367 1165 2431 nostre:
1187 2359 1274 2452 qnid
1291 2359 1342 2430 sic
1356 2365 1495 2451 torques
1507 2380 1570 2430 nos
1588 2357 1710 2428 acriter
1720 2367 1817 2429 atrox
1827 2368 1861 2429 et

454 2477 769 2550 immisericorditer
780 2478 1021 2551 immisericors
1033 2481 1245 2553 Fridericc'ln
1255 2483 1309 2552 Fit
1322 2483 1450 2552 clamor
1462 2479 1508 2553 ad
1524 2481 1649 2575 sydera
1665 2483 1781 2552 :nVel
1798 2479 1856 2553 ve!

453 2601 517 2672 tibi
543 2603 668 2673 misera
689 2601 906 2675 lombardia.
925 2629 943 2672 »
963 2605 1058 2689 Quid
1079 2607 1200 2700 plural
1223 2615 1392 2677 mactetur
1415 2627 1542 2694 senex,
1572 2627 1657 2699 puer
1677 2603 1857 2699 diripitur,

449 2725 591 2818 juvenis
616 2734 654 2795 nt
674 2725 803 2796 vitulus
827 2729 1043 2821 immolatur,
1065 2729 1179 2823 campi
1199 2729 1403 2802 madescunt
1419 2729 1605 2824 sanguine,
1630 2751 1672 2800 ac
1695 2730 1860 2802 interlec-

453 2859 565 2922 torum
583 2849 777 2922 exuberant
790 2851 958 2925 ubertate.

652 3051 750 3128 Quam
762 3053 840 3114 male
853 3056 1063 3132 signatam,
1078 3053 1151 3115 beul
1164 3071 1255 3134 qnam
1268 3054 1343 3116 bene
1356 3057 1496 3116 sternitur
1507 3056 1620 3118 hostis?

501 3229 598 3303 Certe
619 3231 782 3303 Fr'iderici
807 3233 945 3324 gladius
960 3234 1080 3307 cedem
1101 3235 1219 3307 sitiens
1241 3235 1355 3307 haurit
1376 3233 1599 3327 sanguinem,
1622 3245 1723 3309 vorat
1738 3259 1859 3310 carnes

452 3361 487 3425 et
510 3350 594 3424 dum
614 3354 752 3426 incante
769 3357 907 3428 rebellis
921 3359 1112 3448 extollitur,
1131 3361 1206 3450 ejus
1231 3369 1331 3431 cante
1354 3361 1567 3432 contumacia
1585 3359 1802 3454 profligatur,
1823 3369 1858 3432 et

452 3475 502 3548 sic
518 3477 679 3572 princeps
699 3479 845 3551 audacie
870 3481 1007 3553 seviens
1031 3483 1067 3552 in
1091 3481 1301 3554 lombardos
1319 3483 1490 3556 subvertit
1506 3493 1599 3554 rotas
1615 3504 1797 3570 curruum,
1822 3493 1857 3554 et

451 3599 641 3672 inebriatus
657 3611 710 3674 est
731 3602 869 3694 gladius
889 3604 1059 3696 sangnine
1074 3605 1281 3689 occisorum;
1298 3606 1380 3698 qnia
1405 3605 1490 3677 dnm
1508 3605 1643 3676 rebellis
1670 3605 1770 3676 turba
1794 3604 1856 3676 de·

451 3722 627 3816 primitur,
651 3724 737 3796 alios
752 3747 843 3796 mors
862 3725 1006 3818 deglutit
1023 3748 1084 3821 per
1099 3727 1272 3820 gladium,
1293 3738 1328 3800 et
1341 3731 1540 3800 innumeros
1558 3737 1677 3800 catena
1690 3727 1855 3800 acerbitas

450 3846 588 3939 stringit
611 3856 646 3920 et
666 3848 787 3942 religat
804 3850 906 3940 juxta
931 3851 1070 3922 collum.
1096 3850 1223 3923 Currus
1246 3851 1409 3946 equidem
1434 3852 1716 3938 Mediolanensis,
1737 3873 1855 3923 currus

451 3968 575 4061 glorie,
592 3969 830 4042 miserabiliter
844 3973 992 4066 capitur,
1010 3983 1045 4045 et
1058 3996 1128 4046 una
1143 3997 1223 4046 cum
1238 3975 1309 4047 filio
1326 3975 1426 4048 ducis
1438 3975 1670 4062 venetiarum,
1687 3975 1855 4046 Mediola-

451 4089 642 4162 lanensium
670 4101 856 4186 potestate,
877 4096 1021 4188 turpiter
1044 4097 1254 4190 captivatum
1278 4099 1337 4190 qui
1368 4121 1447 4169 oum
1472 4107 1561 4171 esset
1585 4097 1730 4192 stipatus
1748 4097 1864 4168 multo'

450 4213 571 4303 milite,
594 4215 760 4288 llnctnare
777 4217 874 4289 visus
893 4229 944 4290 est
967 4220 1187 4313 postmodum
1201 4220 1297 4293 nuda
1316 4230 1424 4310 crate;
1443 4244 1547 4316 quem
1565 4221 1686 4293 habuit
1698 4221 1856 4315 princeps

486 4501 522 4571 (l)
540 4500 662 4557 Forsitan
677 4501 875 4575 intelligendum
887 4505 920 4562 de
933 4506 1041 4564 Ecelino
1058 4507 1093 4564 de
1108 4506 1227 4563 Romano
1243 4523 1324 4580 quem
1346 4507 1500 4580 triumphali
1516 4523 1565 4564 suo
1586 4505 1656 4581 stylo
1673 4505 1764 4563 decern
1780 4503 1854 4561 rnili-

451 4599 507 4654 tioe
519 4598 614 4657 Petrus
626 4599 660 4657 de
674 4600 759 4658 Vinea
772 4602 896 4658 intitulat.
